<?xml version="1.0" encoding="UTF-8"?>
<!DOCTYPE html PUBLIC "-//W3C//DTD XHTML 1.0 Transitional//EN"
    "http://www.w3.org/TR/xhtml1/DTD/xhtml1-transitional.dtd">
<html xmlns="http://www.w3.org/1999/xhtml" xml:lang="en" lang="en">
 <head>
  <title>
</title>
<meta http-equiv="Content-Type" content="text/html;charset=utf-8" />
  <meta name='ocr-system' content='tesseract 3.04.00' />
  <meta name='ocr-capabilities' content='ocr_page ocr_carea ocr_par ocr_line ocrx_word'/>
</head>
<body>
  <div class='ocr_page' id='page_1' title='image "./mediiaevibiblio02horogoog_0209.png"; bbox 0 0 3794 6166; ppageno 0'>
   <div class='ocr_carea' id='block_1_1' title="bbox 161 268 1821 385">
    <p class='ocr_par' dir='ltr' id='par_1_1' title="bbox 161 268 1821 385">
     <span class='ocr_line' id='line_1_1' title="bbox 161 268 1821 385; baseline -0.004 0"><span class='ocrx_word' id='word_1_1' title='bbox 161 322 222 385; x_wconf 84' lang='lat' dir='ltr'>au</span> <span class='ocrx_word' id='word_1_2' title='bbox 630 316 807 379; x_wconf 82' lang='lat' dir='ltr'>nononn</span> <span class='ocrx_word' id='word_1_3' title='bbox 827 318 873 379; x_wconf 87' lang='grc' dir='ltr'>ιιι</span> <span class='ocrx_word' id='word_1_4' title='bbox 895 268 1044 381; x_wconf 77' lang='lat' dir='ltr'>ornan.</span> <span class='ocrx_word' id='word_1_5' title='bbox 1060 348 1099 363; x_wconf 94' lang='lat'>-</span> <span class='ocrx_word' id='word_1_6' title='bbox 1113 318 1346 383; x_wconf 76' lang='lat' dir='ltr'>canaonas.</span> <span class='ocrx_word' id='word_1_7' title='bbox 1708 324 1715 335; x_wconf 94' lang='lat'>·</span> <span class='ocrx_word' id='word_1_8' title='bbox 1756 319 1821 379; x_wconf 70' lang='lat' dir='ltr'>aaa</span> 
     </span>
    </p>
   </div>
   <div class='ocr_carea' id='block_1_2' title="bbox 161 462 1824 1247">
    <p class='ocr_par' dir='ltr' id='par_1_2' title="bbox 161 462 1824 1247">
     <span class='ocr_line' id='line_1_2' title="bbox 163 462 1822 555; baseline -0.004 -11"><span class='ocrx_word' id='word_1_9' title='bbox 163 482 261 554; x_wconf 89' lang='lat' dir='ltr'>idest,</span> <span class='ocrx_word' id='word_1_10' title='bbox 278 479 311 543; x_wconf 90' lang='lat' dir='ltr'>in</span> <span class='ocrx_word' id='word_1_11' title='bbox 324 476 554 541; x_wconf 82' lang='lat' dir='ltr'>mansionibus</span> <span class='ocrx_word' id='word_1_12' title='bbox 570 479 732 555; x_wconf 75' lang='lat' dir='ltr'>quaesunt</span> <span class='ocrx_word' id='word_1_13' title='bbox 746 476 888 540; x_wconf 90' lang='lat' dir='ltr'>indomo</span> <span class='ocrx_word' id='word_1_14' title='bbox 901 479 962 538; x_wconf 92' lang='lat' dir='ltr'>Pa·</span> <span class='ocrx_word' id='word_1_15' title='bbox 1014 478 1125 540; x_wconf 87' lang='lat' dir='ltr'>cordis</span> <span class='ocrx_word' id='word_1_16' title='bbox 1156 462 1356 542; x_wconf 67' lang='lat' dir='ltr'><strong>contritione</strong></span> <span class='ocrx_word' id='word_1_17' title='bbox 1381 478 1495 541; x_wconf 90' lang='lat' dir='ltr'>anima</span> <span class='ocrx_word' id='word_1_18' title='bbox 1519 479 1674 552; x_wconf 65' lang='lat' dir='ltr'>lavatum</span> <span class='ocrx_word' id='word_1_19' title='bbox 1692 478 1728 539; x_wconf 91' lang='lat' dir='ltr'>in</span> <span class='ocrx_word' id='word_1_20' title='bbox 1751 477 1822 539; x_wconf 91' lang='lat' dir='ltr'>oris</span> 
     </span>
     <span class='ocr_line' id='line_1_3' title="bbox 163 575 1824 655; baseline -0.004 -13"><span class='ocrx_word' id='word_1_21' title='bbox 163 580 237 652; x_wconf 91' lang='lat' dir='ltr'>tris,</span> <span class='ocrx_word' id='word_1_22' title='bbox 262 579 350 639; x_wconf 88' lang='lat' dir='ltr'>idest</span> <span class='ocrx_word' id='word_1_23' title='bbox 380 577 413 637; x_wconf 96' lang='lat' dir='ltr'>in</span> <span class='ocrx_word' id='word_1_24' title='bbox 443 576 569 638; x_wconf 74' lang='lat' dir='ltr'>aterna</span> <span class='ocrx_word' id='word_1_25' title='bbox 595 575 821 637; x_wconf 87' lang='lat' dir='ltr'>tabernacula.</span> <span class='ocrx_word' id='word_1_26' title='bbox 852 578 961 637; x_wconf 82' lang='lat' dir='ltr'>Malos</span> <span class='ocrx_word' id='word_1_27' title='bbox 1015 576 1224 638; x_wconf 79' lang='lat' dir='ltr'>confessione</span> <span class='ocrx_word' id='word_1_28' title='bbox 1248 594 1346 655; x_wconf 89' lang='lat' dir='ltr'>poena</span> <span class='ocrx_word' id='word_1_29' title='bbox 1367 577 1577 638; x_wconf 84' lang='lat' dir='ltr'>modificatur</span> <span class='ocrx_word' id='word_1_30' title='bbox 1598 577 1631 637; x_wconf 90' lang='lat' dir='ltr'>et</span> <span class='ocrx_word' id='word_1_31' title='bbox 1651 579 1824 652; x_wconf 89' lang='lat' dir='ltr'>tempera-</span> 
     </span>
     <span class='ocr_line' id='line_1_4' title="bbox 162 672 1824 751; baseline -0.002 -12"><span class='ocrx_word' id='word_1_32' title='bbox 162 679 281 739; x_wconf 76' lang='lat' dir='ltr'>aatem</span> <span class='ocrx_word' id='word_1_33' title='bbox 309 678 407 751; x_wconf 79' lang='lat' dir='ltr'>saras</span> <span class='ocrx_word' id='word_1_34' title='bbox 425 674 609 745; x_wconf 74' lang='lat' dir='ltr'>miserant,</span> <span class='ocrx_word' id='word_1_35' title='bbox 624 673 721 745; x_wconf 89' lang='lat' dir='ltr'>idest,</span> <span class='ocrx_word' id='word_1_36' title='bbox 749 673 784 734; x_wconf 92' lang='lat' dir='ltr'>in</span> <span class='ocrx_word' id='word_1_37' title='bbox 804 672 960 734; x_wconf 83' lang='lat' dir='ltr'>tenebras</span> <span class='ocrx_word' id='word_1_38' title='bbox 1015 673 1089 748; x_wconf 84' lang='lat' dir='ltr'>tur3</span> <span class='ocrx_word' id='word_1_39' title='bbox 1105 673 1141 733; x_wconf 93' lang='lat' dir='ltr'>in</span> <span class='ocrx_word' id='word_1_40' title='bbox 1162 676 1272 750; x_wconf 89' lang='lat' dir='ltr'>operis</span> <span class='ocrx_word' id='word_1_41' title='bbox 1296 674 1523 735; x_wconf 82' lang='lat' dir='ltr'><strong>satisfactione</strong></span> <span class='ocrx_word' id='word_1_42' title='bbox 1539 673 1672 750; x_wconf 88' lang='lat' dir='ltr'>penitus</span> <span class='ocrx_word' id='word_1_43' title='bbox 1690 672 1824 735; x_wconf 88' lang='lat' dir='ltr'>relaxa·</span> 
     </span>
     <span class='ocr_line' id='line_1_5' title="bbox 163 770 1824 847; baseline -0.003 -11"><span class='ocrx_word' id='word_1_44' title='bbox 163 774 359 843; x_wconf 68' lang='lat' dir='ltr'>exteriores,</span> <span class='ocrx_word' id='word_1_45' title='bbox 374 771 469 842; x_wconf 89' lang='lat' dir='ltr'>idest,</span> <span class='ocrx_word' id='word_1_46' title='bbox 487 770 521 831; x_wconf 93' lang='lat' dir='ltr'>in</span> <span class='ocrx_word' id='word_1_47' title='bbox 545 770 723 832; x_wconf 85' lang='lat' dir='ltr'>internum.</span> <span class='ocrx_word' id='word_1_48' title='bbox 743 771 835 832; x_wconf 86' lang='lat' dir='ltr'>Unde</span> <span class='ocrx_word' id='word_1_49' title='bbox 858 772 963 832; x_wconf 79' lang='lat' dir='ltr'>toan·</span> <span class='ocrx_word' id='word_1_50' title='bbox 1016 772 1082 831; x_wconf 90' lang='lat' dir='ltr'>tur.</span> <span class='ocrx_word' id='word_1_51' title='bbox 1099 770 1133 830; x_wconf 91' lang='lat' dir='ltr'>ln</span> <span class='ocrx_word' id='word_1_52' title='bbox 1146 771 1253 847; x_wconf 94' lang='lat' dir='ltr'>primo</span> <span class='ocrx_word' id='word_1_53' title='bbox 1269 774 1414 832; x_wconf 84' lang='lat' dir='ltr'>Lazarus</span> <span class='ocrx_word' id='word_1_54' title='bbox 1429 772 1464 831; x_wconf 93' lang='lat' dir='ltr'>in</span> <span class='ocrx_word' id='word_1_55' title='bbox 1480 772 1696 832; x_wconf 90' lang='lat' dir='ltr'>monumento</span> <span class='ocrx_word' id='word_1_56' title='bbox 1711 786 1824 831; x_wconf 87' lang='lat' dir='ltr'>resur·</span> 
     </span>
     <span class='ocr_line' id='line_1_6' title="bbox 164 867 1820 947; baseline -0.003 -14"><span class='ocrx_word' id='word_1_57' title='bbox 164 886 224 933; x_wconf 88' lang='lat' dir='ltr'>nes</span> <span class='ocrx_word' id='word_1_58' title='bbox 234 869 382 947; x_wconf 82' lang='lat' dir='ltr'>Baptista</span> <span class='ocrx_word' id='word_1_59' title='bbox 399 891 407 929; x_wconf 75' lang='grc' dir='ltr'>ι</span> <span class='ocrx_word' id='word_1_60' title='bbox 424 872 529 944; x_wconf 66' lang='lat' dir='ltr'>Cedias</span> <span class='ocrx_word' id='word_1_61' title='bbox 545 869 776 931; x_wconf 70' lang='lat' dir='ltr'>ventilabrum</span> <span class='ocrx_word' id='word_1_62' title='bbox 796 872 833 929; x_wconf 82' lang='lat' dir='ltr'>tn</span> <span class='ocrx_word' id='word_1_63' title='bbox 855 882 962 928; x_wconf 76' lang='lat' dir='ltr'>maara</span> <span class='ocrx_word' id='word_1_64' title='bbox 1015 867 1079 943; x_wconf 82' lang='lat' dir='ltr'>git3</span> <span class='ocrx_word' id='word_1_65' title='bbox 1097 868 1131 928; x_wconf 93' lang='lat' dir='ltr'>in</span> <span class='ocrx_word' id='word_1_66' title='bbox 1147 869 1292 930; x_wconf 90' lang='lat' dir='ltr'>secundo</span> <span class='ocrx_word' id='word_1_67' title='bbox 1304 870 1344 930; x_wconf 93' lang='lat' dir='ltr'>de</span> <span class='ocrx_word' id='word_1_68' title='bbox 1363 870 1575 929; x_wconf 90' lang='lat' dir='ltr'>monumento</span> <span class='ocrx_word' id='word_1_69' title='bbox 1592 867 1682 928; x_wconf 85' lang='lat' dir='ltr'>toras</span> <span class='ocrx_word' id='word_1_70' title='bbox 1693 868 1820 945; x_wconf 78' lang='lat' dir='ltr'>prodit3</span> 
     </span>
     <span class='ocr_line' id='line_1_7' title="bbox 162 964 1822 1042; baseline -0.005 -9"><span class='ocrx_word' id='word_1_71' title='bbox 162 984 229 1033; x_wconf 74' lang='lat' dir='ltr'>crta</span> <span class='ocrx_word' id='word_1_72' title='bbox 250 969 314 1039; x_wconf 82' lang='lat' dir='ltr'>cst,</span> <span class='ocrx_word' id='word_1_73' title='bbox 331 968 364 1029; x_wconf 89' lang='lat' dir='ltr'>et</span> <span class='ocrx_word' id='word_1_74' title='bbox 382 967 628 1042; x_wconf 77' lang='lat' dir='ltr'>permundabit</span> <span class='ocrx_word' id='word_1_75' title='bbox 649 981 772 1028; x_wconf 85' lang='lat' dir='ltr'>aream</span> <span class='ocrx_word' id='word_1_76' title='bbox 793 981 906 1038; x_wconf 66' lang='lat' dir='ltr'>mm,</span> <span class='ocrx_word' id='word_1_77' title='bbox 928 965 962 1026; x_wconf 88' lang='lat' dir='ltr'>et</span> <span class='ocrx_word' id='word_1_78' title='bbox 1016 965 1052 1024; x_wconf 92' lang='lat' dir='ltr'>iu</span> <span class='ocrx_word' id='word_1_79' title='bbox 1082 965 1181 1026; x_wconf 90' lang='lat' dir='ltr'>tertio</span> <span class='ocrx_word' id='word_1_80' title='bbox 1215 981 1275 1042; x_wconf 90' lang='lat' dir='ltr'>per</span> <span class='ocrx_word' id='word_1_81' title='bbox 1302 965 1492 1042; x_wconf 82' lang='lat' dir='ltr'>Apostolos,</span> <span class='ocrx_word' id='word_1_82' title='bbox 1518 964 1672 1036; x_wconf 82' lang='lat' dir='ltr'>vincula,</span> <span class='ocrx_word' id='word_1_83' title='bbox 1702 964 1822 1040; x_wconf 90' lang='lat' dir='ltr'>quibus</span> 
     </span>
     <span class='ocr_line' id='line_1_8' title="bbox 161 1062 1822 1143; baseline -0.004 -15"><span class='ocrx_word' id='word_1_84' title='bbox 161 1065 381 1143; x_wconf 78' lang='lat' dir='ltr'>corrprcpabit</span> <span class='ocrx_word' id='word_1_85' title='bbox 405 1064 563 1125; x_wconf 78' lang='lat' dir='ltr'>triticam</span> <span class='ocrx_word' id='word_1_86' title='bbox 589 1067 628 1125; x_wconf 81' lang='lat' dir='ltr'>ta</span> <span class='ocrx_word' id='word_1_87' title='bbox 649 1067 816 1125; x_wconf 80' lang='lat' dir='ltr'>borreum</span> <span class='ocrx_word' id='word_1_88' title='bbox 846 1078 959 1133; x_wconf 78' lang='lat' dir='ltr'>sarem,</span> <span class='ocrx_word' id='word_1_89' title='bbox 1017 1062 1140 1138; x_wconf 88' lang='lat' dir='ltr'>ligatus</span> <span class='ocrx_word' id='word_1_90' title='bbox 1166 1064 1249 1134; x_wconf 87' lang='lat' dir='ltr'>erat,</span> <span class='ocrx_word' id='word_1_91' title='bbox 1271 1063 1416 1139; x_wconf 86' lang='lat' dir='ltr'>deponit.</span> <span class='ocrx_word' id='word_1_92' title='bbox 1436 1065 1473 1123; x_wconf 93' lang='lat' dir='ltr'>In</span> <span class='ocrx_word' id='word_1_93' title='bbox 1500 1062 1608 1138; x_wconf 91' lang='lat' dir='ltr'>primo</span> <span class='ocrx_word' id='word_1_94' title='bbox 1637 1077 1657 1121; x_wconf 92' lang='lat' dir='ltr'>a</span> <span class='ocrx_word' id='word_1_95' title='bbox 1680 1062 1822 1122; x_wconf 90' lang='lat' dir='ltr'>Domino</span> 
     </span>
     <span class='ocr_line' id='line_1_9' title="bbox 161 1160 1823 1247; baseline -0.004 -21"><span class='ocrx_word' id='word_1_96' title='bbox 161 1164 411 1241; x_wconf 80' lang='lat' dir='ltr'>pateasaatem</span> <span class='ocrx_word' id='word_1_97' title='bbox 426 1163 600 1223; x_wconf 83' lang='lat' dir='ltr'>comburet</span> <span class='ocrx_word' id='word_1_98' title='bbox 615 1164 695 1237; x_wconf 77' lang='lat' dir='ltr'>iane</span> <span class='ocrx_word' id='word_1_99' title='bbox 708 1161 963 1234; x_wconf 71' lang='lat' dir='ltr'>teneatinautbtti</span> <span class='ocrx_word' id='word_1_100' title='bbox 1017 1161 1142 1247; x_wconf 89' lang='lat' dir='ltr'>leprosi</span> <span class='ocrx_word' id='word_1_101' title='bbox 1168 1163 1339 1222; x_wconf 86' lang='lat' dir='ltr'>curantur.</span> <span class='ocrx_word' id='word_1_102' title='bbox 1360 1163 1398 1221; x_wconf 93' lang='lat' dir='ltr'>In</span> <span class='ocrx_word' id='word_1_103' title='bbox 1422 1160 1568 1221; x_wconf 90' lang='lat' dir='ltr'>secundo</span> <span class='ocrx_word' id='word_1_104' title='bbox 1591 1160 1627 1220; x_wconf 90' lang='lat' dir='ltr'>ut</span> <span class='ocrx_word' id='word_1_105' title='bbox 1646 1160 1823 1221; x_wconf 88' lang='lat' dir='ltr'>ostendant</span> 
     </span>
    </p>
   </div>
   <div class='ocr_carea' id='block_1_3' title="bbox 42 1256 1822 1341">
    <p class='ocr_par' dir='ltr' id='par_1_3' title="bbox 42 1256 1822 1341">
     <span class='ocr_line' id='line_1_10' title="bbox 42 1256 1822 1341; baseline -0.004 -18"><span class='ocrx_word' id='word_1_106' title='bbox 42 1328 46 1341; x_wconf 34' lang='lat'><strong>¹</strong></span> <span class='ocrx_word' id='word_1_107' title='bbox 166 1260 297 1340; x_wconf 77' lang='lat' dir='ltr'>(matth.</span> <span class='ocrx_word' id='word_1_108' title='bbox 324 1276 373 1331; x_wconf 90' lang='grc' dir='ltr'>ιιι,</span> <span class='ocrx_word' id='word_1_109' title='bbox 400 1257 464 1338; x_wconf 78' lang='lat'>12).</span> <span class='ocrx_word' id='word_1_110' title='bbox 489 1256 718 1320; x_wconf 76' lang='lat' dir='ltr'>ventilabrum</span> <span class='ocrx_word' id='word_1_111' title='bbox 747 1258 797 1319; x_wconf 90' lang='lat' dir='ltr'>est</span> <span class='ocrx_word' id='word_1_112' title='bbox 820 1272 962 1319; x_wconf 84' lang='lat' dir='ltr'>examen</span> <span class='ocrx_word' id='word_1_113' title='bbox 1017 1276 1053 1320; x_wconf 89' lang='lat' dir='ltr'>se</span> <span class='ocrx_word' id='word_1_114' title='bbox 1067 1257 1311 1329; x_wconf 87' lang='lat' dir='ltr'>sacerdotibus,</span> <span class='ocrx_word' id='word_1_115' title='bbox 1330 1257 1583 1319; x_wconf 88' lang='lat' dir='ltr'>demandantur.</span> <span class='ocrx_word' id='word_1_116' title='bbox 1606 1260 1643 1317; x_wconf 90' lang='lat' dir='ltr'>ln</span> <span class='ocrx_word' id='word_1_117' title='bbox 1663 1258 1765 1319; x_wconf 90' lang='lat' dir='ltr'>tertio</span> <span class='ocrx_word' id='word_1_118' title='bbox 1781 1257 1822 1318; x_wconf 91' lang='lat' dir='ltr'>ad</span> 
     </span>
    </p>
   </div>
   <div class='ocr_carea' id='block_1_4' title="bbox 163 1353 1839 5730">
    <p class='ocr_par' dir='ltr' id='par_1_4' title="bbox 163 1353 1839 5730">
     <span class='ocr_line' id='line_1_11' title="bbox 164 1353 1821 1435; baseline -0.005 -14"><span class='ocrx_word' id='word_1_119' title='bbox 164 1357 308 1421; x_wconf 91' lang='lat' dir='ltr'>districti</span> <span class='ocrx_word' id='word_1_120' title='bbox 318 1357 450 1435; x_wconf 71' lang='lat' dir='ltr'>iudicii,</span> <span class='ocrx_word' id='word_1_121' title='bbox 466 1357 553 1433; x_wconf 86' lang='lat' dir='ltr'>quod</span> <span class='ocrx_word' id='word_1_122' title='bbox 569 1358 619 1417; x_wconf 90' lang='lat' dir='ltr'>est</span> <span class='ocrx_word' id='word_1_123' title='bbox 632 1356 666 1416; x_wconf 93' lang='lat' dir='ltr'>in</span> <span class='ocrx_word' id='word_1_124' title='bbox 687 1370 800 1427; x_wconf 92' lang='lat' dir='ltr'>manu,</span> <span class='ocrx_word' id='word_1_125' title='bbox 814 1355 910 1426; x_wconf 90' lang='lat' dir='ltr'>idest,</span> <span class='ocrx_word' id='word_1_126' title='bbox 926 1354 962 1415; x_wconf 92' lang='lat' dir='ltr'>iu</span> <span class='ocrx_word' id='word_1_127' title='bbox 1017 1356 1127 1417; x_wconf 89' lang='lat' dir='ltr'>castra</span> <span class='ocrx_word' id='word_1_128' title='bbox 1144 1353 1186 1415; x_wconf 90' lang='lat' dir='ltr'>ab</span> <span class='ocrx_word' id='word_1_129' title='bbox 1201 1355 1283 1431; x_wconf 90' lang='lat' dir='ltr'>ipsis</span> <span class='ocrx_word' id='word_1_130' title='bbox 1305 1353 1533 1415; x_wconf 89' lang='lat' dir='ltr'>sacerdotibus</span> <span class='ocrx_word' id='word_1_131' title='bbox 1554 1355 1769 1415; x_wconf 81' lang='lat' dir='ltr'>revocantur.</span> <span class='ocrx_word' id='word_1_132' title='bbox 1787 1353 1821 1414; x_wconf 87' lang='lat' dir='ltr'>Si</span> 
     </span>
     <span class='ocr_line' id='line_1_12' title="bbox 165 1451 1822 1535; baseline -0.005 -16"><span class='ocrx_word' id='word_1_133' title='bbox 165 1457 329 1535; x_wconf 83' lang='lat' dir='ltr'>potestate</span> <span class='ocrx_word' id='word_1_134' title='bbox 350 1454 536 1524; x_wconf 69' lang='lat' dir='ltr'>christini</span> <span class='ocrx_word' id='word_1_135' title='bbox 554 1454 754 1514; x_wconf 90' lang='lat' dir='ltr'>misereatur</span> <span class='ocrx_word' id='word_1_136' title='bbox 771 1454 867 1529; x_wconf 89' lang='lat' dir='ltr'>cujus</span> <span class='ocrx_word' id='word_1_137' title='bbox 879 1451 961 1524; x_wconf 88' lang='lat' dir='ltr'>vult,</span> <span class='ocrx_word' id='word_1_138' title='bbox 1018 1469 1097 1528; x_wconf 89' lang='lat' dir='ltr'>ergo</span> <span class='ocrx_word' id='word_1_139' title='bbox 1109 1469 1170 1514; x_wconf 88' lang='lat' dir='ltr'>nos</span> <span class='ocrx_word' id='word_1_140' title='bbox 1184 1468 1298 1513; x_wconf 89' lang='lat' dir='ltr'>sumus</span> <span class='ocrx_word' id='word_1_141' title='bbox 1309 1452 1463 1529; x_wconf 85' lang='lat' dir='ltr'>palmites</span> <span class='ocrx_word' id='word_1_142' title='bbox 1474 1452 1508 1512; x_wconf 93' lang='lat' dir='ltr'>iu</span> <span class='ocrx_word' id='word_1_143' title='bbox 1519 1452 1598 1523; x_wconf 90' lang='lat' dir='ltr'>vite,</span> <span class='ocrx_word' id='word_1_144' title='bbox 1613 1451 1697 1511; x_wconf 94' lang='lat' dir='ltr'>illud</span> <span class='ocrx_word' id='word_1_145' title='bbox 1709 1452 1822 1513; x_wconf 85' lang='lat' dir='ltr'>vinum</span> 
     </span>
     <span class='ocr_line' id='line_1_13' title="bbox 165 1548 1822 1629; baseline -0.005 -12"><span class='ocrx_word' id='word_1_146' title='bbox 165 1555 200 1617; x_wconf 88' lang='lat' dir='ltr'>et</span> <span class='ocrx_word' id='word_1_147' title='bbox 219 1553 274 1615; x_wconf 91' lang='lat' dir='ltr'>cni</span> <span class='ocrx_word' id='word_1_148' title='bbox 288 1552 369 1624; x_wconf 77' lang='lat' dir='ltr'>suit,</span> <span class='ocrx_word' id='word_1_149' title='bbox 393 1554 427 1614; x_wconf 90' lang='lat' dir='ltr'>et</span> <span class='ocrx_word' id='word_1_150' title='bbox 447 1551 564 1629; x_wconf 90' lang='lat' dir='ltr'>puniat</span> <span class='ocrx_word' id='word_1_151' title='bbox 582 1566 679 1627; x_wconf 88' lang='lat' dir='ltr'>quem</span> <span class='ocrx_word' id='word_1_152' title='bbox 697 1549 780 1612; x_wconf 83' lang='lat' dir='ltr'>vult.</span> <span class='ocrx_word' id='word_1_153' title='bbox 802 1553 890 1611; x_wconf 84' lang='lat' dir='ltr'>Area</span> <span class='ocrx_word' id='word_1_154' title='bbox 914 1551 964 1610; x_wconf 89' lang='lat' dir='ltr'>est</span> <span class='ocrx_word' id='word_1_155' title='bbox 1018 1550 1113 1612; x_wconf 91' lang='lat' dir='ltr'>debet</span> <span class='ocrx_word' id='word_1_156' title='bbox 1127 1567 1148 1613; x_wconf 90' lang='lat' dir='ltr'>a</span> <span class='ocrx_word' id='word_1_157' title='bbox 1163 1550 1258 1610; x_wconf 92' lang='lat' dir='ltr'>nobis</span> <span class='ocrx_word' id='word_1_158' title='bbox 1273 1550 1450 1626; x_wconf 85' lang='lat' dir='ltr'>profluere,</span> <span class='ocrx_word' id='word_1_159' title='bbox 1475 1548 1560 1627; x_wconf 89' lang='lat' dir='ltr'>quod</span> <span class='ocrx_word' id='word_1_160' title='bbox 1579 1549 1628 1610; x_wconf 91' lang='lat' dir='ltr'>sic</span> <span class='ocrx_word' id='word_1_161' title='bbox 1649 1549 1822 1610; x_wconf 88' lang='lat' dir='ltr'>auditores</span> 
     </span>
     <span class='ocr_line' id='line_1_14' title="bbox 166 1646 1821 1728; baseline -0.005 -14"><span class='ocrx_word' id='word_1_162' title='bbox 166 1651 327 1723; x_wconf 84' lang='lat' dir='ltr'>Ecclesia,</span> <span class='ocrx_word' id='word_1_163' title='bbox 345 1650 423 1728; x_wconf 90' lang='lat' dir='ltr'>quia</span> <span class='ocrx_word' id='word_1_164' title='bbox 436 1649 521 1710; x_wconf 90' lang='lat' dir='ltr'>sicut</span> <span class='ocrx_word' id='word_1_165' title='bbox 535 1650 570 1709; x_wconf 93' lang='lat' dir='ltr'>in</span> <span class='ocrx_word' id='word_1_166' title='bbox 585 1663 664 1711; x_wconf 88' lang='lat' dir='ltr'>area</span> <span class='ocrx_word' id='word_1_167' title='bbox 675 1649 844 1725; x_wconf 92' lang='lat' dir='ltr'>ponuntur</span> <span class='ocrx_word' id='word_1_168' title='bbox 856 1662 963 1722; x_wconf 89' lang='lat' dir='ltr'>grana</span> <span class='ocrx_word' id='word_1_169' title='bbox 1018 1648 1170 1719; x_wconf 88' lang='lat' dir='ltr'>inebriet,</span> <span class='ocrx_word' id='word_1_170' title='bbox 1183 1651 1220 1709; x_wconf 90' lang='lat' dir='ltr'>nt</span> <span class='ocrx_word' id='word_1_171' title='bbox 1232 1647 1361 1708; x_wconf 91' lang='lat' dir='ltr'>sobrios</span> <span class='ocrx_word' id='word_1_172' title='bbox 1375 1647 1502 1719; x_wconf 89' lang='lat' dir='ltr'>reddat,</span> <span class='ocrx_word' id='word_1_173' title='bbox 1518 1647 1551 1709; x_wconf 89' lang='lat' dir='ltr'>et</span> <span class='ocrx_word' id='word_1_174' title='bbox 1559 1647 1596 1707; x_wconf 94' lang='lat' dir='ltr'>ut</span> <span class='ocrx_word' id='word_1_175' title='bbox 1604 1646 1695 1708; x_wconf 89' lang='lat' dir='ltr'>calix</span> <span class='ocrx_word' id='word_1_176' title='bbox 1708 1647 1821 1707; x_wconf 89' lang='lat' dir='ltr'>nostcr</span> 
     </span>
     <span class='ocr_line' id='line_1_15' title="bbox 165 1743 1821 1827; baseline -0.003 -17"><span class='ocrx_word' id='word_1_177' title='bbox 165 1766 241 1811; x_wconf 91' lang='lat' dir='ltr'>cum</span> <span class='ocrx_word' id='word_1_178' title='bbox 258 1749 377 1827; x_wconf 88' lang='lat' dir='ltr'>paleis,</span> <span class='ocrx_word' id='word_1_179' title='bbox 389 1748 435 1809; x_wconf 89' lang='lat' dir='ltr'>ita</span> <span class='ocrx_word' id='word_1_180' title='bbox 453 1748 488 1807; x_wconf 93' lang='lat' dir='ltr'>in</span> <span class='ocrx_word' id='word_1_181' title='bbox 509 1746 657 1808; x_wconf 86' lang='lat' dir='ltr'>Ecclesia</span> <span class='ocrx_word' id='word_1_182' title='bbox 675 1748 753 1807; x_wconf 87' lang='lat' dir='ltr'>sunt</span> <span class='ocrx_word' id='word_1_183' title='bbox 770 1746 847 1807; x_wconf 93' lang='lat' dir='ltr'>boni</span> <span class='ocrx_word' id='word_1_184' title='bbox 867 1745 963 1807; x_wconf 83' lang='lat' dir='ltr'>mixti</span> <span class='ocrx_word' id='word_1_185' title='bbox 1018 1763 1114 1824; x_wconf 86' lang='lat' dir='ltr'>quem</span> <span class='ocrx_word' id='word_1_186' title='bbox 1130 1746 1302 1806; x_wconf 80' lang='lat' dir='ltr'>offerimus</span> <span class='ocrx_word' id='word_1_187' title='bbox 1316 1746 1350 1805; x_wconf 93' lang='lat' dir='ltr'>in</span> <span class='ocrx_word' id='word_1_188' title='bbox 1362 1745 1472 1817; x_wconf 90' lang='lat' dir='ltr'>altari,</span> <span class='ocrx_word' id='word_1_189' title='bbox 1489 1745 1533 1806; x_wconf 92' lang='lat' dir='ltr'>sit</span> <span class='ocrx_word' id='word_1_190' title='bbox 1547 1743 1720 1806; x_wconf 89' lang='lat' dir='ltr'>inebrians</span> <span class='ocrx_word' id='word_1_191' title='bbox 1731 1745 1764 1805; x_wconf 93' lang='lat' dir='ltr'>et</span> <span class='ocrx_word' id='word_1_192' title='bbox 1779 1745 1821 1805; x_wconf 90' lang='lat' dir='ltr'>sit</span> 
     </span>
     <span class='ocr_line' id='line_1_16' title="bbox 166 1843 1325 1921; baseline -0.007 -11"><span class='ocrx_word' id='word_1_193' title='bbox 166 1864 242 1910; x_wconf 89' lang='lat' dir='ltr'>cum</span> <span class='ocrx_word' id='word_1_194' title='bbox 266 1847 377 1918; x_wconf 87' lang='lat' dir='ltr'>malis,</span> <span class='ocrx_word' id='word_1_195' title='bbox 405 1846 491 1907; x_wconf 91' lang='lat' dir='ltr'>sicut</span> <span class='ocrx_word' id='word_1_196' title='bbox 509 1846 560 1906; x_wconf 89' lang='lat' dir='ltr'>est</span> <span class='ocrx_word' id='word_1_197' title='bbox 580 1844 661 1905; x_wconf 91' lang='lat' dir='ltr'>illud</span> <span class='ocrx_word' id='word_1_198' title='bbox 686 1843 775 1905; x_wconf 89' lang='lat' dir='ltr'>beati</span> <span class='ocrx_word' id='word_1_199' title='bbox 797 1844 961 1919; x_wconf 88' lang='lat' dir='ltr'>Gregorii.</span> <span class='ocrx_word' id='word_1_200' title='bbox 1018 1844 1325 1921; x_wconf 75' lang='lat' dir='ltr'>quampraeclarus.</span> 
     </span>
     <span class='ocr_line' id='line_1_17' title="bbox 165 1940 1822 2019; baseline -0.003 -13"><span class='ocrx_word' id='word_1_201' title='bbox 165 1947 312 2006; x_wconf 76' lang='lat' dir='ltr'>«Pauca</span> <span class='ocrx_word' id='word_1_202' title='bbox 326 1946 405 2004; x_wconf 90' lang='lat' dir='ltr'>sunt</span> <span class='ocrx_word' id='word_1_203' title='bbox 422 1958 527 2018; x_wconf 87' lang='lat' dir='ltr'>grana</span> <span class='ocrx_word' id='word_1_204' title='bbox 540 1958 614 2019; x_wconf 85' lang='lat' dir='ltr'>quae</span> <span class='ocrx_word' id='word_1_205' title='bbox 627 1942 757 2002; x_wconf 92' lang='lat' dir='ltr'>horreis</span> <span class='ocrx_word' id='word_1_206' title='bbox 774 1942 961 2012; x_wconf 85' lang='lat' dir='ltr'>servantur,</span> <span class='ocrx_word' id='word_1_207' title='bbox 1059 1942 1216 2003; x_wconf 86' lang='lat' dir='ltr'>Palmites</span> <span class='ocrx_word' id='word_1_208' title='bbox 1243 1942 1321 2002; x_wconf 91' lang='lat' dir='ltr'>sunt</span> <span class='ocrx_word' id='word_1_209' title='bbox 1347 1940 1473 2012; x_wconf 73' lang='lat' dir='ltr'>fideles</span> <span class='ocrx_word' id='word_1_210' title='bbox 1503 1955 1644 2017; x_wconf 88' lang='lat' dir='ltr'>quorum</span> <span class='ocrx_word' id='word_1_211' title='bbox 1669 1940 1730 2001; x_wconf 90' lang='lat' dir='ltr'>alii</span> <span class='ocrx_word' id='word_1_212' title='bbox 1754 1955 1822 2001; x_wconf 86' lang='lat' dir='ltr'>nou</span> 
     </span>
     <span class='ocr_line' id='line_1_18' title="bbox 164 2037 1824 2116; baseline -0.003 -13"><span class='ocrx_word' id='word_1_213' title='bbox 164 2042 200 2105; x_wconf 89' lang='lat' dir='ltr'>et</span> <span class='ocrx_word' id='word_1_214' title='bbox 211 2043 245 2103; x_wconf 93' lang='lat' dir='ltr'>in</span> <span class='ocrx_word' id='word_1_215' title='bbox 257 2039 481 2102; x_wconf 89' lang='lat' dir='ltr'>numerabiles</span> <span class='ocrx_word' id='word_1_216' title='bbox 496 2039 607 2100; x_wconf 81' lang='lat' dir='ltr'>acervi</span> <span class='ocrx_word' id='word_1_217' title='bbox 616 2039 798 2116; x_wconf 89' lang='lat' dir='ltr'>palearum,</span> <span class='ocrx_word' id='word_1_218' title='bbox 811 2040 867 2115; x_wconf 84' lang='lat' dir='ltr'>qui</span> <span class='ocrx_word' id='word_1_219' title='bbox 881 2038 964 2114; x_wconf 89' lang='lat' dir='ltr'>igni·</span> <span class='ocrx_word' id='word_1_220' title='bbox 1018 2039 1144 2100; x_wconf 87' lang='lat' dir='ltr'>iaciunt</span> <span class='ocrx_word' id='word_1_221' title='bbox 1171 2039 1326 2109; x_wconf 84' lang='lat' dir='ltr'>fructum,</span> <span class='ocrx_word' id='word_1_222' title='bbox 1357 2037 1416 2099; x_wconf 91' lang='lat' dir='ltr'>alii</span> <span class='ocrx_word' id='word_1_223' title='bbox 1448 2038 1576 2098; x_wconf 83' lang='lat' dir='ltr'>iaciunt</span> <span class='ocrx_word' id='word_1_224' title='bbox 1598 2038 1744 2099; x_wconf 76' lang='lat' dir='ltr'>fructum</span> <span class='ocrx_word' id='word_1_225' title='bbox 1762 2037 1824 2098; x_wconf 94' lang='lat' dir='ltr'>bo-</span> 
     </span>
     <span class='ocr_line' id='line_1_19' title="bbox 164 2135 1822 2212; baseline -0.004 -11"><span class='ocrx_word' id='word_1_226' title='bbox 164 2138 229 2201; x_wconf 92' lang='lat' dir='ltr'>bus</span> <span class='ocrx_word' id='word_1_227' title='bbox 256 2138 505 2201; x_wconf 88' lang='lat' dir='ltr'>comburuntur.</span> <span class='ocrx_word' id='word_1_228' title='bbox 531 2152 550 2196; x_wconf 70' lang='lat' dir='ltr'>a</span> <span class='ocrx_word' id='word_1_229' title='bbox 575 2136 678 2197; x_wconf 91' lang='lat' dir='ltr'>Pauci</span> <span class='ocrx_word' id='word_1_230' title='bbox 701 2137 778 2197; x_wconf 89' lang='lat' dir='ltr'>sunt</span> <span class='ocrx_word' id='word_1_231' title='bbox 804 2135 883 2196; x_wconf 90' lang='lat' dir='ltr'>boni</span> <span class='ocrx_word' id='word_1_232' title='bbox 907 2136 963 2212; x_wconf 88' lang='lat' dir='ltr'>qui</span> <span class='ocrx_word' id='word_1_233' title='bbox 1019 2153 1110 2209; x_wconf 83' lang='lat' dir='ltr'>nrrm,</span> <span class='ocrx_word' id='word_1_234' title='bbox 1133 2137 1190 2197; x_wconf 89' lang='lat' dir='ltr'>sed</span> <span class='ocrx_word' id='word_1_235' title='bbox 1214 2136 1365 2212; x_wconf 90' lang='lat' dir='ltr'>indigent</span> <span class='ocrx_word' id='word_1_236' title='bbox 1393 2135 1602 2212; x_wconf 85' lang='lat' dir='ltr'>purgatione,</span> <span class='ocrx_word' id='word_1_237' title='bbox 1632 2136 1714 2212; x_wconf 90' lang='lat' dir='ltr'>quia</span> <span class='ocrx_word' id='word_1_238' title='bbox 1740 2137 1822 2196; x_wconf 91' lang='lat' dir='ltr'>tunc</span> 
     </span>
     <span class='ocr_line' id='line_1_20' title="bbox 164 2232 1824 2311; baseline -0.002 -13"><span class='ocrx_word' id='word_1_239' title='bbox 164 2237 382 2298; x_wconf 82' lang='lat' dir='ltr'>assumuntur</span> <span class='ocrx_word' id='word_1_240' title='bbox 392 2234 434 2295; x_wconf 88' lang='lat' dir='ltr'>ad</span> <span class='ocrx_word' id='word_1_241' title='bbox 445 2233 701 2310; x_wconf 88' lang='lat' dir='ltr'>regnum,multi</span> <span class='ocrx_word' id='word_1_242' title='bbox 714 2235 791 2295; x_wconf 88' lang='lat' dir='ltr'>sunt</span> <span class='ocrx_word' id='word_1_243' title='bbox 803 2234 893 2305; x_wconf 91' lang='lat' dir='ltr'>mali,</span> <span class='ocrx_word' id='word_1_244' title='bbox 907 2234 962 2310; x_wconf 90' lang='lat' dir='ltr'>qui</span> <span class='ocrx_word' id='word_1_245' title='bbox 1020 2250 1200 2311; x_wconf 87' lang='lat' dir='ltr'>purgamus</span> <span class='ocrx_word' id='word_1_246' title='bbox 1214 2234 1366 2311; x_wconf 88' lang='lat' dir='ltr'>palmites</span> <span class='ocrx_word' id='word_1_247' title='bbox 1388 2233 1499 2294; x_wconf 90' lang='lat' dir='ltr'>cordis</span> <span class='ocrx_word' id='word_1_248' title='bbox 1518 2233 1624 2294; x_wconf 90' lang='lat' dir='ltr'>nostri</span> <span class='ocrx_word' id='word_1_249' title='bbox 1640 2248 1660 2293; x_wconf 90' lang='lat' dir='ltr'>a</span> <span class='ocrx_word' id='word_1_250' title='bbox 1678 2232 1771 2293; x_wconf 88' lang='lat' dir='ltr'>vitiis</span> <span class='ocrx_word' id='word_1_251' title='bbox 1791 2235 1824 2294; x_wconf 92' lang='lat' dir='ltr'>et</span> 
     </span>
     <span class='ocr_line' id='line_1_21' title="bbox 163 2331 1824 2408; baseline -0.003 -12"><span class='ocrx_word' id='word_1_252' title='bbox 163 2333 447 2397; x_wconf 90' lang='lat' dir='ltr'>comburenturin</span> <span class='ocrx_word' id='word_1_253' title='bbox 470 2332 580 2407; x_wconf 83' lang='lat' dir='ltr'>ignem</span> <span class='ocrx_word' id='word_1_254' title='bbox 594 2333 767 2403; x_wconf 90' lang='lat' dir='ltr'>aeternum,</span> <span class='ocrx_word' id='word_1_255' title='bbox 783 2332 862 2408; x_wconf 86' lang='lat' dir='ltr'>qnia</span> <span class='ocrx_word' id='word_1_256' title='bbox 878 2332 965 2392; x_wconf 91' lang='lat' dir='ltr'>sicut</span> <span class='ocrx_word' id='word_1_257' title='bbox 1018 2333 1147 2393; x_wconf 81' lang='lat' dir='ltr'>nocivis</span> <span class='ocrx_word' id='word_1_258' title='bbox 1171 2331 1428 2407; x_wconf 83' lang='lat' dir='ltr'>cogitationibus</span> <span class='ocrx_word' id='word_1_259' title='bbox 1449 2347 1525 2392; x_wconf 92' lang='lat' dir='ltr'>cum</span> <span class='ocrx_word' id='word_1_260' title='bbox 1544 2346 1736 2392; x_wconf 89' lang='lat' dir='ltr'>resecamus</span> <span class='ocrx_word' id='word_1_261' title='bbox 1759 2331 1824 2391; x_wconf 88' lang='lat' dir='ltr'>rni-</span> 
     </span>
     <span class='ocr_line' id='line_1_22' title="bbox 163 2427 1825 2506; baseline -0.002 -13"><span class='ocrx_word' id='word_1_262' title='bbox 163 2432 272 2494; x_wconf 91' lang='lat' dir='ltr'>bonus</span> <span class='ocrx_word' id='word_1_263' title='bbox 296 2430 465 2493; x_wconf 90' lang='lat' dir='ltr'>laborator</span> <span class='ocrx_word' id='word_1_264' title='bbox 479 2430 664 2498; x_wconf 79' lang='lat' dir='ltr'>vinearum,</span> <span class='ocrx_word' id='word_1_265' title='bbox 677 2430 777 2491; x_wconf 88' lang='lat' dir='ltr'>mittit</span> <span class='ocrx_word' id='word_1_266' title='bbox 794 2429 902 2506; x_wconf 87' lang='lat' dir='ltr'>capita</span> <span class='ocrx_word' id='word_1_267' title='bbox 912 2428 965 2490; x_wconf 80' lang='lat' dir='ltr'>ri·</span> <span class='ocrx_word' id='word_1_268' title='bbox 1019 2446 1081 2490; x_wconf 88' lang='lat' dir='ltr'>nus</span> <span class='ocrx_word' id='word_1_269' title='bbox 1096 2430 1195 2491; x_wconf 89' lang='lat' dir='ltr'>utiles</span> <span class='ocrx_word' id='word_1_270' title='bbox 1210 2445 1270 2506; x_wconf 90' lang='lat' dir='ltr'>per</span> <span class='ocrx_word' id='word_1_271' title='bbox 1283 2428 1496 2490; x_wconf 89' lang='lat' dir='ltr'>sobrietatem</span> <span class='ocrx_word' id='word_1_272' title='bbox 1510 2427 1660 2489; x_wconf 91' lang='lat' dir='ltr'>ciborum</span> <span class='ocrx_word' id='word_1_273' title='bbox 1676 2430 1710 2488; x_wconf 91' lang='lat' dir='ltr'>et</span> <span class='ocrx_word' id='word_1_274' title='bbox 1723 2428 1825 2489; x_wconf 88' lang='lat' dir='ltr'>absti-</span> 
     </span>
     <span class='ocr_line' id='line_1_23' title="bbox 163 2527 1824 2599; baseline -0.003 -7"><span class='ocrx_word' id='word_1_275' title='bbox 163 2530 247 2593; x_wconf 87' lang='lat' dir='ltr'>tium</span> <span class='ocrx_word' id='word_1_276' title='bbox 260 2530 421 2591; x_wconf 85' lang='lat' dir='ltr'>subterra</span> <span class='ocrx_word' id='word_1_277' title='bbox 438 2529 479 2589; x_wconf 94' lang='lat' dir='ltr'>ad</span> <span class='ocrx_word' id='word_1_278' title='bbox 490 2527 659 2590; x_wconf 85' lang='lat' dir='ltr'>iaciendas</span> <span class='ocrx_word' id='word_1_279' title='bbox 675 2527 816 2599; x_wconf 85' lang='lat' dir='ltr'>radices,</span> <span class='ocrx_word' id='word_1_280' title='bbox 834 2529 870 2589; x_wconf 91' lang='lat' dir='ltr'>nt</span> <span class='ocrx_word' id='word_1_281' title='bbox 884 2527 966 2587; x_wconf 91' lang='lat' dir='ltr'>mul·</span> <span class='ocrx_word' id='word_1_282' title='bbox 1019 2527 1166 2589; x_wconf 83' lang='lat' dir='ltr'>acutiam</span> <span class='ocrx_word' id='word_1_283' title='bbox 1183 2528 1351 2589; x_wconf 78' lang='lat' dir='ltr'>vitiorum.</span> <span class='ocrx_word' id='word_1_284' title='bbox 1377 2527 1471 2589; x_wconf 90' lang='lat' dir='ltr'>Unde</span> <span class='ocrx_word' id='word_1_285' title='bbox 1486 2527 1590 2588; x_wconf 89' lang='lat' dir='ltr'>isaias</span> <span class='ocrx_word' id='word_1_286' title='bbox 1607 2530 1824 2589; x_wconf 74' lang='lat' dir='ltr'>:circuami-</span> 
     </span>
     <span class='ocr_line' id='line_1_24' title="bbox 164 2625 1822 2705; baseline -0.004 -14"><span class='ocrx_word' id='word_1_287' title='bbox 164 2628 359 2705; x_wconf 87' lang='lat' dir='ltr'>iiphcentnr</span> <span class='ocrx_word' id='word_1_288' title='bbox 372 2626 468 2698; x_wconf 78' lang='lat' dir='ltr'>vites,</span> <span class='ocrx_word' id='word_1_289' title='bbox 480 2627 527 2688; x_wconf 88' lang='lat' dir='ltr'>ita</span> <span class='ocrx_word' id='word_1_290' title='bbox 541 2625 820 2687; x_wconf 86' lang='lat' dir='ltr'>bomiuustlrmnt</span> <span class='ocrx_word' id='word_1_291' title='bbox 831 2628 964 2688; x_wconf 90' lang='lat' dir='ltr'>sanctos</span> <span class='ocrx_word' id='word_1_292' title='bbox 1017 2628 1087 2688; x_wconf 75' lang='lat' dir='ltr'>dite</span> <span class='ocrx_word' id='word_1_293' title='bbox 1101 2629 1207 2688; x_wconf 86' lang='lat' dir='ltr'>corda</span> <span class='ocrx_word' id='word_1_294' title='bbox 1234 2627 1364 2697; x_wconf 84' lang='lat' dir='ltr'>vestra,</span> <span class='ocrx_word' id='word_1_295' title='bbox 1387 2627 1421 2687; x_wconf 88' lang='lat' dir='ltr'>ct</span> <span class='ocrx_word' id='word_1_296' title='bbox 1434 2640 1503 2687; x_wconf 82' lang='lat' dir='ltr'>noa</span> <span class='ocrx_word' id='word_1_297' title='bbox 1514 2640 1664 2698; x_wconf 84' lang='lat' dir='ltr'>corpora</span> <span class='ocrx_word' id='word_1_298' title='bbox 1687 2625 1822 2686; x_wconf 81' lang='lat' dir='ltr'>nestra.</span> 
     </span>
     <span class='ocr_line' id='line_1_25' title="bbox 165 2722 1827 2804; baseline -0.004 -15"><span class='ocrx_word' id='word_1_299' title='bbox 165 2731 200 2789; x_wconf 89' lang='lat' dir='ltr'>et</span> <span class='ocrx_word' id='word_1_300' title='bbox 215 2728 325 2804; x_wconf 89' lang='lat' dir='ltr'>justos</span> <span class='ocrx_word' id='word_1_301' title='bbox 339 2726 374 2788; x_wconf 92' lang='lat' dir='ltr'>in</span> <span class='ocrx_word' id='word_1_302' title='bbox 389 2724 552 2786; x_wconf 87' lang='lat' dir='ltr'>charitate</span> <span class='ocrx_word' id='word_1_303' title='bbox 566 2725 600 2785; x_wconf 92' lang='lat' dir='ltr'>et</span> <span class='ocrx_word' id='word_1_304' title='bbox 618 2723 821 2794; x_wconf 85' lang='lat' dir='ltr'>tortitudine,</span> <span class='ocrx_word' id='word_1_305' title='bbox 835 2725 871 2784; x_wconf 92' lang='lat' dir='ltr'>ut</span> <span class='ocrx_word' id='word_1_306' title='bbox 887 2740 966 2800; x_wconf 90' lang='lat' dir='ltr'>pos·</span> <span class='ocrx_word' id='word_1_307' title='bbox 1018 2723 1235 2785; x_wconf 81' lang='lat' dir='ltr'>Circumcisio</span> <span class='ocrx_word' id='word_1_308' title='bbox 1255 2723 1366 2784; x_wconf 85' lang='lat' dir='ltr'>cordis</span> <span class='ocrx_word' id='word_1_309' title='bbox 1385 2726 1435 2784; x_wconf 88' lang='lat' dir='ltr'>est</span> <span class='ocrx_word' id='word_1_310' title='bbox 1455 2722 1588 2799; x_wconf 89' lang='lat' dir='ltr'>quaudo</span> <span class='ocrx_word' id='word_1_311' title='bbox 1612 2722 1712 2783; x_wconf 91' lang='lat' dir='ltr'>homo</span> <span class='ocrx_word' id='word_1_312' title='bbox 1742 2738 1827 2783; x_wconf 92' lang='lat' dir='ltr'>con-</span> 
     </span>
     <span class='ocr_line' id='line_1_26' title="bbox 167 2820 1825 2900; baseline -0.002 -16"><span class='ocrx_word' id='word_1_313' title='bbox 167 2824 235 2885; x_wconf 86' lang='lat' dir='ltr'>sint</span> <span class='ocrx_word' id='word_1_314' title='bbox 253 2823 475 2900; x_wconf 89' lang='lat' dir='ltr'>multiplicare</span> <span class='ocrx_word' id='word_1_315' title='bbox 496 2823 531 2882; x_wconf 92' lang='lat' dir='ltr'>in</span> <span class='ocrx_word' id='word_1_316' title='bbox 558 2837 696 2883; x_wconf 82' lang='lat' dir='ltr'>numero</span> <span class='ocrx_word' id='word_1_317' title='bbox 724 2823 756 2883; x_wconf 86' lang='lat' dir='ltr'>et</span> <span class='ocrx_word' id='word_1_318' title='bbox 772 2821 965 2897; x_wconf 88' lang='lat' dir='ltr'>operatione</span> <span class='ocrx_word' id='word_1_319' title='bbox 1018 2821 1103 2883; x_wconf 91' lang='lat' dir='ltr'>tinet</span> <span class='ocrx_word' id='word_1_320' title='bbox 1116 2836 1175 2883; x_wconf 90' lang='lat' dir='ltr'>cor</span> <span class='ocrx_word' id='word_1_321' title='bbox 1194 2836 1292 2881; x_wconf 92' lang='lat' dir='ltr'>suum</span> <span class='ocrx_word' id='word_1_322' title='bbox 1315 2836 1335 2880; x_wconf 95' lang='lat' dir='ltr'>a</span> <span class='ocrx_word' id='word_1_323' title='bbox 1356 2820 1553 2880; x_wconf 86' lang='lat' dir='ltr'>crudelitate</span> <span class='ocrx_word' id='word_1_324' title='bbox 1576 2821 1610 2881; x_wconf 92' lang='lat' dir='ltr'>et</span> <span class='ocrx_word' id='word_1_325' title='bbox 1625 2820 1777 2881; x_wconf 87' lang='lat' dir='ltr'>vanitate</span> <span class='ocrx_word' id='word_1_326' title='bbox 1790 2825 1825 2880; x_wconf 89' lang='lat' dir='ltr'>et</span> 
     </span>
     <span class='ocr_line' id='line_1_27' title="bbox 163 2916 1826 2994; baseline -0.004 -11"><span class='ocrx_word' id='word_1_327' title='bbox 163 2921 263 2983; x_wconf 89' lang='lat' dir='ltr'>bona.</span> <span class='ocrx_word' id='word_1_328' title='bbox 1020 2918 1116 2979; x_wconf 88' lang='lat' dir='ltr'>malis</span> <span class='ocrx_word' id='word_1_329' title='bbox 1141 2916 1410 2994; x_wconf 79' lang='lat' dir='ltr'>cogitationibus.</span> <span class='ocrx_word' id='word_1_330' title='bbox 1435 2920 1482 2978; x_wconf 88' lang='lat' dir='ltr'>De</span> <span class='ocrx_word' id='word_1_331' title='bbox 1503 2916 1623 2993; x_wconf 86' lang='lat' dir='ltr'>quibus</span> <span class='ocrx_word' id='word_1_332' title='bbox 1642 2917 1679 2977; x_wconf 92' lang='lat' dir='ltr'>iu</span> <span class='ocrx_word' id='word_1_333' title='bbox 1712 2919 1826 2977; x_wconf 83' lang='lat' dir='ltr'>Evan-</span> 
     </span>
     <span class='ocr_line' id='line_1_28' title="bbox 208 3015 1822 3094; baseline -0.004 -12"><span class='ocrx_word' id='word_1_334' title='bbox 208 3023 248 3082; x_wconf 84' lang='lat' dir='ltr'>Et</span> <span class='ocrx_word' id='word_1_335' title='bbox 271 3020 357 3081; x_wconf 91' lang='lat' dir='ltr'>sicut</span> <span class='ocrx_word' id='word_1_336' title='bbox 381 3018 552 3080; x_wconf 88' lang='lat' dir='ltr'>laborator</span> <span class='ocrx_word' id='word_1_337' title='bbox 565 3018 739 3079; x_wconf 75' lang='lat' dir='ltr'>uinearum</span> <span class='ocrx_word' id='word_1_338' title='bbox 761 3015 863 3094; x_wconf 87' lang='lat' dir='ltr'>plicat</span> <span class='ocrx_word' id='word_1_339' title='bbox 881 3016 965 3078; x_wconf 82' lang='lat' dir='ltr'>vites</span> <span class='ocrx_word' id='word_1_340' title='bbox 1019 3016 1126 3092; x_wconf 85' lang='lat' dir='ltr'>gello:</span> <span class='ocrx_word' id='word_1_341' title='bbox 1143 3020 1192 3077; x_wconf 87' lang='lat' dir='ltr'>De</span> <span class='ocrx_word' id='word_1_342' title='bbox 1212 3016 1695 3091; x_wconf 72' lang='lat' dir='ltr'>cerdeeaeuntcogitationes</span> <span class='ocrx_word' id='word_1_343' title='bbox 1707 3021 1822 3087; x_wconf 63' lang='lat' dir='ltr'>matre,</span> 
     </span>
     <span class='ocr_line' id='line_1_29' title="bbox 167 3110 1828 3192; baseline -0.004 -12"><span class='ocrx_word' id='word_1_344' title='bbox 167 3119 201 3180; x_wconf 89' lang='lat' dir='ltr'>et</span> <span class='ocrx_word' id='word_1_345' title='bbox 215 3110 315 3180; x_wconf 88' lang='lat' dir='ltr'>mittit</span> <span class='ocrx_word' id='word_1_346' title='bbox 331 3132 389 3178; x_wconf 89' lang='lat' dir='ltr'>eas</span> <span class='ocrx_word' id='word_1_347' title='bbox 402 3116 462 3176; x_wconf 93' lang='lat' dir='ltr'>sub</span> <span class='ocrx_word' id='word_1_348' title='bbox 475 3118 564 3177; x_wconf 86' lang='lat' dir='ltr'>terra</span> <span class='ocrx_word' id='word_1_349' title='bbox 579 3115 621 3175; x_wconf 90' lang='lat' dir='ltr'>ad</span> <span class='ocrx_word' id='word_1_350' title='bbox 643 3113 813 3176; x_wconf 87' lang='lat' dir='ltr'>iaciendas</span> <span class='ocrx_word' id='word_1_351' title='bbox 834 3114 965 3175; x_wconf 90' lang='lat' dir='ltr'>radices</span> <span class='ocrx_word' id='word_1_352' title='bbox 1019 3116 1212 3185; x_wconf 73' lang='lat' dir='ltr'>ltorntctdta,</span> <span class='ocrx_word' id='word_1_353' title='bbox 1226 3114 1399 3175; x_wconf 83' lang='lat' dir='ltr'>adulteria</span> <span class='ocrx_word' id='word_1_354' title='bbox 1417 3110 1548 3192; x_wconf 81' lang='lat' dir='ltr'>(blattb.</span> <span class='ocrx_word' id='word_1_355' title='bbox 1567 3128 1623 3185; x_wconf 89' lang='lat' dir='ltr'>xv,</span> <span class='ocrx_word' id='word_1_356' title='bbox 1639 3112 1704 3191; x_wconf 86' lang='lat'>19),</span> <span class='ocrx_word' id='word_1_357' title='bbox 1721 3116 1755 3173; x_wconf 93' lang='lat' dir='ltr'>et</span> <span class='ocrx_word' id='word_1_358' title='bbox 1769 3114 1828 3173; x_wconf 77' lang='lat' dir='ltr'>si-</span> 
     </span>
     <span class='ocr_line' id='line_1_30' title="bbox 165 3200 1830 3284; baseline -0.003 -8"><span class='ocrx_word' id='word_1_359' title='bbox 165 3216 203 3277; x_wconf 87' lang='lat' dir='ltr'>ut</span> <span class='ocrx_word' id='word_1_360' title='bbox 217 3214 416 3275; x_wconf 85' lang='lat' dir='ltr'>tructitlcent</span> <span class='ocrx_word' id='word_1_361' title='bbox 427 3213 523 3284; x_wconf 77' lang='lat' dir='ltr'>uites,</span> <span class='ocrx_word' id='word_1_362' title='bbox 540 3213 586 3273; x_wconf 87' lang='lat' dir='ltr'>ita</span> <span class='ocrx_word' id='word_1_363' title='bbox 601 3226 662 3272; x_wconf 88' lang='lat' dir='ltr'>uos</span> <span class='ocrx_word' id='word_1_364' title='bbox 677 3211 833 3272; x_wconf 91' lang='lat' dir='ltr'>debemus</span> <span class='ocrx_word' id='word_1_365' title='bbox 847 3211 883 3271; x_wconf 92' lang='lat' dir='ltr'>in</span> <span class='ocrx_word' id='word_1_366' title='bbox 897 3214 967 3272; x_wconf 89' lang='lat' dir='ltr'>ter-</span> <span class='ocrx_word' id='word_1_367' title='bbox 1020 3212 1125 3271; x_wconf 90' lang='lat' dir='ltr'>milia.</span> <span class='ocrx_word' id='word_1_368' title='bbox 1143 3211 1236 3272; x_wconf 91' lang='lat' dir='ltr'>Unde</span> <span class='ocrx_word' id='word_1_369' title='bbox 1256 3211 1381 3272; x_wconf 81' lang='lat' dir='ltr'>veritas</span> <span class='ocrx_word' id='word_1_370' title='bbox 1396 3200 1541 3271; x_wconf 82' lang='lat' dir='ltr'>ibidem:</span> <span class='ocrx_word' id='word_1_371' title='bbox 1557 3213 1596 3271; x_wconf 84' lang='lat' dir='ltr'>St</span> <span class='ocrx_word' id='word_1_372' title='bbox 1613 3226 1742 3271; x_wconf 71' lang='lat' dir='ltr'>alearum</span> <span class='ocrx_word' id='word_1_373' title='bbox 1763 3211 1830 3271; x_wconf 49' lang='lat' dir='ltr'>tua*</span> 
     </span>
     <span class='ocr_line' id='line_1_31' title="bbox 165 3308 1824 3389; baseline -0.002 -16"><span class='ocrx_word' id='word_1_374' title='bbox 165 3328 239 3374; x_wconf 90' lang='lat' dir='ltr'>ram</span> <span class='ocrx_word' id='word_1_375' title='bbox 254 3312 380 3389; x_wconf 87' lang='lat' dir='ltr'>plicare</span> <span class='ocrx_word' id='word_1_376' title='bbox 395 3310 547 3387; x_wconf 82' lang='lat' dir='ltr'>palmites</span> <span class='ocrx_word' id='word_1_377' title='bbox 569 3308 808 3385; x_wconf 89' lang='lat' dir='ltr'>cogitationum</span> <span class='ocrx_word' id='word_1_378' title='bbox 833 3310 966 3369; x_wconf 89' lang='lat' dir='ltr'>nostra-</span> <span class='ocrx_word' id='word_1_379' title='bbox 1020 3315 1143 3382; x_wconf 74' lang='lat' dir='ltr'>volpes</span> <span class='ocrx_word' id='word_1_380' title='bbox 1153 3311 1234 3370; x_wconf 80' lang='lat' dir='ltr'>taus</span> <span class='ocrx_word' id='word_1_381' title='bbox 1247 3309 1458 3370; x_wconf 77' lang='lat' dir='ltr'>scandalizat</span> <span class='ocrx_word' id='word_1_382' title='bbox 1474 3309 1517 3380; x_wconf 89' lang='lat' dir='ltr'>te,</span> <span class='ocrx_word' id='word_1_383' title='bbox 1529 3312 1664 3369; x_wconf 81' lang='lat' dir='ltr'>abscide</span> <span class='ocrx_word' id='word_1_384' title='bbox 1678 3324 1770 3380; x_wconf 73' lang='lat' dir='ltr'>elem,</span> <span class='ocrx_word' id='word_1_385' title='bbox 1787 3309 1824 3370; x_wconf 85' lang='lat' dir='ltr'>et</span> 
     </span>
     <span class='ocr_line' id='line_1_32' title="bbox 165 3403 1829 3485; baseline -0.004 -13"><span class='ocrx_word' id='word_1_386' title='bbox 165 3426 252 3482; x_wconf 88' lang='lat' dir='ltr'>rum,</span> <span class='ocrx_word' id='word_1_387' title='bbox 283 3408 472 3470; x_wconf 90' lang='lat' dir='ltr'>reducendo</span> <span class='ocrx_word' id='word_1_388' title='bbox 503 3407 545 3467; x_wconf 91' lang='lat' dir='ltr'>ad</span> <span class='ocrx_word' id='word_1_389' title='bbox 576 3407 770 3468; x_wconf 91' lang='lat' dir='ltr'>memoriam</span> <span class='ocrx_word' id='word_1_390' title='bbox 797 3406 966 3481; x_wconf 89' lang='lat' dir='ltr'>praeterita</span> <span class='ocrx_word' id='word_1_391' title='bbox 1017 3411 1152 3482; x_wconf 76' lang='lat' dir='ltr'>projice</span> <span class='ocrx_word' id='word_1_392' title='bbox 1166 3409 1226 3468; x_wconf 78' lang='lat' dir='ltr'>aba</span> <span class='ocrx_word' id='word_1_393' title='bbox 1238 3407 1272 3466; x_wconf 85' lang='lat' dir='ltr'>te</span> <span class='ocrx_word' id='word_1_394' title='bbox 1284 3403 1416 3484; x_wconf 80' lang='lat' dir='ltr'>(Matth.</span> <span class='ocrx_word' id='word_1_395' title='bbox 1430 3422 1528 3476; x_wconf 83' lang='lat' dir='ltr'>xrur,</span> <span class='ocrx_word' id='word_1_396' title='bbox 1544 3405 1590 3485; x_wconf 89' lang='grc'>8).</span> <span class='ocrx_word' id='word_1_397' title='bbox 1604 3405 1702 3477; x_wconf 84' lang='lat' dir='ltr'>idest,</span> <span class='ocrx_word' id='word_1_398' title='bbox 1718 3407 1750 3465; x_wconf 93' lang='lat' dir='ltr'>si</span> <span class='ocrx_word' id='word_1_399' title='bbox 1759 3421 1829 3469; x_wconf 83' lang='lat' dir='ltr'>ma-</span> 
     </span>
     <span class='ocr_line' id='line_1_33' title="bbox 166 3504 1823 3586; baseline -0.004 -16"><span class='ocrx_word' id='word_1_400' title='bbox 166 3510 315 3586; x_wconf 90' lang='lat' dir='ltr'>peccata,</span> <span class='ocrx_word' id='word_1_401' title='bbox 329 3507 478 3568; x_wconf 90' lang='lat' dir='ltr'>sicutest</span> <span class='ocrx_word' id='word_1_402' title='bbox 493 3504 573 3565; x_wconf 92' lang='lat' dir='ltr'>illud</span> <span class='ocrx_word' id='word_1_403' title='bbox 590 3504 778 3565; x_wconf 90' lang='lat' dir='ltr'>Salomonis</span> <span class='ocrx_word' id='word_1_404' title='bbox 791 3520 798 3563; x_wconf 92' lang='lat'>:</span> <span class='ocrx_word' id='word_1_405' title='bbox 811 3507 887 3575; x_wconf 76' lang='lat' dir='ltr'>Fili,</span> <span class='ocrx_word' id='word_1_406' title='bbox 905 3519 966 3565; x_wconf 80' lang='lat' dir='ltr'>rc-</span> <span class='ocrx_word' id='word_1_407' title='bbox 1021 3505 1089 3564; x_wconf 91' lang='lat' dir='ltr'>lum</span> <span class='ocrx_word' id='word_1_408' title='bbox 1105 3520 1188 3582; x_wconf 90' lang='lat' dir='ltr'>opus</span> <span class='ocrx_word' id='word_1_409' title='bbox 1215 3504 1268 3564; x_wconf 74' lang='lat' dir='ltr'>nel</span> <span class='ocrx_word' id='word_1_410' title='bbox 1295 3504 1383 3564; x_wconf 91' lang='lat' dir='ltr'>mala</span> <span class='ocrx_word' id='word_1_411' title='bbox 1406 3504 1560 3565; x_wconf 75' lang='lat' dir='ltr'>voluntas</span> <span class='ocrx_word' id='word_1_412' title='bbox 1581 3504 1823 3565; x_wconf 87' lang='lat' dir='ltr'>scandalizat...</span> 
     </span>
     <span class='ocr_line' id='line_1_34' title="bbox 164 3601 1826 3676; baseline -0.005 -7"><span class='ocrx_word' id='word_1_413' title='bbox 164 3609 313 3669; x_wconf 84' lang='lat' dir='ltr'>cordare</span> <span class='ocrx_word' id='word_1_414' title='bbox 326 3608 515 3666; x_wconf 67' lang='lat' dir='ltr'>avarissima</span> <span class='ocrx_word' id='word_1_415' title='bbox 536 3603 607 3672; x_wconf 82' lang='lat' dir='ltr'>tua,</span> <span class='ocrx_word' id='word_1_416' title='bbox 620 3604 653 3664; x_wconf 91' lang='lat' dir='ltr'>et</span> <span class='ocrx_word' id='word_1_417' title='bbox 667 3604 883 3663; x_wconf 76' lang='lat' dir='ltr'>tucateruum</span> <span class='ocrx_word' id='word_1_418' title='bbox 899 3616 966 3663; x_wconf 82' lang='lat' dir='ltr'>uon</span> <span class='ocrx_word' id='word_1_419' title='bbox 1021 3606 1148 3663; x_wconf 90' lang='lat' dir='ltr'>Bonum</span> <span class='ocrx_word' id='word_1_420' title='bbox 1162 3604 1213 3663; x_wconf 87' lang='lat' dir='ltr'>est</span> <span class='ocrx_word' id='word_1_421' title='bbox 1224 3602 1284 3663; x_wconf 90' lang='lat' dir='ltr'>tibi</span> <span class='ocrx_word' id='word_1_422' title='bbox 1295 3602 1336 3662; x_wconf 95' lang='lat' dir='ltr'>ad</span> <span class='ocrx_word' id='word_1_423' title='bbox 1352 3602 1453 3663; x_wconf 81' lang='lat' dir='ltr'>vitam</span> <span class='ocrx_word' id='word_1_424' title='bbox 1470 3601 1599 3676; x_wconf 89' lang='lat' dir='ltr'>ingredi</span> <span class='ocrx_word' id='word_1_425' title='bbox 1615 3601 1760 3662; x_wconf 91' lang='lat' dir='ltr'>debilem</span> <span class='ocrx_word' id='word_1_426' title='bbox 1773 3602 1826 3662; x_wconf 83' lang='lat' dir='ltr'>rel</span> 
     </span>
     <span class='ocr_line' id='line_1_35' title="bbox 164 3698 1824 3780; baseline -0.002 -17"><span class='ocrx_word' id='word_1_427' title='bbox 164 3706 319 3777; x_wconf 84' lang='lat' dir='ltr'>peccabis</span> <span class='ocrx_word' id='word_1_428' title='bbox 347 3700 449 3780; x_wconf 84' lang='lat' dir='ltr'>(Eccl.</span> <span class='ocrx_word' id='word_1_429' title='bbox 477 3715 541 3770; x_wconf 83' lang='grc' dir='ltr'>ιιι,</span> <span class='ocrx_word' id='word_1_430' title='bbox 567 3699 632 3779; x_wconf 78' lang='grc'><strong>40).</strong></span> <span class='ocrx_word' id='word_1_431' title='bbox 663 3701 703 3759; x_wconf 86' lang='lat' dir='ltr'>Et</span> <span class='ocrx_word' id='word_1_432' title='bbox 728 3698 818 3761; x_wconf 81' lang='lat' dir='ltr'>lob:</span> <span class='ocrx_word' id='word_1_433' title='bbox 844 3702 967 3761; x_wconf 81' lang='lat' dir='ltr'>lt&#39;udus</span> <span class='ocrx_word' id='word_1_434' title='bbox 1020 3700 1187 3771; x_wconf 88' lang='lat' dir='ltr'>claudum,</span> <span class='ocrx_word' id='word_1_435' title='bbox 1204 3716 1303 3776; x_wconf 88' lang='lat' dir='ltr'>quam</span> <span class='ocrx_word' id='word_1_436' title='bbox 1318 3700 1401 3759; x_wconf 89' lang='lat' dir='ltr'>duas</span> <span class='ocrx_word' id='word_1_437' title='bbox 1417 3715 1535 3759; x_wconf 88' lang='lat' dir='ltr'>manns</span> <span class='ocrx_word' id='word_1_438' title='bbox 1551 3702 1609 3760; x_wconf 87' lang='lat' dir='ltr'>aut</span> <span class='ocrx_word' id='word_1_439' title='bbox 1623 3699 1707 3759; x_wconf 90' lang='lat' dir='ltr'>duos</span> <span class='ocrx_word' id='word_1_440' title='bbox 1723 3699 1824 3775; x_wconf 87' lang='lat' dir='ltr'>pedes</span> 
     </span>
     <span class='ocr_line' id='line_1_36' title="bbox 168 3797 1669 3875; baseline -0.003 -15"><span class='ocrx_word' id='word_1_441' title='bbox 168 3813 329 3875; x_wconf 81' lang='lat' dir='ltr'>eprcssns</span> <span class='ocrx_word' id='word_1_442' title='bbox 338 3812 417 3859; x_wconf 81' lang='lat' dir='ltr'>snm</span> <span class='ocrx_word' id='word_1_443' title='bbox 431 3800 474 3857; x_wconf 89' lang='lat' dir='ltr'>de</span> <span class='ocrx_word' id='word_1_444' title='bbox 487 3797 587 3856; x_wconf 74' lang='lat' dir='ltr'>attera</span> <span class='ocrx_word' id='word_1_445' title='bbox 601 3797 728 3855; x_wconf 73' lang='lat' dir='ltr'>alectria</span> <span class='ocrx_word' id='word_1_446' title='bbox 742 3810 839 3867; x_wconf 74' lang='lat' dir='ltr'>arwcc,</span> <span class='ocrx_word' id='word_1_447' title='bbox 855 3800 967 3857; x_wconf 71' lang='lat' dir='ltr'>arrideas</span> <span class='ocrx_word' id='word_1_448' title='bbox 1021 3798 1196 3859; x_wconf 87' lang='lat' dir='ltr'>habentem</span> <span class='ocrx_word' id='word_1_449' title='bbox 1211 3798 1296 3859; x_wconf 88' lang='lat' dir='ltr'>mitti</span> <span class='ocrx_word' id='word_1_450' title='bbox 1317 3798 1351 3857; x_wconf 94' lang='lat' dir='ltr'>in</span> <span class='ocrx_word' id='word_1_451' title='bbox 1367 3798 1555 3872; x_wconf 84' lang='lat' dir='ltr'>gehennam</span> <span class='ocrx_word' id='word_1_452' title='bbox 1569 3797 1669 3871; x_wconf 89' lang='lat' dir='ltr'>ignis.</span> 
     </span>
     <span class='ocr_line' id='line_1_37' title="bbox 165 3891 1828 3970; baseline 0 -15"><span class='ocrx_word' id='word_1_453' title='bbox 165 3896 331 3956; x_wconf 82' lang='lat' dir='ltr'>reccrtar</span> <span class='ocrx_word' id='word_1_454' title='bbox 342 3897 417 3955; x_wconf 81' lang='lat' dir='ltr'>illuc</span> <span class='ocrx_word' id='word_1_455' title='bbox 428 3891 514 3970; x_wconf 84' lang='lat' dir='ltr'>(lob.</span> <span class='ocrx_word' id='word_1_456' title='bbox 526 3908 549 3962; x_wconf 97' lang='grc' dir='ltr'>ι,</span> <span class='ocrx_word' id='word_1_457' title='bbox 559 3891 856 3968; x_wconf 62' lang='lat' dir='ltr'>macrescere</span> <span class='ocrx_word' id='word_1_458' title='bbox 867 3894 966 3954; x_wconf 75' lang='lat' dir='ltr'>altero</span> <span class='ocrx_word' id='word_1_459' title='bbox 1061 3896 1115 3956; x_wconf 90' lang='lat' dir='ltr'>Sic</span> <span class='ocrx_word' id='word_1_460' title='bbox 1131 3895 1231 3956; x_wconf 88' lang='lat' dir='ltr'>etiam</span> <span class='ocrx_word' id='word_1_461' title='bbox 1255 3894 1412 3955; x_wconf 87' lang='lat' dir='ltr'>debemus</span> <span class='ocrx_word' id='word_1_462' title='bbox 1433 3897 1565 3956; x_wconf 75' lang='lat' dir='ltr'>vineam</span> <span class='ocrx_word' id='word_1_463' title='bbox 1585 3894 1696 3956; x_wconf 92' lang='lat' dir='ltr'>cordis</span> <span class='ocrx_word' id='word_1_464' title='bbox 1717 3896 1828 3956; x_wconf 73' lang='lat' dir='ltr'>nostri·</span> 
     </span>
     <span class='ocr_line' id='line_1_38' title="bbox 165 3988 1827 4069; baseline 0 -16"><span class='ocrx_word' id='word_1_465' title='bbox 165 3992 201 4053; x_wconf 83' lang='lat' dir='ltr'>et</span> <span class='ocrx_word' id='word_1_466' title='bbox 211 3994 388 4066; x_wconf 66' lang='lat' dir='ltr'>cipressus</span> <span class='ocrx_word' id='word_1_467' title='bbox 402 3993 437 4048; x_wconf 85' lang='lat' dir='ltr'>iu</span> <span class='ocrx_word' id='word_1_468' title='bbox 453 3988 828 4053; x_wconf 70' lang='lat' dir='ltr'>territatum,norissima</span> <span class='ocrx_word' id='word_1_469' title='bbox 842 3992 967 4053; x_wconf 88' lang='lat' dir='ltr'>suntet</span> <span class='ocrx_word' id='word_1_470' title='bbox 1019 3993 1184 4063; x_wconf 82' lang='lat' dir='ltr'>excolere,</span> <span class='ocrx_word' id='word_1_471' title='bbox 1201 3994 1237 4053; x_wconf 89' lang='lat' dir='ltr'>ut</span> <span class='ocrx_word' id='word_1_472' title='bbox 1250 4008 1457 4069; x_wconf 87' lang='lat' dir='ltr'>nequaquam</span> <span class='ocrx_word' id='word_1_473' title='bbox 1474 3994 1545 4069; x_wconf 91' lang='lat' dir='ltr'>ipsa</span> <span class='ocrx_word' id='word_1_474' title='bbox 1561 3993 1660 4052; x_wconf 80' lang='lat' dir='ltr'>vinea</span> <span class='ocrx_word' id='word_1_475' title='bbox 1676 4008 1751 4069; x_wconf 86' lang='lat' dir='ltr'>quae</span> <span class='ocrx_word' id='word_1_476' title='bbox 1766 3993 1827 4053; x_wconf 92' lang='lat' dir='ltr'>de-</span> 
     </span>
     <span class='ocr_line' id='line_1_39' title="bbox 166 4084 1826 4162; baseline 0.001 -13"><span class='ocrx_word' id='word_1_477' title='bbox 166 4086 242 4151; x_wconf 89' lang='lat' dir='ltr'>tdeo</span> <span class='ocrx_word' id='word_1_478' title='bbox 267 4085 492 4146; x_wconf 88' lang='lat' dir='ltr'>memoranda.</span> <span class='ocrx_word' id='word_1_479' title='bbox 523 4085 577 4145; x_wconf 89' lang='lat' dir='ltr'>Sic</span> <span class='ocrx_word' id='word_1_480' title='bbox 603 4084 720 4162; x_wconf 89' lang='lat' dir='ltr'>plicuit</span> <span class='ocrx_word' id='word_1_481' title='bbox 746 4086 846 4148; x_wconf 82' lang='lat' dir='ltr'>ritem</span> <span class='ocrx_word' id='word_1_482' title='bbox 870 4104 964 4149; x_wconf 84' lang='lat' dir='ltr'>suam</span> <span class='ocrx_word' id='word_1_483' title='bbox 1020 4090 1074 4153; x_wconf 91' lang='lat' dir='ltr'>bet</span> <span class='ocrx_word' id='word_1_484' title='bbox 1100 4107 1183 4151; x_wconf 82' lang='lat' dir='ltr'>uvas</span> <span class='ocrx_word' id='word_1_485' title='bbox 1211 4090 1340 4162; x_wconf 85' lang='lat' dir='ltr'>facero,</span> <span class='ocrx_word' id='word_1_486' title='bbox 1370 4090 1543 4151; x_wconf 87' lang='lat' dir='ltr'>labruscas</span> <span class='ocrx_word' id='word_1_487' title='bbox 1557 4090 1695 4151; x_wconf 89' lang='lat' dir='ltr'>inutiles</span> <span class='ocrx_word' id='word_1_488' title='bbox 1711 4090 1826 4151; x_wconf 86' lang='lat' dir='ltr'>valeat</span> 
     </span>
     <span class='ocr_line' id='line_1_40' title="bbox 164 4180 1819 4264; baseline -0.001 -18"><span class='ocrx_word' id='word_1_489' title='bbox 164 4183 344 4253; x_wconf 76' lang='lat' dir='ltr'>Abraham,</span> <span class='ocrx_word' id='word_1_490' title='bbox 358 4183 489 4259; x_wconf 90' lang='lat' dir='ltr'>quaudo</span> <span class='ocrx_word' id='word_1_491' title='bbox 504 4180 590 4243; x_wconf 89' lang='lat' dir='ltr'>dixit</span> <span class='ocrx_word' id='word_1_492' title='bbox 606 4205 613 4242; x_wconf 76' lang='grc' dir='ltr'><strong>ε</strong></span> <span class='ocrx_word' id='word_1_493' title='bbox 630 4186 769 4256; x_wconf 80' lang='lat' dir='ltr'>Loquar</span> <span class='ocrx_word' id='word_1_494' title='bbox 782 4188 828 4245; x_wconf 79' lang='lat' dir='ltr'>aa</span> <span class='ocrx_word' id='word_1_495' title='bbox 843 4189 962 4247; x_wconf 79' lang='lat' dir='ltr'>Doari-</span> <span class='ocrx_word' id='word_1_496' title='bbox 1019 4189 1221 4264; x_wconf 88' lang='lat' dir='ltr'>germinare.</span> <span class='ocrx_word' id='word_1_497' title='bbox 1245 4189 1320 4248; x_wconf 83' lang='lat' dir='ltr'>Nou</span> <span class='ocrx_word' id='word_1_498' title='bbox 1341 4187 1501 4249; x_wconf 86' lang='lat' dir='ltr'>facientes</span> <span class='ocrx_word' id='word_1_499' title='bbox 1517 4187 1660 4248; x_wconf 86' lang='lat' dir='ltr'>trucium</span> <span class='ocrx_word' id='word_1_500' title='bbox 1675 4189 1752 4248; x_wconf 93' lang='lat' dir='ltr'>sunt</span> <span class='ocrx_word' id='word_1_501' title='bbox 1769 4186 1819 4247; x_wconf 95' lang='lat' dir='ltr'>illi</span> 
     </span>
     <span class='ocr_line' id='line_1_41' title="bbox 165 4283 1826 4363; baseline 0.001 -21"><span class='ocrx_word' id='word_1_502' title='bbox 165 4297 251 4342; x_wconf 72' lang='lat' dir='ltr'>arram</span> <span class='ocrx_word' id='word_1_503' title='bbox 285 4295 416 4351; x_wconf 69' lang='lat' dir='ltr'>abaciam,</span> <span class='ocrx_word' id='word_1_504' title='bbox 453 4296 532 4341; x_wconf 82' lang='lat' dir='ltr'>eum</span> <span class='ocrx_word' id='word_1_505' title='bbox 565 4283 633 4341; x_wconf 77' lang='lat' dir='ltr'>siaa</span> <span class='ocrx_word' id='word_1_506' title='bbox 663 4285 778 4355; x_wconf 73' lang='lat' dir='ltr'>putris</span> <span class='ocrx_word' id='word_1_507' title='bbox 812 4285 845 4345; x_wconf 79' lang='lat' dir='ltr'>el</span> <span class='ocrx_word' id='word_1_508' title='bbox 875 4288 965 4345; x_wconf 63' lang='lat' dir='ltr'>cirris</span> <span class='ocrx_word' id='word_1_509' title='bbox 1020 4287 1076 4363; x_wconf 87' lang='lat' dir='ltr'>qni</span> <span class='ocrx_word' id='word_1_510' title='bbox 1098 4302 1165 4346; x_wconf 92' lang='lat' dir='ltr'>non</span> <span class='ocrx_word' id='word_1_511' title='bbox 1183 4285 1310 4346; x_wconf 87' lang='lat' dir='ltr'>iaciunt</span> <span class='ocrx_word' id='word_1_512' title='bbox 1327 4286 1460 4362; x_wconf 88' lang='lat' dir='ltr'>aliquod</span> <span class='ocrx_word' id='word_1_513' title='bbox 1481 4284 1713 4361; x_wconf 91' lang='lat' dir='ltr'>opusbonum.</span> <span class='ocrx_word' id='word_1_514' title='bbox 1731 4283 1826 4346; x_wconf 86' lang='lat' dir='ltr'>Unde</span> 
     </span>
     <span class='ocr_line' id='line_1_42' title="bbox 167 4377 1823 4460; baseline 0.002 -21"><span class='ocrx_word' id='word_1_515' title='bbox 167 4377 264 4456; x_wconf 81' lang='lat' dir='ltr'>(Gen.</span> <span class='ocrx_word' id='word_1_516' title='bbox 286 4393 387 4442; x_wconf 83' lang='lat' dir='ltr'>xrru.</span> <span class='ocrx_word' id='word_1_517' title='bbox 410 4377 475 4454; x_wconf 77' lang='lat'>27).</span> <span class='ocrx_word' id='word_1_518' title='bbox 495 4377 549 4438; x_wconf 91' lang='lat' dir='ltr'>Sic</span> <span class='ocrx_word' id='word_1_519' title='bbox 572 4377 675 4441; x_wconf 86' lang='lat' dir='ltr'>Jacob</span> <span class='ocrx_word' id='word_1_520' title='bbox 700 4381 831 4455; x_wconf 79' lang='lat' dir='ltr'>quando</span> <span class='ocrx_word' id='word_1_521' title='bbox 854 4381 962 4443; x_wconf 83' lang='lat' dir='ltr'>dixit:</span> <span class='ocrx_word' id='word_1_522' title='bbox 1021 4384 1161 4457; x_wconf 82' lang='lat' dir='ltr'>legimus</span> <span class='ocrx_word' id='word_1_523' title='bbox 1176 4384 1211 4443; x_wconf 92' lang='lat' dir='ltr'>in</span> <span class='ocrx_word' id='word_1_524' title='bbox 1227 4383 1420 4459; x_wconf 79' lang='lat' dir='ltr'>Evangelio,</span> <span class='ocrx_word' id='word_1_525' title='bbox 1434 4383 1520 4460; x_wconf 81' lang='lat' dir='ltr'>quod</span> <span class='ocrx_word' id='word_1_526' title='bbox 1533 4382 1823 4443; x_wconf 81' lang='lat' dir='ltr'>Dominusridens</span> 
     </span>
     <span class='ocr_line' id='line_1_43' title="bbox 166 4479 1822 4549; baseline 0.003 -14"><span class='ocrx_word' id='word_1_527' title='bbox 166 4479 286 4541; x_wconf 73' lang='lat' dir='ltr'>riliuar</span> <span class='ocrx_word' id='word_1_528' title='bbox 305 4489 395 4546; x_wconf 78' lang='lat' dir='ltr'>Sltm,</span> <span class='ocrx_word' id='word_1_529' title='bbox 410 4479 565 4547; x_wconf 75' lang='lat' dir='ltr'>Dandae,</span> <span class='ocrx_word' id='word_1_530' title='bbox 586 4479 742 4539; x_wconf 68' lang='lat' dir='ltr'>obatrrtbus</span> <span class='ocrx_word' id='word_1_531' title='bbox 762 4481 964 4539; x_wconf 62' lang='lat' dir='ltr'>insperatio—</span> <span class='ocrx_word' id='word_1_532' title='bbox 1020 4480 1174 4541; x_wconf 82' lang='lat' dir='ltr'>arborem</span> <span class='ocrx_word' id='word_1_533' title='bbox 1189 4480 1243 4541; x_wconf 88' lang='lat' dir='ltr'>lici</span> <span class='ocrx_word' id='word_1_534' title='bbox 1258 4496 1356 4542; x_wconf 90' lang='lat' dir='ltr'>secus</span> <span class='ocrx_word' id='word_1_535' title='bbox 1370 4481 1471 4549; x_wconf 80' lang='lat' dir='ltr'>viam,</span> <span class='ocrx_word' id='word_1_536' title='bbox 1489 4481 1573 4540; x_wconf 91' lang='lat' dir='ltr'>nihil</span> <span class='ocrx_word' id='word_1_537' title='bbox 1588 4481 1716 4541; x_wconf 88' lang='lat' dir='ltr'>inrenit</span> <span class='ocrx_word' id='word_1_538' title='bbox 1731 4480 1765 4540; x_wconf 92' lang='lat' dir='ltr'>in</span> <span class='ocrx_word' id='word_1_539' title='bbox 1781 4496 1822 4540; x_wconf 88' lang='lat' dir='ltr'>ea</span> 
     </span>
     <span class='ocr_line' id='line_1_44' title="bbox 166 4571 1823 4654; baseline 0 -19"><span class='ocrx_word' id='word_1_540' title='bbox 166 4575 266 4639; x_wconf 79' lang='lat' dir='ltr'>aibas</span> <span class='ocrx_word' id='word_1_541' title='bbox 292 4573 362 4633; x_wconf 81' lang='lat' dir='ltr'>tais</span> <span class='ocrx_word' id='word_1_542' title='bbox 386 4571 481 4650; x_wconf 87' lang='lat' dir='ltr'>(Gen.</span> <span class='ocrx_word' id='word_1_543' title='bbox 501 4588 608 4646; x_wconf 82' lang='lat' dir='ltr'>xxxii,</span> <span class='ocrx_word' id='word_1_544' title='bbox 627 4573 690 4654; x_wconf 89' lang='grc'><strong>10).</strong></span> <span class='ocrx_word' id='word_1_545' title='bbox 707 4576 811 4635; x_wconf 77' lang='lat' dir='ltr'>Dauid</span> <span class='ocrx_word' id='word_1_546' title='bbox 834 4592 965 4654; x_wconf 75' lang='lat' dir='ltr'>qrroqne</span> <span class='ocrx_word' id='word_1_547' title='bbox 1021 4578 1086 4639; x_wconf 85' lang='lat' dir='ltr'>nisi</span> <span class='ocrx_word' id='word_1_548' title='bbox 1108 4578 1189 4639; x_wconf 85' lang='lat' dir='ltr'>lolia</span> <span class='ocrx_word' id='word_1_549' title='bbox 1217 4580 1357 4650; x_wconf 90' lang='lat' dir='ltr'>tantum,</span> <span class='ocrx_word' id='word_1_550' title='bbox 1385 4594 1452 4638; x_wconf 91' lang='lat' dir='ltr'>non</span> <span class='ocrx_word' id='word_1_551' title='bbox 1480 4579 1571 4639; x_wconf 92' lang='lat' dir='ltr'>enim</span> <span class='ocrx_word' id='word_1_552' title='bbox 1598 4580 1670 4639; x_wconf 90' lang='lat' dir='ltr'>erat</span> <span class='ocrx_word' id='word_1_553' title='bbox 1691 4580 1823 4652; x_wconf 89' lang='lat' dir='ltr'>tempus</span> 
     </span>
     <span class='ocr_line' id='line_1_45' title="bbox 167 4671 1824 4752; baseline 0.002 -21"><span class='ocrx_word' id='word_1_554' title='bbox 167 4671 275 4732; x_wconf 89' lang='lat' dir='ltr'>dixit:</span> <span class='ocrx_word' id='word_1_555' title='bbox 301 4673 425 4733; x_wconf 75' lang='lat' dir='ltr'>Caicus</span> <span class='ocrx_word' id='word_1_556' title='bbox 448 4672 482 4732; x_wconf 87' lang='lat' dir='ltr'>ct</span> <span class='ocrx_word' id='word_1_557' title='bbox 500 4687 637 4746; x_wconf 73' lang='lat' dir='ltr'>pnacper</span> <span class='ocrx_word' id='word_1_558' title='bbox 654 4686 732 4733; x_wconf 74' lang='lat' dir='ltr'>ercan</span> <span class='ocrx_word' id='word_1_559' title='bbox 753 4688 815 4752; x_wconf 74' lang='lat' dir='ltr'>epo</span> <span class='ocrx_word' id='word_1_560' title='bbox 830 4674 900 4752; x_wconf 78' lang='lat' dir='ltr'>(l‘s.</span> <span class='ocrx_word' id='word_1_561' title='bbox 913 4677 963 4747; x_wconf 75' lang='lat'>24,</span> <span class='ocrx_word' id='word_1_562' title='bbox 1021 4679 1154 4749; x_wconf 84' lang='lat' dir='ltr'>ficuum,</span> <span class='ocrx_word' id='word_1_563' title='bbox 1167 4681 1199 4737; x_wconf 87' lang='lat' dir='ltr'>et</span> <span class='ocrx_word' id='word_1_564' title='bbox 1214 4677 1387 4739; x_wconf 82' lang='lat' dir='ltr'>maledixit</span> <span class='ocrx_word' id='word_1_565' title='bbox 1396 4677 1595 4738; x_wconf 88' lang='lat' dir='ltr'>eamdicens</span> <span class='ocrx_word' id='word_1_566' title='bbox 1606 4678 1824 4749; x_wconf 65' lang='lat' dir='ltr'>:hammam</span> 
     </span>
     <span class='ocr_line' id='line_1_46' title="bbox 167 4768 1828 4849; baseline 0.001 -16"><span class='ocrx_word' id='word_1_567' title='bbox 167 4768 232 4848; x_wconf 85' lang='grc'><strong>16).</strong></span> <span class='ocrx_word' id='word_1_568' title='bbox 249 4772 350 4830; x_wconf 90' lang='lat' dir='ltr'>Beata</span> <span class='ocrx_word' id='word_1_569' title='bbox 366 4770 473 4831; x_wconf 81' lang='lat' dir='ltr'>Maria</span> <span class='ocrx_word' id='word_1_570' title='bbox 488 4770 588 4830; x_wconf 89' lang='lat' dir='ltr'>etiam</span> <span class='ocrx_word' id='word_1_571' title='bbox 608 4769 725 4846; x_wconf 91' lang='lat' dir='ltr'>plicuit</span> <span class='ocrx_word' id='word_1_572' title='bbox 739 4771 839 4832; x_wconf 83' lang='lat' dir='ltr'>ritem</span> <span class='ocrx_word' id='word_1_573' title='bbox 856 4788 964 4839; x_wconf 86' lang='lat' dir='ltr'>suam,</span> <span class='ocrx_word' id='word_1_574' title='bbox 1020 4790 1067 4837; x_wconf 78' lang='lat' dir='ltr'>aa</span> <span class='ocrx_word' id='word_1_575' title='bbox 1082 4776 1115 4835; x_wconf 89' lang='lat' dir='ltr'>te</span> <span class='ocrx_word' id='word_1_576' title='bbox 1135 4775 1271 4849; x_wconf 73' lang='lat' dir='ltr'>fruetus</span> <span class='ocrx_word' id='word_1_577' title='bbox 1286 4777 1452 4835; x_wconf 76' lang='lat' dir='ltr'>›tascatnr</span> <span class='ocrx_word' id='word_1_578' title='bbox 1468 4778 1505 4835; x_wconf 80' lang='lat' dir='ltr'>tn</span> <span class='ocrx_word' id='word_1_579' title='bbox 1524 4774 1774 4849; x_wconf 81' lang='lat' dir='ltr'>sempiternom</span> <span class='ocrx_word' id='word_1_580' title='bbox 1792 4775 1828 4834; x_wconf 90' lang='lat' dir='ltr'>et</span> 
     </span>
     <span class='ocr_line' id='line_1_47' title="bbox 166 4867 1829 4949; baseline 0.002 -21"><span class='ocrx_word' id='word_1_581' title='bbox 166 4868 297 4945; x_wconf 88' lang='lat' dir='ltr'>quando</span> <span class='ocrx_word' id='word_1_582' title='bbox 323 4867 408 4928; x_wconf 81' lang='lat' dir='ltr'>dixit</span> <span class='ocrx_word' id='word_1_583' title='bbox 432 4884 439 4927; x_wconf 94' lang='lat'>:</span> <span class='ocrx_word' id='word_1_584' title='bbox 462 4872 549 4928; x_wconf 79' lang='lat' dir='ltr'>Ecce</span> <span class='ocrx_word' id='word_1_585' title='bbox 575 4872 699 4929; x_wconf 79' lang='lat' dir='ltr'>ancilla</span> <span class='ocrx_word' id='word_1_586' title='bbox 723 4872 873 4941; x_wconf 80' lang='lat' dir='ltr'>Doustut,</span> <span class='ocrx_word' id='word_1_587' title='bbox 902 4871 964 4941; x_wconf 80' lang='lat' dir='ltr'>(lat</span> <span class='ocrx_word' id='word_1_588' title='bbox 1019 4874 1181 4935; x_wconf 74' lang='lat' dir='ltr'>cantharo</span> <span class='ocrx_word' id='word_1_589' title='bbox 1195 4869 1590 4949; x_wconf 48' lang='lat' dir='ltr'>praestolandam).</span> <span class='ocrx_word' id='word_1_590' title='bbox 1611 4871 1703 4933; x_wconf 90' lang='lat' dir='ltr'>idem</span> <span class='ocrx_word' id='word_1_591' title='bbox 1718 4871 1829 4947; x_wconf 87' lang='lat' dir='ltr'>sigui-</span> 
     </span>
     <span class='ocr_line' id='line_1_48' title="bbox 170 4967 1825 5046; baseline 0.002 -21"><span class='ocrx_word' id='word_1_592' title='bbox 170 4969 255 5026; x_wconf 84' lang='lat' dir='ltr'>mibi</span> <span class='ocrx_word' id='word_1_593' title='bbox 272 4969 459 5026; x_wconf 69' lang='lat' dir='ltr'>sectandam</span> <span class='ocrx_word' id='word_1_594' title='bbox 470 4969 613 5026; x_wconf 78' lang='lat' dir='ltr'>verbum</span> <span class='ocrx_word' id='word_1_595' title='bbox 628 4967 727 5027; x_wconf 72' lang='lat' dir='ltr'>cratem</span> <span class='ocrx_word' id='word_1_596' title='bbox 749 4968 843 5043; x_wconf 87' lang='lat' dir='ltr'>(Luc.</span> <span class='ocrx_word' id='word_1_597' title='bbox 861 4983 883 5038; x_wconf 91' lang='lat'>1,</span> <span class='ocrx_word' id='word_1_598' title='bbox 897 4967 963 5046; x_wconf 90' lang='lat'>38).</span> <span class='ocrx_word' id='word_1_599' title='bbox 1022 4968 1140 5030; x_wconf 86' lang='lat' dir='ltr'>ilcatur</span> <span class='ocrx_word' id='word_1_600' title='bbox 1167 4984 1226 5046; x_wconf 89' lang='lat' dir='ltr'>per</span> <span class='ocrx_word' id='word_1_601' title='bbox 1252 4969 1350 5030; x_wconf 87' lang='lat' dir='ltr'>ticum</span> <span class='ocrx_word' id='word_1_602' title='bbox 1379 4969 1465 5046; x_wconf 89' lang='lat' dir='ltr'>quod</span> <span class='ocrx_word' id='word_1_603' title='bbox 1493 4970 1527 5030; x_wconf 91' lang='lat' dir='ltr'>et</span> <span class='ocrx_word' id='word_1_604' title='bbox 1555 4985 1615 5046; x_wconf 85' lang='lat' dir='ltr'>per</span> <span class='ocrx_word' id='word_1_605' title='bbox 1640 4969 1825 5046; x_wconf 88' lang='lat' dir='ltr'>palmitem.</span> 
     </span>
     <span class='ocr_line' id='line_1_49' title="bbox 168 5061 1824 5144; baseline 0.001 -20"><span class='ocrx_word' id='word_1_606' title='bbox 168 5061 335 5124; x_wconf 71' lang='lat' dir='ltr'>asbestus</span> <span class='ocrx_word' id='word_1_607' title='bbox 352 5063 476 5122; x_wconf 88' lang='lat' dir='ltr'>Paulus</span> <span class='ocrx_word' id='word_1_608' title='bbox 491 5064 659 5139; x_wconf 83' lang='lat' dir='ltr'>palmitem</span> <span class='ocrx_word' id='word_1_609' title='bbox 675 5082 769 5125; x_wconf 90' lang='lat' dir='ltr'>suum</span> <span class='ocrx_word' id='word_1_610' title='bbox 789 5066 963 5142; x_wconf 86' lang='lat' dir='ltr'>plicuerat,</span> <span class='ocrx_word' id='word_1_611' title='bbox 1021 5069 1106 5127; x_wconf 81' lang='lat' dir='ltr'>Nam</span> <span class='ocrx_word' id='word_1_612' title='bbox 1126 5066 1265 5144; x_wconf 88' lang='lat' dir='ltr'>quilibet</span> <span class='ocrx_word' id='word_1_613' title='bbox 1289 5066 1398 5127; x_wconf 87' lang='lat' dir='ltr'>tidelis</span> <span class='ocrx_word' id='word_1_614' title='bbox 1420 5083 1479 5143; x_wconf 93' lang='lat' dir='ltr'>per</span> <span class='ocrx_word' id='word_1_615' title='bbox 1502 5066 1756 5127; x_wconf 88' lang='lat' dir='ltr'>similitudinem</span> <span class='ocrx_word' id='word_1_616' title='bbox 1770 5068 1824 5126; x_wconf 81' lang='lat' dir='ltr'>est</span> 
     </span>
     <span class='ocr_line' id='line_1_50' title="bbox 166 5160 1827 5240; baseline 0.002 -18"><span class='ocrx_word' id='word_1_617' title='bbox 166 5160 298 5240; x_wconf 86' lang='lat' dir='ltr'>quaudo</span> <span class='ocrx_word' id='word_1_618' title='bbox 323 5160 569 5222; x_wconf 78' lang='lat' dir='ltr'>dicebatzh&#39;aa</span> <span class='ocrx_word' id='word_1_619' title='bbox 590 5179 669 5223; x_wconf 83' lang='lat' dir='ltr'>sam</span> <span class='ocrx_word' id='word_1_620' title='bbox 695 5166 821 5239; x_wconf 73' lang='lat' dir='ltr'>alpinas</span> <span class='ocrx_word' id='word_1_621' title='bbox 847 5168 966 5225; x_wconf 80' lang='lat' dir='ltr'>cocart</span> <span class='ocrx_word' id='word_1_622' title='bbox 1021 5164 1129 5227; x_wconf 90' lang='lat' dir='ltr'>dictus</span> <span class='ocrx_word' id='word_1_623' title='bbox 1157 5163 1282 5240; x_wconf 88' lang='lat' dir='ltr'>palmes</span> <span class='ocrx_word' id='word_1_624' title='bbox 1307 5166 1340 5224; x_wconf 93' lang='lat' dir='ltr'>et</span> <span class='ocrx_word' id='word_1_625' title='bbox 1363 5163 1459 5226; x_wconf 84' lang='lat' dir='ltr'>ficus.</span> <span class='ocrx_word' id='word_1_626' title='bbox 1485 5164 1550 5225; x_wconf 90' lang='lat' dir='ltr'>Sed</span> <span class='ocrx_word' id='word_1_627' title='bbox 1564 5165 1594 5223; x_wconf 86' lang='lat' dir='ltr'>si</span> <span class='ocrx_word' id='word_1_628' title='bbox 1619 5180 1687 5224; x_wconf 90' lang='lat' dir='ltr'>non</span> <span class='ocrx_word' id='word_1_629' title='bbox 1708 5163 1827 5225; x_wconf 88' lang='lat' dir='ltr'>iecerit</span> 
     </span>
     <span class='ocr_line' id='line_1_51' title="bbox 166 5257 1831 5338; baseline 0 -17"><span class='ocrx_word' id='word_1_630' title='bbox 166 5257 356 5332; x_wconf 79' lang='lat' dir='ltr'>Apostolus,</span> <span class='ocrx_word' id='word_1_631' title='bbox 372 5261 455 5331; x_wconf 81' lang='lat' dir='ltr'>quia</span> <span class='ocrx_word' id='word_1_632' title='bbox 470 5260 763 5332; x_wconf 78' lang='lat' dir='ltr'>persecatassum</span> <span class='ocrx_word' id='word_1_633' title='bbox 778 5264 966 5322; x_wconf 75' lang='lat' dir='ltr'>Ecclesiam</span> <span class='ocrx_word' id='word_1_634' title='bbox 1022 5262 1175 5329; x_wconf 84' lang='lat' dir='ltr'>tractum,</span> <span class='ocrx_word' id='word_1_635' title='bbox 1203 5262 1299 5333; x_wconf 85' lang='lat' dir='ltr'>idest,</span> <span class='ocrx_word' id='word_1_636' title='bbox 1314 5277 1397 5338; x_wconf 91' lang='lat' dir='ltr'>opus</span> <span class='ocrx_word' id='word_1_637' title='bbox 1417 5261 1552 5327; x_wconf 85' lang='lat' dir='ltr'>bonum,</span> <span class='ocrx_word' id='word_1_638' title='bbox 1568 5277 1636 5321; x_wconf 91' lang='lat' dir='ltr'>non</span> <span class='ocrx_word' id='word_1_639' title='bbox 1649 5262 1682 5321; x_wconf 89' lang='lat' dir='ltr'>ei</span> <span class='ocrx_word' id='word_1_640' title='bbox 1707 5260 1831 5338; x_wconf 88' lang='lat' dir='ltr'>prode-</span> 
     </span>
     <span class='ocr_line' id='line_1_52' title="bbox 167 5354 1828 5434; baseline -0.001 -15"><span class='ocrx_word' id='word_1_641' title='bbox 167 5359 233 5419; x_wconf 83' lang='lat' dir='ltr'>Det</span> <span class='ocrx_word' id='word_1_642' title='bbox 248 5356 276 5433; x_wconf 90' lang='lat'>(1</span> <span class='ocrx_word' id='word_1_643' title='bbox 291 5358 365 5415; x_wconf 87' lang='lat' dir='ltr'>Gor.</span> <span class='ocrx_word' id='word_1_644' title='bbox 380 5371 436 5427; x_wconf 87' lang='lat' dir='ltr'>xv,</span> <span class='ocrx_word' id='word_1_645' title='bbox 450 5354 497 5434; x_wconf 85' lang='grc'>9).</span> <span class='ocrx_word' id='word_1_646' title='bbox 1021 5363 1098 5419; x_wconf 90' lang='lat' dir='ltr'>runt</span> <span class='ocrx_word' id='word_1_647' title='bbox 1126 5359 1217 5430; x_wconf 85' lang='lat' dir='ltr'>lolia,</span> <span class='ocrx_word' id='word_1_648' title='bbox 1239 5360 1325 5420; x_wconf 84' lang='lat' dir='ltr'>idest</span> <span class='ocrx_word' id='word_1_649' title='bbox 1350 5375 1471 5422; x_wconf 91' lang='lat' dir='ltr'>nornen</span> <span class='ocrx_word' id='word_1_650' title='bbox 1493 5359 1752 5421; x_wconf 88' lang='lat' dir='ltr'>christianitatis</span> <span class='ocrx_word' id='word_1_651' title='bbox 1775 5360 1828 5419; x_wconf 79' lang='lat' dir='ltr'>rel</span> 
     </span>
     <span class='ocr_line' id='line_1_53' title="bbox 209 5453 1827 5534; baseline 0.001 -19"><span class='ocrx_word' id='word_1_652' title='bbox 209 5454 292 5515; x_wconf 88' lang='lat' dir='ltr'>Sunt</span> <span class='ocrx_word' id='word_1_653' title='bbox 314 5455 425 5514; x_wconf 88' lang='lat' dir='ltr'>autem</span> <span class='ocrx_word' id='word_1_654' title='bbox 447 5453 599 5531; x_wconf 86' lang='lat' dir='ltr'>palmites</span> <span class='ocrx_word' id='word_1_655' title='bbox 625 5454 722 5516; x_wconf 88' lang='lat' dir='ltr'>bonae</span> <span class='ocrx_word' id='word_1_656' title='bbox 748 5456 965 5532; x_wconf 87' lang='lat' dir='ltr'>cogitationes</span> <span class='ocrx_word' id='word_1_657' title='bbox 1022 5457 1098 5517; x_wconf 90' lang='lat' dir='ltr'>tidei</span> <span class='ocrx_word' id='word_1_658' title='bbox 1121 5457 1233 5526; x_wconf 78' lang='lat' dir='ltr'>verba,</span> <span class='ocrx_word' id='word_1_659' title='bbox 1250 5458 1327 5534; x_wconf 88' lang='lat' dir='ltr'>quia</span> <span class='ocrx_word' id='word_1_660' title='bbox 1341 5458 1501 5518; x_wconf 88' lang='lat' dir='ltr'>Dominus</span> <span class='ocrx_word' id='word_1_661' title='bbox 1516 5456 1695 5518; x_wconf 87' lang='lat' dir='ltr'>maledicet</span> <span class='ocrx_word' id='word_1_662' title='bbox 1706 5458 1739 5518; x_wconf 94' lang='lat' dir='ltr'>ei</span> <span class='ocrx_word' id='word_1_663' title='bbox 1756 5472 1827 5517; x_wconf 91' lang='lat' dir='ltr'>ma-</span> 
     </span>
     <span class='ocr_line' id='line_1_54' title="bbox 167 5553 1824 5633; baseline 0.001 -20"><span class='ocrx_word' id='word_1_664' title='bbox 167 5568 242 5631; x_wconf 85' lang='lat' dir='ltr'>quae</span> <span class='ocrx_word' id='word_1_665' title='bbox 258 5553 441 5613; x_wconf 87' lang='lat' dir='ltr'>nascuntur</span> <span class='ocrx_word' id='word_1_666' title='bbox 455 5553 495 5613; x_wconf 93' lang='lat' dir='ltr'>de</span> <span class='ocrx_word' id='word_1_667' title='bbox 520 5554 718 5614; x_wconf 89' lang='lat' dir='ltr'>contritione</span> <span class='ocrx_word' id='word_1_668' title='bbox 744 5554 865 5626; x_wconf 88' lang='lat' dir='ltr'>cordis,</span> <span class='ocrx_word' id='word_1_669' title='bbox 886 5570 967 5615; x_wconf 93' lang='lat' dir='ltr'>con-</span> <span class='ocrx_word' id='word_1_670' title='bbox 1022 5555 1200 5616; x_wconf 89' lang='lat' dir='ltr'>ledictione</span> <span class='ocrx_word' id='word_1_671' title='bbox 1220 5559 1391 5632; x_wconf 87' lang='lat' dir='ltr'>perpetua,</span> <span class='ocrx_word' id='word_1_672' title='bbox 1407 5557 1439 5617; x_wconf 90' lang='lat' dir='ltr'>et</span> <span class='ocrx_word' id='word_1_673' title='bbox 1454 5557 1584 5617; x_wconf 81' lang='lat' dir='ltr'>arescet</span> <span class='ocrx_word' id='word_1_674' title='bbox 1606 5571 1731 5633; x_wconf 87' lang='lat' dir='ltr'>corpus</span> <span class='ocrx_word' id='word_1_675' title='bbox 1753 5558 1824 5631; x_wconf 85' lang='lat' dir='ltr'>ejus</span> 
     </span>
     <span class='ocr_line' id='line_1_55' title="bbox 166 5649 1839 5730; baseline -0.001 -18"><span class='ocrx_word' id='word_1_676' title='bbox 166 5651 315 5713; x_wconf 82' lang='lat' dir='ltr'>sessione</span> <span class='ocrx_word' id='word_1_677' title='bbox 347 5651 428 5722; x_wconf 86' lang='lat' dir='ltr'>oris,</span> <span class='ocrx_word' id='word_1_678' title='bbox 462 5652 497 5712; x_wconf 91' lang='lat' dir='ltr'>et</span> <span class='ocrx_word' id='word_1_679' title='bbox 525 5649 753 5713; x_wconf 79' lang='lat' dir='ltr'>satisfactione</span> <span class='ocrx_word' id='word_1_680' title='bbox 776 5652 898 5729; x_wconf 86' lang='lat' dir='ltr'>operis.</span> <span class='ocrx_word' id='word_1_681' title='bbox 928 5654 966 5713; x_wconf 91' lang='lat' dir='ltr'>ln</span> <span class='ocrx_word' id='word_1_682' title='bbox 1022 5653 1056 5713; x_wconf 91' lang='lat' dir='ltr'>in</span> <span class='ocrx_word' id='word_1_683' title='bbox 1070 5653 1220 5730; x_wconf 79' lang='lat' dir='ltr'>pulvere,</span> <span class='ocrx_word' id='word_1_684' title='bbox 1238 5654 1352 5714; x_wconf 89' lang='lat' dir='ltr'>anima</span> <span class='ocrx_word' id='word_1_685' title='bbox 1367 5670 1447 5715; x_wconf 72' lang='lat' dir='ltr'>uero</span> <span class='ocrx_word' id='word_1_686' title='bbox 1462 5653 1497 5714; x_wconf 89' lang='lat' dir='ltr'>iu</span> <span class='ocrx_word' id='word_1_687' title='bbox 1519 5652 1839 5729; x_wconf 77' lang='lat' dir='ltr'>ignecremabnun-</span> 
     </span>
    </p>
   </div>
   <div class='ocr_carea' id='block_1_5' title="bbox 0 0 1904 6164">
    <p class='ocr_par' dir='ltr' id='par_1_5' title="bbox 0 0 1904 6164">
     <span class='ocr_line' id='line_1_56' title="bbox 0 0 1904 6164; baseline 0 0"><span class='ocrx_word' id='word_1_688' title='bbox 0 0 1904 6164; x_wconf 95' lang='lat' dir='ltr'> </span> 
     </span>
    </p>
   </div>
  </div>
 </body>
</html>
