3802 6166
90 347 149 408 271

557 341 733 404 HONORII
755 340 800 400 111
822 340 970 401 OPERA.
988 368 1027 384 -
1043 339 1278 405 SERMONES.

1677 340 1739 402 272

95 503 196 566 Stetit
218 519 280 583 per
304 503 426 566 auxilii
456 501 753 580 preparationem.
794 499 926 563 Unde..
942 513 1031 561 aere.
1048 498 1142 562 Unde
1163 498 1291 562 David:
1311 500 1470 563 Volucres
1489 500 1564 561 emti
1580 499 1614 560 et
1626 503 1739 574 pisces

91 602 287 677 stapedum
313 617 393 665 eum
412 601 647 676 lapidaretur,
661 599 753 661 atati
765 615 777 658 :
791 602 889 662 video

93 701 194 758 catos
212 697 352 769 apertos
366 696 401 756 et
413 698 534 756 lesum
548 694 698 755 stantem
717 694 890 755 adeatrts

91 800 158 862 Dei
171 793 255 875 (Act.
271 809 329 864 vn,
345 790 410 871 55).

135 892 293 968 Sequitur
308 907 316 945 ε
332 890 377 950 lit
390 902 555 950 cacumen
569 891 644 961 ejus
659 889 804 965 tannem
820 902 891 950 coe·

94 989 407 1068 lum((ieu.xxv1u,
428 984 492 1065 12).
509 986 718 1047 Pensaudum
733 986 794 1057 θεῖ,
815 984 889 1045 ire-

93 1088 161 1150 tres
181 1085 400 1156 dilectissimi,
417 1083 502 1161 qood
523 1098 583 1160 per
606 1099 765 1144 cacumen
790 1082 888 1144 scalae

94 1183 305 1260 triumphans
320 1182 514 1258 designatur
531 1181 691 1252 Ecclesia,
714 1183 809 1256 cujus
823 1179 889 1241 ho·

93 1280 211 1343 dierna
226 1280 280 1341 die
300 1295 374 1357 quaa
390 1279 536 1340 militaus
550 1277 601 1340 θεῖ
623 1277 772 1341 Ecclesia
794 1278 891 1338 nata·

94 1378 168 1441 litia
182 1378 271 1440 colit.
291 1377 466 1453 attriplex
481 1378 532 1438 est
553 1375 698 1437 hominis
720 1375 888 1438 nativitas.

94 1476 208 1537 Prima
231 1476 282 1537 est
300 1475 449 1548 naturae;
469 1472 613 1535 secunda
633 1473 770 1548 gratiam
791 1472 890 1535 tertia

94 1571 222 1650 gloriae.
249 1572 362 1634 Prima
376 1570 533 1633 nativitas
548 1571 598 1631 est
619 1570 654 1631 iu
676 1569 811 1630 miseria
831 1585 891 1647 per

6 1692 10 1703 ·
94 1670 238 1747 culpam,
255 1669 400 1731 secunda
412 1668 584 1745 injustitia
596 1666 774 1744 perfidem,
790 1667 890 1730 tertia

95 1767 130 1828 lu
141 1766 262 1842 gaudio
275 1781 334 1843 per
344 1765 518 1829 visionem.
534 1766 571 1825 ln
583 1766 687 1841 prima
702 1763 892 1826 ostenditur

95 1864 155 1926 Dei
173 1864 316 1941 justitia,
337 1863 372 1923 iu
394 1863 538 1924 secunda
562 1863 624 1925 Ilei
644 1862 832 1933 clementia,
855 1862 890 1922 iu

94 1961 194 2024 tertia
209 1961 269 2022 Dei
279 1960 522 2025 benevolentia.
543 1962 580 2020 Iu
594 1959 701 2037 prima
715 1959 766 2020 est
780 1959 889 2036 culpa,

97 2057 294 2120 inseranda
310 2058 474 2130 meritum,
490 2058 525 2118 in
539 2057 637 2119 tertia
654 2057 837 2134 praemium.
853 2058 893 2118 ut

96 2155 144 2218 ita
159 2155 257 2218 tertia
271 2155 436 2219 amittitur
454 2170 513 2232 per
528 2155 679 2231 primam,
703 2154 760 2215 sed
784 2153 891 2215 habe-

95 2253 153 2316 tur
165 2268 225 2330 per
242 2253 431 2314 secundam.
449 2252 534 2313 ilino
548 2251 680 2329 quidem
702 2256 892 2312 sanctorum

97 2350 266 2415 carnalem
281 2350 488 2414 nativitatem
502 2347 673 2411 celebrare
686 2364 753 2409 uon
770 2348 890 2420 decuit,

97 2447 175 2527 quia
190 2447 358 2512 hominem
372 2447 407 2508 iu
419 2446 509 2509 hunc
521 2445 654 2508 modum
665 2445 892 2523 coinquinavit

97 2561 158 2621 per
176 2545 317 2621 culpam.
340 2545 451 2609 Prima
469 2545 556 2611 enim
572 2544 732 2607 nativitas
746 2545 798 2605 est
821 2558 886 2605 ma-

98 2641 218 2703 ledicta
234 2642 311 2719 quia
323 2642 427 2704 trahit
445 2641 486 2703 ad
502 2642 652 2713 mortem,
664 2641 705 2703 de
720 2656 785 2718 qua
797 2644 894 2704 tere-

99 2739 185 2801 mias
207 2739 367 2817 propheta
387 2739 649 2801 aitzldaledtcta
672 2742 745 2800 dies
765 2742 803 2800 tu
825 2754 893 2812 qua

97 2837 201 2897 natm
212 2838 274 2911 tut,
292 2836 407 2898 etates
420 2839 457 2897 iu
469 2850 537 2909 qua
549 2836 684 2911 peperit
703 2850 761 2899 mc
778 2836 893 2898 mater

97 2948 176 2998 mea
190 2949 259 2997 uoa
270 2934 317 2996 stt
326 2933 502 2996 benedicta
515 2932 650 3011 (terem.
666 2948 726 3005 xx,
742 2931 806 3010 ll).

139 3029 292 3091 Secunda
304 3029 511 3091 benedicitur
520 3030 598 3107 quia
613 3028 767 3093 subvenit
780 3029 890 3101 morti,

99 3127 140 3190 de
161 3143 227 3204 qua
244 3130 390 3190 loannes
409 3149 417 3188 :
439 3130 557 3190 Omnis
572 3130 631 3202 qut
651 3128 825 3189 natusest
846 3143 892 3189 ea

98 3227 183 3298 Deo,
196 3239 265 3285 uon
282 3226 403 3299 peccat
422 3224 559 3303 (ilcan.
575 3240 608 3297 v,
631 3223 694 3304 18).
718 3226 808 3289 Hanc
823 3224 893 3301 spi-

98 3320 253 3389 ritualem
280 3321 486 3384 nativitatem
520 3321 665 3387 carnalis
692 3320 775 3398 legis
808 3321 890 3383 doc·

96 3420 151 3481 tor
171 3419 356 3495 ignorabat,
383 3421 478 3481 nocte
499 3419 637 3481 veniens
658 3419 699 3483 ad
721 3421 835 3481 lesum
857 3419 892 3481 ut

97 3517 273 3581 doceretur
286 3515 327 3579 ab
343 3532 393 3579 eo.
412 3519 515 3590 Quem
529 3517 654 3580 veritas
671 3517 719 3579 sic
734 3516 888 3579 iustruit:

98 3616 386 3683 otroduaiumest
399 3615 892 3690 eacaruccaroest,quodua·

98 3713 172 3775 tum
191 3714 243 3775 est
257 3729 304 3777 ca
321 3714 449 3788 spiritu
471 3715 618 3787 spiritus
636 3713 688 3775 cst
708 3709 817 3791 (toan.
840 3727 890 3779 ιιι,

95 3808 141 3888 a).
164 3810 276 3871 Tertia
298 3810 455 3871 nativitas
476 3811 527 3871 est
540 3809 647 3880 beata,
672 3809 749 3886 quia
765 3809 890 3885 justum

95 3906 132 3967 in
145 3906 252 3981 gloria
267 3907 467 3969 remunerat.
487 3907 580 3967 Unde
595 3906 751 3967 dicuutur
765 3906 891 3968 natalia

95 4005 285 4066 sanctorum
317 4002 389 4063 dies
424 4001 533 4064 obitus
570 4018 700 4067 eorum.
741 4002 888 4074 scilicet,

95 4100 226 4177 quando
240 4099 412 4161 intrantia
428 4099 568 4175 gloriam
583 4101 751 4162 aeternam.
766 4102 813 4188 lle
825 4116 890 4179 qua

79 4266 82 4273 ,
95 4196 262 4273 Propheta
278 4219 288 4262 a
302 4197 402 4259 Beati
416 4199 475 4270 qut
486 4198 640 4260 tabitaut
652 4201 688 4258 m
700 4200 799 4259 domo
818 4198 888 4271 tara,

94 4297 252 4365 Damtae,
273 4297 311 4354 m
333 4298 495 4356 scecedum
516 4297 631 4356 saecuti
649 4296 835 4356 mactabunt
858 4297 890 4359 te

96 4390 165 4472 (Ps.
181 4394 232 4463 83,
254 4389 302 4470 5).
318 4391 357 4453 m
371 4391 443 4452 haec
465 4392 516 4452 θεῖ
539 4391 686 4452 omnium
701 4394 890 4455 sanctorum

95 4490 264 4555 nativitas.
290 4478 383 4550 Tunc
411 4489 499 4550 euim
527 4504 607 4551 vere
628 4491 827 4563 nascuntur,
857 4492 891 4553 θῖ

95 4586 191 4664 quasi
207 4586 247 4648 ad
271 4601 345 4649 esse
359 4586 548 4658 trabuntur,
570 4603 645 4648 cum
667 4586 707 4648 ad
722 4588 817 4649 illum
833 4589 889 4666 qui

95 4685 161 4746 tine
175 4686 277 4753 caret,
293 4683 501 4761 perveniunt.
519 4684 630 4745 Primo
652 4685 801 4747 nascitur
815 4687 889 4763 quis

94 4784 130 4844 ut
146 4783 256 4855 vivat,
273 4781 419 4845 secundo
439 4783 476 4842 ut
490 4783 580 4859 juste
595 4781 696 4854 vivat,
715 4785 786 4860 jem
806 4784 890 4846 alter

92 4879 199 4943 iactus
212 4896 255 4941 ex
269 4880 386 4951 altero,
401 4880 438 4941 ut
452 4878 563 4940 dicere
578 4879 683 4956 possit
697 4897 704 4940 ι
726 4885 807 4943 Vivo
827 4897 888 4958 eae

85 4981 165 5051 jara
188 4993 258 5042 uon
283 4993 380 5055 epo...
409 4975 528 5050 (Galat.
558 4993 595 5049 u,
622 4977 694 5056 20);
724 4979 822 5040 tertio
855 4981 889 5041 ut

92 5074 187 5137 beate
201 5074 302 5146 vivat,
319 5076 355 5135 ut
369 5075 479 5137 dicere
492 5074 598 5152 possit
613 5096 621 5136 ε
643 5079 725 5138 Viuo
734 5091 806 5153 epo.

134 5173 237 5234 Item:
261 5172 300 5234 Εῖ
320 5187 478 5233 cacumen
500 5177 572 5250 ejus
595 5174 735 5251 tangens
755 5175 885 5236 coelum.

94 5270 174 5332 coeli
195 5269 254 5329 alii
274 5267 352 5330 sunt
375 5271 577 5346 corporales,
602 5272 662 5333 alii
684 5271 885 5349 spirituales.

93 5367 288 5443 Corporales
317 5366 394 5429 sunt
424 5366 494 5428 tres
528 5389 536 5427 :
569 5369 712 5444 primum
747 5371 797 5432 est
826 5386 887 5431 ae-

93 5480 206 5533 reum,
236 5463 417 5525 secuudum
445 5464 627 5537 sidereum,
654 5467 789 5528 tertium
816 5483 888 5528 em·

94 5577 243 5642 pyreum.
272 5564 415 5624 Aereum
438 5563 490 5624 est
509 5563 662 5641 superior
682 5580 760 5641 pars
784 5565 884 5636 aeris,

92 5659 181 5727 ande
201 5658 357 5724 dicuntur
376 5674 458 5724 aves
481 5659 568 5733 coeli,
587 5661 665 5740 quia
691 5663 826 5725 manent
849 5662 884 5723 in

942 599 1065 659 marta.
1093 596 1219 659 (ioelum
1247 595 1413 658 sidereum
1436 596 1487 658 est
1511 595 1546 656 iu
1576 612 1641 674 quo
1671 598 1740 658 lixa

943 694 1020 755 suut
1040 694 1161 766 sidera,
1187 694 1283 767 idest,
1312 693 1428 755 stellae.
1459 695 1506 754 Ι)θ
1530 710 1595 771 quo
1622 693 1739 756 beatus

944 792 1123 868 Gregorius
1138 791 1185 852 ait
1201 813 1208 851 :
1225 809 1243 850 e
1262 794 1329 852 Aer
1343 791 1419 852 coeli
1443 791 1603 868 qualitate
1625 790 1739 867 dispo-

943 888 1044 960 nitur,
1057 889 1146 951 terra
1158 905 1237 950 vero
1248 904 1325 950 aere
1341 888 1561 950 ioecundatur.
1572 888 1693 949 »Unde
1705 889 1740 949 in

944 985 1085 1050 Genesi:
1109 987 1247 1048 Vocaott
1266 990 1359 1049 Deras
1384 987 1646 1058 limitamentum
1671 1001 1742 1047 coe-

943 1088 1024 1146 term.
1053 1084 1178 1144 Coelum
1201 1099 1393 1161 empyreum
1417 1083 1520 1145 estin
1542 1099 1606 1160 quo
1628 1083 1740 1159 angeli

944 1181 1140 1243 consistunt.
1182 1182 1222 1243 nt
1261 1181 1382 1242 dicitur
1416 1196 1623 1257 empyreum,
1656 1180 1741 1242 idest

942 1278 1077 1355 igneum
1106 1295 1126 1339 a
1153 1279 1340 1356 splendore,
1364 1294 1431 1340 uou
1462 1294 1480 1340 a
1512 1278 1634 1351 calore,
1662 1279 1741 1356 quia

944 1376 1152 1452 splendidum
1182 1375 1234 1439 θεῖ
1265 1377 1364 1453 atque
1392 1390 1557 1438 serenum.
1597 1375 1740 1451 Dignum

944 1473 1065 1551 quippe
1085 1473 1158 1546 tuit,
1180 1475 1215 1536 ut
1230 1474 1317 1536 sicut
1335 1474 1446 1550 augeli
1468 1474 1546 1535 suut
1564 1472 1740 1550 splendidi,

944 1572 990 1633 ita
1012 1570 1173 1633 haherent
1187 1571 1377 1648 splendidas
1392 1571 1594 1632 mansiones.
1617 1572 1664 1632 De
1679 1571 1742 1631 hoc

945 1668 1039 1741 coelo,
1061 1668 1177 1730 dicunt
1190 1668 1353 1741 doctores,
1377 1668 1463 1746 quod
1485 1669 1597 1729 statim
1617 1671 1655 1730 ut
1669 1667 1743 1729 tac·

944 1768 1014 1828 tum
1029 1767 1089 1836 est,
1106 1766 1234 1842 angelis
1248 1766 1410 1843 repletum
1423 1766 1483 1828 est.
1502 1765 1596 1827 Unde
1611 1765 1715 1827 David
1733 1786 1741 1825 ι

946 1868 1075 1926 Ocelum
1088 1868 1164 1925 creti
1178 1867 1336 1936 Dotatae,
1353 1863 1448 1936 idest,
1464 1863 1550 1924 Filio
1565 1878 1625 1923 suo
1641 1863 1741 1934 dedit,

946 1963 982 2023 ut
1002 1960 1049 2021 ibi
1064 1961 1180 2037 regnet
1203 1977 1278 2022 cum
1300 1961 1415 2023 electis
1437 1960 1518 2021 suis.
1535 1960 1616 2020 Caeli
1643 1960 1745 2036 spiri-

945 2059 1053 2120 tuales
1063 2060 1140 2120 suut
1150 2061 1229 2131 tres,
1239 2058 1280 2119 de
1291 2058 1410 2136 quibus
1425 2074 1492 2120 nou
1503 2059 1553 2120 θεῖ
1564 2057 1743 2119 dicendum

946 2172 1005 2233 per
1019 2156 1214 2232 singularia.

984 2253 1111 2315 Aliter:
1129 2255 1168 2320 ut
1182 2270 1341 2316 cacumen
1360 2257 1433 2333 ejus
1453 2257 1593 2332 tangens
1609 2253 1741 2315 coelum.

947 2351 1008 2412 Hic
1020 2367 1100 2428 ergo
1113 2367 1173 2428 per
1185 2353 1303 2414 coelum
1317 2355 1405 2413 lteus
1416 2353 1517 2414 Pater
1528 2351 1740 2427 intelligitur,

947 2448 987 2511 de
1009 2463 1073 2526 quo
1089 2450 1313 2526 scriptumest
1336 2450 1370 2511 in
1390 2451 1540 2527 psalmo:
1563 2454 1591 2511 A
1605 2463 1744 2511 samum

945 2553 1027 2610 coelo
1055 2550 1208 2624 epressto
1234 2552 1319 2622 eius.
1347 2548 1500 2624 egressio
1531 2550 1615 2624 ejus,
1644 2547 1741 2619 idest,

947 2643 1104 2706 nativitas
1124 2644 1185 2705 tilii
1207 2647 1315 2722 ejusa
1337 2662 1466 2711 summo
1487 2645 1582 2717 ooelo,
1604 2645 1702 2717 idest,
1722 2659 1743 2705 a

946 2742 1046 2804 Patre
1058 2741 1115 2818 qui
1129 2743 1302 2803 cacumine
1321 2743 1420 2805 scalae
1439 2743 1646 2818 intelligitur,
1663 2742 1742 2820 quia

947 2855 990 2905 ex
1003 2838 1177 2901 divinitate
1193 2840 1286 2902 Patri
1307 2841 1412 2901 Filius
1429 2841 1631 2918 coaequatur.
1652 2840 1743 2902 Unde

945 2935 1124 3013 apostolus
1135 2938 1215 3004 :oret
1223 2953 1302 2998 cum
1313 2942 1349 2999 m
1362 2941 1478 3013 sorum
1487 2941 1551 3000 Det
1561 2938 1661 3011 esset,
1673 2953 1743 2999 uota

947 3037 1108 3109 raptuam
1124 3034 1318 3097 arbitratus
1339 3036 1391 3097 est
1412 3051 1485 3098 esse
1512 3051 1551 3097 se
1575 3041 1743 3109 ccqtmtem

945 3134 1016 3193 Deo
1036 3128 1173 3210 (Philip.
1190 3146 1228 3203 ιι,
1244 3129 1290 3210 6).
1314 3134 1398 3193 Nam
1418 3133 1556 3211 aequalis
1580 3134 1630 3194 est
1649 3132 1741 3194 Patri

946 3227 1126 3293 secundum
1142 3224 1360 3301 divinitatem,
1374 3229 1484 3293 minor
1502 3231 1601 3292 Patre
1615 3245 1741 3291 secuu-

946 3324 1023 3386 dum
1037 3324 1288 3388 humanitatem.
1303 3327 1398 3400 Quia,
1415 3343 1488 3389 cum
1504 3327 1548 3389 sit
1562 3329 1660 3398 Deus,
1682 3342 1742 3404 pro

946 3421 1041 3483 uobis
1053 3421 1160 3485 iactus
1175 3424 1226 3489 est
1238 3424 1346 3497 homo,
1369 3424 1403 3488 et
1423 3441 1496 3486 cum
1513 3424 1557 3486 sit
1570 3423 1740 3496 Dominus,

946 3519 1113 3597 pronubis
1127 3520 1234 3586 tactus
1247 3523 1297 3583 θεῖ
1309 3538 1436 3595 servus,
1451 3524 1484 3584 et
1498 3538 1572 3584 cum
1587 3522 1631 3584 sit
1646 3523 1744 3583 Crea-

944 3618 999 3679 tor
1017 3633 1077 3694 pro
1096 3618 1192 3680 nobis
1210 3618 1316 3681 tactus
1341 3621 1392 3682 est
1411 3621 1576 3683 creatura.
1600 3622 1666 3681 Per
1684 3635 1743 3681 ca-

945 3730 1063 3776 cumen
1099 3717 1199 3778 scalae
1232 3716 1355 3779 Christi
1388 3717 1501 3779 Deitas
1535 3716 1740 3792 designatur,

945 3810 1074 3874 dicente
1088 3812 1246 3890 apostolo
1264 3835 1271 3875 :
1290 3815 1401 3888 Caput
1412 3818 1483 3875 aim
1497 3815 1665 3886 Obrimus,
1688 3829 1744 3875 ca·

943 3909 1005 3982 put
1019 3910 1136 3971 atatem
1157 3911 1286 3972 climati
1304 3915 1396 3973 Deus
1416 3911 1468 3973 est
1485 3909 1514 3991 (l
1531 3912 1605 3973 Cor.
1630 3928 1677 3983 xi,
1694 3909 1741 3990 3).
1799 3962 1803 3967 ,

945 4006 1109 4067 Cacumen
1128 4007 1240 4084 itaque
1261 4009 1361 4070 scalae
1376 4008 1496 4070 coelum
1517 4008 1635 4084 tangit,
1662 4008 1741 4086 quia

944 4103 1036 4164 Patri
1058 4104 1161 4165 Filius
1183 4119 1242 4181 per
1258 4104 1463 4167 divinitatem
1481 4122 1516 4167 se
1532 4121 1604 4166 esse
1627 4121 1743 4183 aequa-

945 4199 1009 4260 lem
1030 4201 1173 4263 ostendit
1193 4200 1332 4263 diceus:
1358 4207 1431 4280 Epo
1450 4204 1483 4265 et
1504 4204 1613 4264 Pater
1631 4219 1742 4264 errarem

943 4311 1064 4360 sumas
1078 4297 1188 4376 (Joau.
1202 4315 1237 4371 x,
1254 4298 1320 4377 30).
1338 4299 1395 4361 isti
1410 4299 1521 4374 angeli
1542 4315 1602 4376 per
1615 4299 1741 4361 scalam

944 4394 1159 4457 ascendeutes
1174 4396 1207 4456 θῖ
1223 4395 1461 4458 descendentes
1474 4418 1482 4471 ;
1503 4396 1742 4459 descendentes

944 4491 1174 4567 compassione
1187 4492 1343 4564 miseriae,
1362 4493 1577 4554 ascendentes
1590 4492 1625 4555 iu
1641 4509 1743 4570 supe·

944 4588 1070 4648 riorum
1085 4589 1374 4666 contemplatione.
1390 4589 1559 4666 Attiigitur
1570 4589 1737 4662 infirmus,

944 4683 1104 4761 affligitur
1130 4686 1269 4748 activus.
1301 4686 1364 4747 Sed
1397 4686 1548 4747 infirmus
1576 4686 1739 4763 affligitur

943 4781 1104 4859 languore
1126 4784 1264 4861 peccati,
1281 4785 1314 4846 et
1328 4784 1443 4861 nequit
1465 4784 1656 4846 ascendere.
1674 4787 1742 4846 Ac-

943 4878 1034 4941 tivus
1049 4880 1210 4957 affligitur
1222 4881 1452 4959 compassione
1467 4882 1621 4954 miseriae,
1639 4883 1672 4944 et
1690 4883 1740 4943 sic

942 4980 1072 5054 oportet
1083 4995 1159 5041 eum
1172 4979 1382 5041 descendere.

984 5078 1065 5137 Tres
1091 5077 1179 5137 enim
1213 5079 1291 5143 sunt
1317 5077 1518 5150 descensus;
1542 5076 1670 5153 primus
1703 5076 1737 5137 in

943 5175 1103 5251 languore
1122 5174 1239 5252 culpae,
1263 5174 1427 5235 secundus
1450 5173 1484 5234 in
1509 5174 1739 5250 compassione

942 5272 1097 5344 miserim,
1114 5272 1232 5333 tertius
1255 5272 1289 5332 iu
1305 5271 1503 5334 humilitatis
1518 5270 1736 5333 exhibitione.

942 5370 1073 5431 Primus
1094 5370 1273 5431 descensus
1294 5371 1346 5429 est
1364 5368 1472 5444 culpa,
1489 5368 1656 5429 secundus
1674 5369 1739 5429 mi-

940 5468 1133 5538 sericordia,
1156 5466 1275 5528 tertius
1296 5465 1540 5527 benevolentia.
1559 5467 1607 5526 Ι)θ
1630 5467 1736 5542 primo

940 5566 1183 5643 scriptumest:
1200 5568 1281 5628 Nou
1301 5563 1444 5627 avertas
1463 5565 1589 5639 tactem
1603 5563 1702 5626 taam
1713 5579 1737 5624 a

939 5680 1006 5738 me,
1035 5664 1068 5726 et
1088 5677 1150 5726 ero
1168 5664 1291 5725 simula
1313 5660 1594 5741 descendentibus
1620 5663 1656 5723 tu
1678 5665 1735 5725 ta.
