3802 6166
123 270 185 335 lla
589 266 767 331 HONORII
788 266 833 327 111
855 265 1004 327 OPERA.
1020 290 1059 309 -
1074 265 1309 331 SERMONES.
1713 271 1773 334 llo

124 428 230 492 nutrit
252 427 431 502 flammam,
447 429 642 505 supernatat
657 426 788 489 caeteris
811 425 923 503 liquo-
975 424 1576 505 menium,quaudodeclaravittldem
1585 427 1776 503 Trinitatis,

123 527 227 589 ribus.
253 527 370 588 Oleum
396 526 485 587 enim
511 541 630 602 graece,
657 525 760 587 latine
788 523 922 585 miseri·
975 525 1047 585 sine
1056 540 1121 602 qua
1131 525 1239 587 omnis
1249 525 1348 586 homo
1359 525 1548 587 inconditus
1558 526 1609 589 est
1619 527 1776 604 etpecus.

23 648 28 655 ·
124 625 237 688 cordia
266 626 486 701 nuncupatur.
516 624 631 685 Oleum
667 623 763 684 sanat
781 622 920 684 vulnera
977 622 1069 684 Unde
1080 623 1260 684 Dominus:
1281 626 1344 685 Vos
1354 624 1439 685 estis
1452 629 1504 686 sat
1519 623 1627 687 tarrae
1642 623 1776 705 (matu.

124 722 283 800 corporis,
301 722 348 783 ita
362 723 395 783 et
415 721 644 783 misericordia
666 721 763 782 sanat
781 720 920 781 vulnera
975 737 1006 792 v,
1027 719 1090 799 13).
1106 720 1265 783 Praestitit
1279 722 1480 794 unctionem,
1494 723 1627 800 quando
1643 740 1704 801 per
1717 724 1780 785 im·

123 821 255 892 mentis,
275 818 354 897 quia
374 835 433 897 per
451 818 714 881 misericordiam
729 817 788 879 Dei
811 821 921 895 Apos-
976 818 1172 895 positionem
1193 836 1310 881 manus
1333 820 1567 897 Apostolorum
1589 820 1780 883 donabatur

68 984 72 995 ¹
123 918 211 981 tolus
226 916 403 978 mundatus
417 919 501 979 esta
520 917 668 994 peccatis
683 916 872 994 praeteritis
889 916 922 979 et
977 917 1120 993 Spiritus
1137 919 1290 992 Sanctus,
1307 919 1394 980 sicut
1407 919 1567 997 scriptum
1589 923 1641 981 est
1658 920 1694 981 in
1713 925 1779 981 Ao-

124 1015 308 1077 custoditus
321 1016 373 1077 est
386 1031 406 1077 a
417 1015 549 1077 tuturis.
567 1015 661 1077 Unde
674 1015 744 1093 ipse
761 1032 768 1070 :
784 1017 922 1076 Miseri·
976 1015 1066 1079 tibus
1081 1018 1313 1094 Apostolorum
1328 1038 1337 1078 ι
1352 1022 1438 1080 curn
1461 1018 1682 1093 imposuisset
1706 1022 1781 1080 ats-

122 1116 279 1175 coraltam
307 1114 508 1176 corasecutus
529 1129 625 1186 siam,
651 1117 732 1188 paria
754 1116 922 1190 tartareus
975 1121 1234 1193 cipauunrauus
1243 1121 1385 1188 Paulus,
1402 1117 1496 1179 verrit
1510 1117 1665 1191 Spiritus
1674 1119 1782 1179 Sarra·

1 1286 10 1297 Ι,
122 1214 200 1286 feci,
219 1213 257 1273 tn
272 1212 522 1274 iumedutttate.
538 1212 838 1287 Sitperabnnaaoit
852 1225 920 1271 au·
977 1216 1032 1277 tus
1054 1231 1161 1291 super
1182 1229 1240 1277 eos
1266 1211 1351 1292 (Act.
1377 1230 1448 1286 xrx,
1469 1213 1515 1292 6).
1538 1215 1643 1276 Erant
1665 1215 1781 1276 autem

123 1310 194 1370 iem
225 1311 342 1386 aratia
372 1312 511 1372 Domini
544 1309 657 1371 riustri
685 1311 771 1370 Jesu
793 1308 921 1371 Christi
977 1313 1149 1376 duodecim
1175 1312 1331 1390 discipuli
1351 1312 1503 1374 loannis.
1532 1312 1572 1373 Ei
1590 1313 1679 1374 sicut
1704 1313 1781 1375 oleo

123 1413 153 1496 (Ι
163 1416 246 1477 Tim.
261 1432 284 1488 1,
296 1413 361 1494 14).
376 1414 621 1478 Debocoleoin
631 1414 718 1477 libro
729 1413 920 1491 Regumdi-
975 1411 1104 1474 visibili
1117 1412 1287 1487 unguntur
1302 1410 1397 1472 modo
1413 1410 1613 1481 sacerdotes,
1630 1410 1678 1472 ita
1698 1426 1783 1487 gra·

15 1502 19 1507 ’
124 1513 227 1576 citur:
242 1515 514 1576 Dicitotauaad
530 1517 684 1576 Ditscum
698 1531 709 1574 .·
723 1517 801 1576 Nou
815 1516 920 1576 liabeo
978 1508 1783 1588 tiaspiritualiintrinsecusroborantur‚quando

123 1616 235 1673 euram
249 1615 318 1673 trist
326 1626 456 1686 purucm
473 1616 511 1673 in
523 1614 653 1688 cecutire
668 1610 729 1691 (ΙΙΙ
740 1614 820 1687 Reg.
837 1627 919 1683 nvn,
976 1624 1096 1669 manus
1111 1608 1160 1669 eis
1171 1607 1388 1685 imponuntur
1401 1623 1421 1668 a
1433 1607 1657 1684 pontificibus.
1676 1607 1783 1667 Simi-

124 1707 176 1788 12)
188 1709 284 1781 idest,
300 1725 418 1786 parum
434 1710 672 1773 misericordiae
685 1710 720 1771 in
736 1709 835 1771 corde
847 1725 919 1770 suo.
976 1707 1052 1768 liter
1080 1706 1118 1768 iit
1142 1706 1178 1766 in
1206 1704 1417 1776 Christianis,
1448 1704 1580 1782 quando
1606 1707 1783 1779 unguntur

123 1809 163 1869 Et
171 1806 343 1869 benedixit
351 1823 468 1884 parum
478 1808 555 1881 olei,
568 1809 646 1887 quia
657 1808 765 1868 omnis
775 1807 921 1868 humana
976 1805 1172 1879 chrismate3
1188 1804 1221 1865 et
1232 1803 1268 1864 in
1283 1803 1436 1876 intirmis,
1456 1802 1589 1881 quando
1605 1805 1783 1878 unguntur

34 1962 40 1969 .
122 1904 354 1967 misericordia
377 1922 479 1982 parva
506 1909 566 1969 est.
595 1905 689 1968 Unde
712 1906 747 1967 in
765 1907 919 1968 Psalmo:
976 1904 1012 1964 in
1027 1902 1195 1965 extremis.

122 2005 366 2065 Misericordia
383 2007 522 2066 Domini
538 2011 641 2081 pieria
662 2006 713 2066 esi
732 2006 832 2066 terra
851 2003 919 2082 (Ps.
1018 2001 1177 2063 Praestitit
1201 2000 1364 2072 decorem,
1389 1999 1520 2076 quando
1546 1998 1693 2061 erudivit
1716 2015 1782 2061 nos

122 2103 172 2173 33,
191 2100 237 2179 5),
265 2102 298 2162 et
321 2102 448 2164 David:
469 2106 574 2175 Sarra,
597 2106 743 2164 Domine
766 2105 923 2164 animam
977 2116 1036 2177 per
1048 2098 1201 2176 exempla
1216 2098 1312 2159 bonae
1326 2098 1403 2159 vitae
1413 2097 1455 2158 ad
1467 2097 1668 2174 equitatem.
1681 2097 1782 2160 Unde

122 2214 237 2260 meam
251 2203 333 2273 aicta
345 2203 485 2274 peccavi
505 2201 564 2262 tibi
582 2199 651 2280 (Ps.
668 2202 718 2273 40,
741 2199 787 2278 5).
805 2199 922 2261 Oleum
976 2197 1153 2275 Apostolus
1172 2197 1397 2258 :initiatores
1409 2199 1480 2257 met
1493 2196 1611 2267 estote,
1631 2195 1724 2256 stetu
1746 2196 1784 2257 et

122 2297 228 2358 nutrit
238 2297 416 2370 dammam,
430 2298 478 2359 ita
492 2298 721 2360 misericordia
734 2296 797 2359 luit
810 2301 921 2374 Apos-
977 2310 1038 2372 ego
1054 2296 1183 2359 Cbr=isti
1198 2293 1336 2374 (Philip.
1358 2308 1408 2365 111,
1433 2290 1497 2371 17).
1513 2292 1691 2370 Apostolus
1707 2292 1786 2355 dic-

121 2395 189 2457 tolo
215 2395 454 2457 nutrimentum
474 2397 614 2475 justitiae
637 2396 672 2457 in
694 2395 781 2457 bona
802 2412 923 2473 opora—
977 2395 1029 2455 tus
1041 2394 1090 2456 est
1103 2394 1225 2465 oleum,
1235 2391 1528 2470 quiailluminatus
1539 2390 1782 2463 estaChristo,

121 2493 223 2554 tione.
235 2495 376 2572 Lampas
387 2494 459 2555 sine
466 2495 538 2556 oleo
546 2511 613 2556 non
624 2495 864 2572 potestlucere,
875 2494 922 2555 ita
976 2492 1107 2570 quando
1122 2492 1213 2553 venit
1227 2505 1412 2569 supereum
1425 2489 1484 2551 lux
1494 2489 1535 2551 de
1550 2489 1645 2559 coelo,
1659 2490 1694 2551 et
1706 2488 1783 2567 ipse

123 2594 158 2653 et
170 2589 294 2653 bonum
309 2607 391 2669 opus
405 2593 478 2654 sine
492 2592 723 2654 misericordia
733 2607 800 2654 non
815 2593 922 2669 potest
976 2590 1179 2651 illuminarit
1193 2590 1290 2662 alios,
1306 2589 1437 2651 dicente
1451 2588 1492 2648 ad
1507 2589 1617 2665 ipsum
1632 2591 1702 2650 Deo
1718 2603 1783 2665 per

124 2690 278 2766 cuiquam
304 2690 472 2766 prodesse.
504 2690 597 2752 Unde
619 2690 797 2751 Psalmista
824 2691 919 2752 orat:
976 2689 1171 2767 prophetam
1186 2705 1193 2743 :
1210 2691 1318 2749 Posui
1333 2688 1367 2749 te
1381 2692 1418 2749 iu
1432 2692 1542 2749 tricem
1555 2688 1725 2763 gentium,
1738 2687 1782 2748 ut

121 2790 365 2850 Misericordia
384 2789 444 2850 tua
458 2790 684 2863 subsequetur
698 2804 753 2850 naa
778 2788 847 2867 (Ps.
868 2789 919 2859 22,
975 2790 1025 2849 str
1036 2792 1131 2849 satus
1144 2800 1234 2857 ntea,
1260 2800 1368 2859 iisque
1381 2789 1427 2846 ad
1444 2786 1644 2847 extremum
1669 2785 1782 2847 terrra

122 2883 168 2965 a).
185 2887 224 2947 Et
237 2885 413 2947 Salomon:
435 2889 535 2949 Omni
550 2887 704 2962 tempore
716 2887 922 2949 aestinaauta
976 2883 1035 2963 (ls.
1049 2899 1142 2957 xurx,
1158 2882 1204 2963 6).
1220 2885 1261 2947 ut
1272 2882 1389 2945 reiecit
1400 2882 1501 2945 verbo
1516 2881 1778 2959 praedicationis,

124 2983 184 3045 tua
206 2985 452 3056 sirticanattata,
474 2985 507 3046 et
529 2990 641 3046 owurn
664 2985 838 3059 decapite
863 2985 921 3045 tuo
976 2983 1012 3045 ut
1047 2983 1159 3045 dicere
1195 2982 1308 3060 posset
1346 2998 1421 3043 cum
1460 2981 1548 3042 isaia
1584 2979 1781 3058 propheta:

122 3093 192 3140 aion
205 3081 342 3152 deficiat
357 3079 459 3158 (Uccl.
473 3095 521 3153 rx,
534 3080 568 3161 8)
587 3081 682 3154 idest,
704 3097 836 3158 semper
850 3081 924 3142 esto
975 3082 1168 3144 «Dominus
1187 3080 1277 3142 dedit
1306 3079 1388 3140 milri
1413 3079 1562 3155 linguam
1588 3077 1772 3151 eruditam,

108 3178 324 3240 misericors.
342 3177 547 3241 Vestimenta
574 3179 716 3241 candida
740 3180 818 3241 sunt
834 3178 921 3240 bona
976 3181 1012 3243 ut
1035 3181 1138 3242 sciam
1167 3179 1355 3242 sustentare
1380 3195 1455 3239 eum
1488 3178 1545 3254 qui
1576 3176 1691 3253 lapsus
1727 3178 1781 3240 est

123 3290 245 3352 opera;
273 3276 424 3337 candidis
446 3276 653 3339 vestimentis
677 3276 838 3349 induitur,
864 3276 922 3354 qui
975 3279 1088 3350 verbo,
1105 3296 1123 3338 a
1138 3280 1171 3339 et
1193 3278 1270 3354 quia
1291 3277 1407 3338 lenivit
1427 3292 1483 3338 eos
1503 3276 1559 3353 qui
1579 3275 1654 3336 duri
1676 3275 1777 3337 erant

122 3371 220 3435 bonis
235 3373 391 3450 operibus
408 3374 601 3436 adornatur.
621 3374 737 3437 Oleum
758 3390 922 3451 superna·
976 3378 1009 3439 et
1023 3377 1134 3453 asperi
1148 3392 1209 3454 per
1224 3374 1466 3445 infidelitatem,
1481 3376 1513 3435 ei
1532 3372 1697 3435 convertit
1716 3387 1776 3433 eos

122 3472 171 3533 tat
185 3471 337 3533 omnibus
351 3471 535 3551 liquoribus
550 3494 558 3534 :
574 3474 620 3535 ita
639 3475 672 3535 et
690 3471 921 3534 misericordia
976 3475 1017 3537 ad
1032 3474 1207 3537 veritatem
1228 3472 1413 3549 Evangelii,
1436 3474 1470 3534 et
1484 3472 1526 3534 ad
1549 3471 1627 3535 ildei
1647 3470 1778 3533 lenita·-

123 3570 347 3646 supereminet
361 3571 527 3634 universis
552 3571 742 3635 virtutihus.
772 3570 865 3633 Unde
885 3570 920 3631 in
977 3575 1057 3636 tem.

122 3667 284 3744 psalmo:
320 3672 447 3732 &mois
479 3673 648 3732 Dominus
673 3672 860 3740 universts,
887 3669 921 3729 et
1356 3695 1392 3782 Χ

121 3767 366 3827 miserationes
380 3769 456 3839 ejus
475 3781 582 3841 suaper
595 3770 712 3828 omnia
725 3781 832 3841 opera
846 3769 922 3838 ajam

123 3859 195 3941 (rs.
214 3865 282 3934 14⁴,
298 3862 344 3942 o).
977 3888 1018 3948 ιι.
1041 3917 1084 3933 -
1109 3887 1156 3948 ιιι
1177 3885 1475 3947 convnnsronn
1492 3884 1614 3945 enarr
1635 3884 1782 3945 raum.

162 3962 400 4033 Quatuorsunt
422 3959 584 4024 utilitates
606 3962 692 4023 olei:
709 3961 819 4024 oleum
836 3961 920 4023 sub-

123 4059 417 4131 ministratlucem,
430 4060 566 4136 praestat
575 4059 831 4133 condimentum,
845 4077 923 4123 uno·
1022 4069 1104 4127 Vivo
1127 4079 1200 4142 aaa,
1225 4065 1308 4125 dicit
1327 4065 1514 4127 Dominus:
1529 4067 1605 4124 riola
1625 4061 1778 4123 naariam

122 4157 258 4230 tionem,
282 4160 315 4220 et
336 4158 499 4219 decorem.
525 4160 667 4220 Praestat
692 4159 814 4231 lumen,
843 4160 921 4237 quia
972 4165 1183 4239 peccatoris,
1206 4165 1267 4224 sed
1294 4162 1333 4223 ut
1365 4159 1591 4223 correertatur
1616 4159 1780 4233 peccator

123 4255 202 4317 inde
217 4256 444 4318 accenduntur
459 4257 647 4334 lampadem
661 4259 921 4336 praestatcondi·
975 4278 998 4323 a
1013 4254 1780 4337 ciasuamata,etaient(Ezeclr.xxx111,ll).

122 4356 289 4427 mentum,
327 4355 405 4432 quia
438 4355 515 4417 inde
551 4356 752 4418 condiuntur
790 4356 919 4432 iocula3
1017 4359 1274 4420 conversionem
1303 4357 1392 4419 beati
1412 4356 1509 4418 Pauli
1534 4354 1685 4432 Apostoli
1708 4353 1778 4415 ho-

122 4453 259 4531 praestat
277 4453 477 4526 unctionem,
495 4455 573 4532 quia
587 4454 664 4516 inde
682 4456 852 4531 unguntur
866 4472 923 4517 sa·
976 4457 1093 4519 dierna
1119 4458 1173 4518 die
1197 4456 1353 4530 colimus;
1376 4458 1412 4517 ut
1438 4455 1597 4532 quantum
1622 4452 1780 4514 utilitatis

121 4552 273 4613 cerdotes
294 4554 326 4614 et
342 4567 450 4628 reges,
469 4554 503 4614 et
522 4553 621 4615 etiam
645 4553 780 4626 intirmi,
797 4554 921 4617 atinde
976 4556 1135 4617 Ecclesiae
1175 4554 1234 4616 Dei
1269 4553 1446 4616 conversio
1476 4556 1549 4631 ejns
1582 4550 1775 4624 contulerit,

121 4650 296 4712 coniicitur
322 4650 480 4719 chrisma,
507 4651 594 4712 unda
621 4652 790 4728 unguntur
811 4652 922 4714 chris·
972 4655 1046 4733 jugi
1074 4653 1288 4715 meditatione
1321 4667 1510 4731 pensemus,
1547 4649 1581 4711 et
1606 4652 1711 4710 Deum
1736 4649 1779 4710 ad

121 4748 215 4810 tiani.
233 4748 375 4809 Praestat
385 4748 548 4820 decorem,
564 4748 642 4826 quia
656 4748 734 4809 inde
749 4749 922 4825 poliuntur
976 4752 1214 4829 ignoscendum
1226 4751 1393 4829 peccatori
1403 4749 1535 4811 facilem
1547 4747 1588 4808 ab
1599 4748 1779 4825 iniquitate

122 4845 294 4919 columna,
312 4848 344 4908 et
359 4849 479 4908 caetera
496 4862 569 4924 quae
581 4847 734 4908 volumus
749 4862 822 4909 esse
835 4847 919 4909 uiti·
976 4867 1136 4912 coruverso
1158 4866 1410 4925 cognoscamus.
1427 4847 1582 4924 Legimus
1604 4845 1692 4924 quod
1712 4846 1780 4907 tria

122 4941 228 5002 diora
245 4942 316 5013 Vel,
340 4945 449 5005 oleum
464 4944 632 5021 signiticat
645 4945 788 5021 gratiam
809 4946 920 5023 Spiri-
976 4953 1053 5010 suut
1068 4951 1217 5024 tempora
1234 4964 1241 5008 :
1258 4950 1387 5024 tempus
1402 4948 1478 5008 anto
1503 4945 1621 5020 legem,
1645 4944 1778 5020 tempus

121 5039 175 5102 tus
196 5042 320 5113 Sancti,
340 5058 413 5117 quar
430 5044 591 5117 praeclare
614 5044 736 5105 claruit
758 5045 794 5104 in
813 5048 921 5122 Apos-
976 5042 1780 5123 sublege,ettempusgratiae.Antelegemnullus

120 5138 201 5210 tolo,
213 5137 302 5216 quia,
321 5140 437 5213 utjam
452 5138 608 5213 diximus
626 5158 686 5219 per
699 5143 842 5218 gratiam
860 5143 920 5203 Dei
975 5146 1154 5224 pugnabat,
1170 5144 1231 5205 sub
1243 5145 1315 5218 lege
1328 5144 1438 5204 ruallus
1449 5141 1635 5203 resistebat.
1651 5143 1698 5202 Ue
1709 5141 1779 5201 illis

122 5235 196 5312 plus
216 5235 368 5298 omnibus
384 5235 558 5299 laboravit.
584 5241 663 5300 llaec
683 5240 791 5315 gratia
811 5241 922 5301 mani·
976 5261 1054 5321 ergo
1068 5242 1441 5305 nullusrlncobat.Ante
1459 5241 1566 5316 legem
1579 5239 1783 5317 enimquid·

121 5332 258 5395 testarii
290 5333 403 5393 lumen
431 5349 490 5410 par
517 5336 788 5411 praedicationem
826 5342 918 5416 ejuS,
975 5343 1141 5421 quiderat
1162 5341 1316 5412 liberum,
1339 5340 1519 5416 putabatur
1538 5338 1668 5399 licitum
1691 5353 1777 5399 esse.

123 5435 156 5495 et
179 5431 338 5508 effugavit
359 5431 525 5505 tenebras,
544 5434 640 5506 idest,
662 5452 794 5498 errores
813 5438 921 5499 idolo·
975 5441 1094 5502 Nullus
1105 5439 1274 5518 pugnabat
1285 5455 1360 5499 cum
1369 5437 1511 5509 diabolo,
1524 5437 1625 5497 immo
1637 5437 1780 5514 utrisque

121 5546 208 5591 rum.
218 5530 310 5591 i'nde
326 5532 484 5592 Dominus
496 5532 533 5592 in
543 5534 745 5610 Evangelio:
764 5539 827 5598 l'os
837 5538 920 5599 estis
975 5539 1174 5617 sequebatur
1188 5553 1264 5598 eum
1276 5537 1403 5608 solens,
1421 5538 1454 5597 et
1465 5535 1513 5597 sic
1527 5551 1595 5597 non
1607 5534 1681 5596 erat
1695 5535 1778 5595 vin-

120 5632 183 5691 tua
196 5632 316 5692 arrreudt
337 5627 468 5710 (blatan.
484 5646 523 5704 r,
541 5628 605 5712 14).
622 5633 783 5698 Praestitit
799 5634 918 5697 condi·
975 5654 1065 5702 cens.
1088 5638 1163 5699 Non
1190 5635 1294 5711 igitur
1316 5636 1397 5698 tunc
1421 5636 1473 5698 est
1497 5633 1572 5697 aaa
1598 5631 1780 5712 promissio
