3802 6166
57 268 120 325 tllb

57 423 246 503 aquaviva
260 418 437 499 quidquam
453 416 514 481 sub
529 415 664 481 obtentu
679 417 859 479 consuetu-

58 524 158 595 dinis,
175 521 229 582 vel
244 518 432 597 alioquovis
446 516 544 579 modo
557 515 705 593 exigere,
722 517 775 578 vel
791 532 856 577 au-

58 622 158 693 ferre,
170 621 227 681 aut
237 619 277 680 de
294 617 393 680 rebus
406 617 488 693 ipsis
504 615 630 694 aliquid
647 617 856 694 extorquere.

60 720 96 783 Si
135 736 199 797 qua
230 717 332 793 igitur
366 714 614 787 ecclesiastica,
645 715 859 776 saecularisve

58 833 201 897 persona
235 818 388 877 Catanen.
419 813 572 875 dioecesis
601 812 700 890 hujus
736 814 858 875 nostrae

57 912 248 982 oblationis,
271 910 476 979 donationis,
493 910 526 970 et
549 909 776 970 concessionis
799 924 860 985 pa-

57 1013 172 1089 ginam
190 1011 310 1079 sciens,
336 1009 451 1069 contra
478 1024 552 1069 eam
578 1007 693 1068 vertire
713 1008 859 1069 tentave-

59 1112 114 1180 rit,
136 1110 169 1171 et
183 1108 328 1169 secundo
341 1107 482 1169 tertiove
499 1106 699 1168 commonita
724 1104 859 1166 minime

59 1206 260 1284 resipuerit,
296 1204 633 1267 excommunicationi
668 1203 858 1281 subjaceat,

59 1322 217 1382 reamque
228 1320 264 1365 se
272 1303 472 1365 sacramenti
484 1302 632 1380 corporis
645 1301 859 1379 etsanguinis

58 1406 141 1467 Jesu
157 1401 279 1464 Christi
301 1402 428 1465 tamdiu
446 1416 520 1463 esse
546 1401 735 1477 cognoscat,
755 1400 860 1462 donee

60 1518 234 1564 excessum
261 1516 358 1560 suum
382 1499 492 1575 digna,
516 1514 675 1575 congrua,
702 1499 735 1561 et
762 1499 860 1576 plena

60 1599 288 1661 satisfactione
318 1597 474 1674 corrigat,
501 1598 534 1659 et
558 1595 727 1669 emendet,
756 1596 861 1657 nihil-

60 1698 192 1758 ominus
208 1696 323 1757 eadem
336 1696 470 1774 pagiua,
491 1696 524 1757 et
538 1694 664 1756 eisdem
679 1694 859 1767 oblatione,

60 1795 252 1867 donatione,
276 1795 309 1857 et
323 1794 538 1856 concessione
559 1792 683 1855 nostris
704 1792 810 1853 firmis
824 1792 860 1854 in

62 1893 256 1971 perpetuum
296 1891 579 1970 permanentibus,
609 1892 642 1953 et
668 1890 784 1952 illaesis
819 1889 860 1952 ad

61 2007 202 2069 quarum
214 1992 407 2068 perpetuam
416 1990 620 2061 memoriam,
628 1988 861 2052 etinviolabile

60 2090 306 2151 firmamentum
333 2105 485 2169 praesens
519 2087 732 2164 privilegium
767 2087 861 2150 vobis

60 2188 136 2249 lieri
162 2187 312 2260 fecimus,
335 2189 370 2249 et
383 2186 602 2265 impressione
621 2186 724 2263 sigilli
742 2185 859 2259 nostri,

60 2285 103 2349 de
120 2285 341 2363 suscriptione
363 2302 481 2347 manus
499 2285 642 2362 propriae
657 2283 859 2357 roboratum,

60 2383 477 2463 suscriptionibusquoque
488 2382 725 2445 canonicorum
736 2384 863 2445 nostro·

61 2498 137 2543 rum
150 2481 312 2561 jussimus
336 2481 545 2545 communiri.
561 2484 669 2553 Anno,
683 2496 808 2555 mense,
830 2483 864 2545 et

61 2579 178 2642 indict.
194 2579 416 2659 praetitulatis.

102 2678 172 2753 ligo
187 2677 350 2740 Robertus
365 2680 519 2739 Catama.
534 2677 711 2754 episcopus
726 2676 862 2753 propria

61 2789 166 2837 manu
181 2774 373 2837 suscribens
393 2776 551 2853 praedicta
566 2775 736 2836 confirmo.

103 2875 170 2949 Ego
185 2872 447 2936 Bartholomaeus
466 2874 583 2935 cantor
610 2873 764 2935 Catacen.
787 2886 864 2937 eou-

62 2968 156 3032 cedo.

101 3070 171 3143 Ego
182 3066 374 3145 Raynaldus
388 3068 645 3133 archidiaconus
664 3072 820 3135 concedo.

102 3168 171 3243 Ego
186 3169 331 3229 ,loannes
346 3168 470 3230 Odonis
487 3170 641 3232 Catacen.
668 3172 861 3233 canonicus.

102 3267 173 3340 Ego
188 3265 331 3327 Michael
344 3268 498 3329 (latacen.
511 3269 694 3333 canonicus
705 3270 861 3332 concedo.

104 3363 243 3439 Signum
268 3380 387 3426 manus
413 3365 596 3431 Alexandri
634 3369 806 3441 canonici,
831 3371 864 3431 et

61 3461 268 3523 thesaurarii
283 3463 438 3525 Catacen.

104 3560 172 3635 Ego
186 3558 341 3621 Placidus
354 3561 508 3623 (latacen
517 3564 697 3627 canonieus
706 3564 861 3628 concedo.

104 3658 173 3733 ligo
188 3658 389 3720 Fortunatus
405 3661 558 3723 (latacen.
586 3663 767 3727 eanonicus
789 3679 865 3725 con·

63 3752 157 3815 cedo.

104 3854 174 3929 Ego
190 3852 302 3914 Gratia
313 3855 468 3917 Catacen.
485 3857 665 3919 canonicus
684 3858 841 3920 concedo.

105 3952 174 4025 ligo
189 3950 346 4012 Nicotaus
363 3952 404 4015 de
416 3956 581 4017 Panormo
596 3956 750 4020 (latacen.
768 3972 864 4019 cane

64 4048 162 4109 nicus
178 4048 334 4111 concedo.

105 4147 174 4223 Ego
190 4144 395 4209 Neocastrus
410 4148 563 4212 Catacen.
593 4151 773 4213 eanonicus
789 4166 864 4213 con-

63 4242 157 4305 cedo.

103 4340 197 4401 Nulli
222 4357 312 4419 erge,
334 4344 411 4416 ete..
442 4346 567 4407 nostrae
600 4345 863 4408 confirmationis

62 4437 265 4515 intringere,
290 4440 343 4501 vel
371 4441 414 4513 ei,
446 4443 521 4515 ete,
549 4458 656 4519 usque
684 4445 861 4507 contraire.

64 4536 100 4597 Si
116 4537 190 4613 quis
203 4537 326 4609 autem,
341 4538 375 4600 et
396 4584 403 4599 .

103 4633 223 4695 Datum
243 4637 400 4698 Laterani
423 4639 450 4699 V
472 4636 605 4701 kalend.
629 4639 863 4713 mauritianae

64 4730 222 4792 secundo.

386 4849 540 4937 CXLVI

178 4993 231 5050 Ad
245 4994 423 5054 Erordum
444 4995 588 5055 electum
616 4998 740 5057 Tullen.

359 5114 395 5173 25
416 5114 471 5173 leb.
489 5116 567 5175 tata.

94 5218 218 5282 [negem
230 5218 275 5269 lib.
288 5219 318 5278 11,
331 5220 405 5285 epist.
418 5220 476 5272 889.
486 5222 543 5272 llas.
555 5224 592 5274 La
602 5223 680 5274 Porta
695 5220 729 5271 du
737 5222 831 5288 mett]

64 5323 200 5383 Concedit
226 5327 352 5399 pontifex
373 5337 404 5387 ut
426 5336 490 5401 post
508 5330 754 5389 consecrationem
768 5338 864 5389 servet

130 5412 271 5473 beneficia
282 5432 345 5489 qum
360 5417 525 5491 possidebat
539 5425 605 5476 ante
619 5418 799 5477 electionem.

103 5525 283 5599 Honorius,
299 5528 374 5599 etc,
394 5528 513 5589 dilecto
530 5528 598 5590 tilio
619 5529 743 5591 Erardo
757 5529 863 5593 electo

65 5621 195 5683 Tullen.

689 256 917 317 EPISTOLAE.
941 258 1018 317 LIB.
1042 258 1082 317 ΙΙ.

1648 262 1709 323 old

952 418 1058 491 Quum
1073 433 1116 479 ex
1127 418 1276 495 injuncto
1291 417 1386 481 nobis
1403 420 1621 483 eeclesiarum
1635 436 1709 484 om·

912 516 1003 577 nium
1019 532 1133 578 curam
1149 517 1322 579 teneamur
1335 533 1451 595 gerere
1463 519 1665 595 generalem,
1678 522 1712 583 et

912 628 1072 691 personas
1083 614 1201 691 dignas
1211 630 1272 675 nos
1285 615 1401 677 deceat
1414 616 1590 690 bonorare,
1604 618 1712 693 gemi-

912 728 992 801 num
1020 712 1142 774 bonum
1170 714 1310 788 agimus,
1340 715 1493 790 quotiens
1520 715 1566 777 ita
1591 716 1711 777 honori

913 810 1133 887 prospicimus
1148 826 1376 888 personarum,
1394 814 1429 873 ut
1448 815 1481 874 et
1500 812 1634 875 utilitati
1651 830 1710 875 ec·

913 910 1090 971 etesiarum
1106 910 1242 986 provide
1262 910 1484 971 consulamus.
1509 914 1596 973 Sane
1611 928 1712 989 quum

914 1007 954 1068 ad
983 1008 1110 1069 Tullen.
1140 1008 1316 1069 ecclesiam
1352 1010 1524 1080 canonica,
1560 1012 1592 1071 et
1628 1026 1712 1072 con-

914 1105 1005 1167 cordi
1031 1106 1194 1168 electione
1220 1107 1369 1175 vocatus,
1395 1108 1590 1169 electionem
1616 1109 1657 1169 de
1679 1112 1713 1171 te

914 1204 1035 1267 tactam
1050 1204 1200 1282 recipere
1217 1205 1411 1283 aliquandiu
1433 1206 1615 1278 dubitares,
1632 1224 1714 1269 con-

915 1302 1077 1364 siderans.
1093 1302 1180 1380 quod
1195 1304 1309 1365 eadem
1325 1305 1466 1365 ecclesia
1480 1307 1549 1366 tam
1564 1320 1712 1382 pauper-

914 1401 981 1462 tate
1008 1417 1106 1479 quam
1135 1401 1212 1463 aliis
1240 1402 1343 1463 variis
1371 1404 1421 1464 est
1443 1403 1713 1465 tribulationibus

915 1501 1147 1577 conquassata,
1161 1514 1203 1560 ne
1217 1503 1328 1562 tamen
1344 1502 1509 1562 vocationi
1520 1501 1642 1563 ‹livinae
1654 1518 1713 1563 re-

916 1598 1035 1659 sistere
1051 1599 1107 1659 vel
1126 1599 1236 1673 potius
1251 1599 1487 1675 temporalibus
1503 1615 1601 1676 quam
1620 1600 1715 1676 spiri·

917 1694 1060 1757 tualibus
1075 1695 1247 1756 intendere
1259 1697 1435 1765 videreris,
1452 1698 1486 1756 in
1505 1696 1564 1757 illo
1581 1698 1715 1759 tandem

915 1794 1083 1854 confidens
1099 1795 1155 1870 qui
1170 1793 1262 1856 adest
1279 1796 1312 1855 in
1329 1795 1469 1855 veritate
1484 1794 1716 1857 invocantibus

916 1907 1151 1964 nomensuum,
1162 1892 1315 1954 electioni
1326 1893 1713 1967 humiliterconcessisti,

916 1990 957 2051 de
986 1991 1097 2067 quiete
1121 1990 1161 2051 ad
1180 1992 1368 2067 angustias,
1394 1995 1427 2053 et
1452 1992 1493 2052 de
1523 1992 1648 2055 divitiis
1675 1994 1716 2055 ad

916 2088 1061 2166 inopiam
1073 2089 1353 2165 transmigrando.
1369 2090 1437 2150 Nos
1448 2090 1551 2165 igitur
1562 2093 1596 2152 et
1607 2092 1717 2153 eccle-

917 2187 976 2247 siae
1005 2186 1172 2265 praeoictae
1198 2187 1367 2248 miseriam
1392 2188 1601 2263 miserantes,
1620 2191 1655 2252 et
1682 2192 1718 2252 ut

917 2301 1001 2346 onus
1023 2285 1195 2362 regiminis
1218 2284 1306 2347 feras
1326 2285 1442 2358 levius,
1461 2289 1492 2347 te
1511 2286 1660 2349 volentes
1675 2287 1717 2349 de

917 2382 1055 2459 speciali
1082 2383 1191 2459 gratia
1216 2383 1393 2458 honorare,
1423 2384 1489 2446 tuis
1518 2385 1552 2446 et
1574 2386 1718 2448 aliorum

918 2497 1016 2558 quam
1039 2481 1184 2558 plurium
1197 2497 1256 2558 pro
1271 2483 1304 2543 te
1330 2482 1465 2545 obtentu
1484 2482 1635 2546 ecclesiae
1650 2484 1717 2546 tum

918 2578 1013 2640 nobis
1027 2579 1285 2655 supplicantium
1305 2580 1459 2657 precibus
1474 2582 1638 2654 inclinati,
1655 2582 1717 2643 de-

917 2676 1044 2739 votioni
1065 2678 1130 2739 tuas
1150 2679 1315 2739 retinendi
1334 2678 1571 2741 beneficiorum
1586 2682 1719 2743 tuorum

917 2778 1107 2853 proventus,
1126 2792 1198 2853 quae
1213 2777 1292 2838 ante
1306 2778 1396 2839 tuam
1410 2778 1606 2841 electionem
1621 2772 1721 2841 cano·

917 2872 985 2933 nici
1007 2889 1045 2934 ac
1063 2873 1199 2951 pacillce
1219 2874 1421 2950 possidebas,
1440 2876 1600 2954 usquead
1616 2876 1718 2955 quiu-

918 2973 1096 3050 quennium
1120 2974 1153 3035 et
1180 2972 1336 3050 deinceps
1363 2974 1508 3051 quandiu
1524 2974 1620 3037 nobis
1641 2976 1718 3053 pla-

918 3069 1024 3131 cuerit
1052 3070 1251 3132 auotoritate
1275 3073 1490 3147 praesentium
1505 3074 1718 3137 concedimus

919 3166 1120 3229 facultatem.
1144 3170 1261 3229 Datum
1278 3170 1435 3231 Laterani
1453 3171 1581 3233 decimo
1603 3172 1718 3249 quinto

918 3264 1079 3327 kalendas
1107 3265 1230 3338 martii,
1254 3266 1465 3343 pontificatus
1495 3269 1599 3331 nostri
1628 3285 1718 3332 anno
1759 3254 1764 3265 '

918 3362 1075 3424 secundo.

1234 3490 1408 3577 dltn‘ll

967 3624 1019 3683 Ad
1032 3623 1209 3684 cantorem
1225 3626 1506 3688 suessionensem
1519 3626 1553 3688 et
1567 3629 1607 3689 R.
1623 3631 1665 3689 de

1228 3724 1406 3784 cremetis.

1215 3835 1252 3893 25
1265 3832 1322 3893 leb.
1340 3836 1420 3895 tile.

951 3940 1069 4003 [Regem.
1083 3939 1128 3991 lib.
1142 3940 1173 3998 ll,
1186 3939 1260 4007 epist.
1271 3942 1327 3991 Oli.
1342 3943 1399 3993 llss.
1415 3945 1451 3995 La
1465 3943 1542 3995 Porta
1555 3943 1589 3995 du
1603 3945 1696 4012 llicit]

918 4056 1072 4117 Condrmat
1084 4067 1268 4130 personatum
1279 4061 1403 4119 cantoris
1411 4068 1440 4121 et
1447 4060 1573 4123 redditus
1583 4064 1718 4123 cantoriae

1232 4150 1405 4223 assignatos.

958 4257 1138 4325 Honorius,
1155 4258 1230 4329 etc..
1256 4258 1386 4320 dilectis
1408 4259 1486 4321 tiliis
1511 4264 1550 4324 R.
1571 4262 1612 4324 de
1636 4265 1718 4325 Cra-

919 4354 1014 4416 melis
1029 4355 1064 4416 et
1077 4356 1206 4417 cantori
1223 4356 1436 4419 Suessionen.

958 4454 1064 4524 Quum
1079 4452 1205 4514 anobis
1220 4454 1353 4531 petitur,
1371 4470 1477 4531 arsque
1490 4475 1502 4519 :
1516 4458 1717 4534 perducatur

918 4548 1083 4612 effectum.
1106 4552 1153 4612 Ea
1167 4554 1314 4629 propter,
1329 4567 1437 4628 aspare
1451 4572 1463 4614 .·
1475 4556 1630 4633 precibus
1649 4575 1715 4619 an-

918 4650 1069 4710 nuentes.
1095 4649 1277 4711 Personam
1291 4650 1382 4713 tuam
1395 4668 1471 4714 cum
1486 4654 1638 4717 omnibus
1656 4656 1717 4717 bo-

918 4746 982 4813 nis,
999 4762 1071 4825 quaa
1087 4746 1122 4808 in
1140 4748 1393 4824 praesentiarum
1408 4751 1620 4815 rationaliter
1633 4771 1715 4831 pos·
1726 4822 1742 4839 ‚

917 4843 1017 4916 sides,
1033 4845 1091 4906 aut
1104 4844 1139 4906 in
1152 4844 1298 4907 futurum
1310 4848 1412 4924 justis
1421 4848 1526 4911 modis
1534 4854 1714 4926 praestante

918 4942 1057 5005 Domino
1073 4943 1198 5021 poteris
1213 4944 1364 5022 adipisci,
1390 4944 1451 5007 sub
1470 4946 1559 5009 beati
1573 4950 1664 5011 Petri
1683 4953 1716 5014 et

917 5042 1031 5102 nostra
1056 5041 1260 5117 protectione
1281 5043 1491 5120 suscipimus.
1512 5047 1599 5108 Sane
1614 5065 1715 5124 quum

919 5138 1131 5201 Suessionen.
1169 5140 1351 5217 capitulum
1384 5143 1470 5204 sicut
1506 5148 1714 5221 praesentatae

918 5233 1013 5296 nobis
1045 5250 1160 5298 eorum
1193 5237 1313 5301 litterae
1327 5296 1331 5301 .
1347 5238 1575 5315 continebant,
1609 5260 1716 5323 nuper
1798 5290 1804 5299 -

917 5334 1103 5407 statuerint,
1126 5337 1162 5397 ut
1175 5336 1325 5399 cantoria
1342 5338 1387 5400 sit
1407 5340 1538 5402 amodo
1556 5340 1591 5403 in
1613 5344 1717 5405 Sues-

918 5431 1045 5493 sionen.
1079 5433 1229 5495 ecelesiae
1267 5438 1484 5512 personatus,
1513 5438 1544 5500 ei
1579 5440 1713 5503 stallum

918 5529 1023 5601 chori,
1041 5531 1127 5608 quod
1147 5546 1166 5592 a
1184 5531 1283 5609 longo
1298 5535 1445 5611 tempore
1457 5552 1524 5597 non
1539 5536 1711 5610 habuerat,

918 5628 1139 5705 assignantes,
1166 5646 1227 5693 uos
1256 5632 1441 5697 cantoriam
1466 5632 1615 5697 eamdem
1639 5652 1714 5699 curn
