3802 6166
135 224 197 287 aee

135 386 221 449 Cum
232 390 284 449 aot
295 385 412 449 autem
425 387 645 460 oecamrtrret,
658 401 778 451 cmiter
789 390 847 463 aar
860 392 927 452 aa·

135 484 256 546 debant
268 484 428 557 intimaris
447 486 557 547 cartis
571 489 804 563 languoribas,
820 489 926 555 duee-

134 582 215 643 bant
228 584 303 643 titos
316 584 361 643 ad
373 584 503 644 lesum.
519 584 565 645 At
576 586 629 645 itte
642 587 788 661 stupetis
803 601 928 647 marias

133 682 313 755 impatiens
326 680 469 742 curabat
480 694 538 743 eos
553 682 644 754 (Luc.
661 696 706 753 iv,
728 681 794 760 40).
816 684 926 743 Sana-

132 777 190 839 bat
205 778 306 839 etiam
321 777 462 850 animas,
481 779 567 841 sicut
586 779 708 855 legitur
723 778 759 841 in
773 782 928 856 Evange-

133 874 179 941 lio
187 896 195 936 ε
204 877 309 937 Jecur
322 877 567 939 autemoideas
578 878 681 950 tidem
690 880 828 939 itteram
836 878 925 939 dixit

130 974 439 1048 parmpticosrai,
460 974 685 1036 dirntttmtter
706 975 765 1036 tibi
785 976 926 1051 peccata

133 1071 194 1132 tria
214 1068 347 1149 (Matth.
370 1086 417 1143 rx,
442 1070 492 1150 5).
523 1073 661 1133 Sanavit
680 1073 791 1135 autem
814 1073 925 1135 omnia

132 1166 279 1229 membra
312 1169 462 1246 corporis
487 1169 611 1238 nostri,
632 1170 719 1233 sicut
741 1171 863 1247 legitur
889 1171 925 1231 in

133 1265 324 1342 scripturis,
341 1266 382 1328 de
397 1266 515 1343 quibus
529 1270 658 1330 nonest
674 1268 849 1329 dicendum
866 1285 926 1346 per

133 1363 275 1439 singula,
301 1380 344 1425 ne
370 1380 479 1427 sermo
502 1365 654 1443 prolixus
674 1369 812 1443 generet
830 1366 926 1430 tasti-

132 1460 234 1521 dium.

170 1558 402 1622 Misericordia
414 1561 662 1623 commendatur
682 1562 817 1640 inipso,
833 1563 923 1641 quia,

132 1673 205 1718 cum
226 1656 299 1719 baee
317 1660 543 1736 praemisisset,
571 1660 684 1723 intulit
706 1660 819 1723 dicens
834 1683 842 1722 t
857 1665 926 1723 Re-

130 1755 319 1817 mittentur
341 1760 374 1819 ei
390 1758 534 1832 peecata
551 1760 671 1832 matta,
690 1763 854 1832 arontam
871 1762 926 1821 di-

131 1853 215 1914 tcarit
226 1855 385 1915 mititem.
398 1857 460 1917 Cei
469 1856 587 1917 aetem
596 1860 713 1919 mirms
724 1858 922 1930 dimittitur,

130 1954 245 2012 ricinus
256 1952 377 2027 dumet.
389 1955 429 2014 Et
440 1953 525 2016 dixit
534 1954 575 2016 ad
588 1970 680 2016 eam:
696 1957 926 2017 remittuntur

132 2048 189 2109 tibi
200 2050 352 2123 peccata.
363 2051 409 2112 nt
420 2054 596 2126 coepermrt
606 2056 664 2126 aei
676 2056 926 2115 simulacrum-

131 2146 249 2207 bebant
270 2150 385 2209 dicere
413 2149 510 2210 intra
533 2165 596 2211 se:
623 2154 682 2224 pai
706 2152 757 2213 est
784 2154 839 2213 bic
866 2154 924 2225 ραι·

132 2243 236 2304 etiam
248 2245 390 2317 peccata
403 2247 570 2307 dimittit?
585 2248 777 2324 intelligunt
799 2249 923 2310 remis-

131 2340 255 2403 sionem
282 2343 408 2418 peecati
427 2359 510 2421 opus
532 2360 605 2405 esse
633 2346 737 2407 solius
763 2346 843 2420 Dei;
865 2345 923 2409 sed

131 2438 206 2514 quia
220 2454 287 2501 non
301 2439 479 2502 credebant
492 2444 605 2503 iesum
618 2458 691 2504 esse
704 2446 819 2516 Deum,
831 2461 925 2505 mur-

130 2537 289 2598 murando
313 2537 467 2600 dicebant
484 2560 491 2598 :
506 2542 570 2606 Qui
590 2541 642 2602 est
662 2544 716 2601 tric
739 2545 796 2614 pat
818 2543 923 2604 etiam

127 2636 267 2708 peecata
291 2637 456 2698 dimittitt
485 2638 590 2709 Certe,
618 2638 675 2714 qui
701 2638 833 2699 mulieri
862 2638 923 2702 suit

130 2731 208 2793 odor
233 2732 312 2795 vitae
334 2733 368 2794 in
393 2734 507 2805 vitam,
535 2734 640 2796 sactus
670 2738 720 2797 est
741 2736 815 2798 istis
841 2737 923 2799 odor

129 2830 242 2893 mortis
257 2830 292 2891 in
308 2832 458 2905 mortem,
481 2836 514 2894 et
535 2834 621 2894 unde
645 2833 703 2895 illa
726 2835 921 2897 misericor-

129 2925 212 2989 diter
231 2928 425 3003 sanabatur,
448 2930 504 2991 isti
520 2931 755 2993 miserabiliter
775 2933 921 3009 aegrota-

128 3023 215 3088 bant.
233 3028 385 3089 Potestas
405 3029 654 3091 commendatur
668 3030 703 3092 in
726 3030 821 3107 ipso;
845 3031 923 3109 quia

129 3138 200 3185 cum
218 3125 397 3201 caepissent
411 3126 466 3203 qui
487 3127 585 3188 simul
605 3127 854 3202 accumbebant,
870 3130 923 3190 di·

129 3222 310 3298 cereintra
330 3239 367 3285 se
385 3246 392 3284 ε
410 3227 474 3291 (tat
492 3226 615 3288 estleia
633 3230 692 3300 aar
712 3229 819 3289 etiam
837 3243 921 3302 pce-

128 3320 202 3382 cata
216 3322 378 3383 dimittit?
393 3322 479 3385 dixit
490 3323 531 3384 ad
544 3324 716 3385 mulierem
727 3328 847 3387 :Fides
862 3326 922 3387 tae

129 3416 305 3481 teratcam
322 3420 415 3495 fecit,
436 3424 523 3483 rade
546 3425 583 3483 ia
601 3438 688 3495 pace
704 3421 797 3502 (Luc.
822 3438 919 3495 xvnr,

127 3513 186 3589 42).
212 3515 312 3577 Prius
336 3517 467 3580 dixerat
494 3518 581 3595 quod
604 3519 741 3581 dimissa
767 3520 920 3581 orantei

128 3615 260 3689 peccata
286 3615 400 3687 multa,
433 3616 589 3693 quoniam
615 3616 734 3679 dilexit
767 3617 917 3679 multum.

127 3710 221 3773 Nunc
235 3714 348 3774 autem
367 3713 447 3775 dicit
468 3734 476 3774 ε
500 3716 588 3789 {ider
602 3716 663 3776 taa
675 3716 708 3776 te
723 3720 854 3777 salvam
868 3719 921 3791 fe-

127 3812 179 3882 cit,
196 3811 276 3887 qnia
295 3812 452 3873 nimirum
466 3812 529 3874 boc
544 3812 668 3876 lecerat
680 3813 738 3875 illa
752 3814 834 3875 fides
847 3831 919 3893 quae

126 3922 182 3983 per
193 3907 407 3970 dilectionem
422 3912 590 3987 operatur,
611 3926 670 3988 per
682 3927 780 3988 quam
791 3912 919 3989 Justiii-

127 4006 218 4067 catur
231 4008 397 4083 peccator,
418 4007 558 4070 credens
573 4008 608 4070 in
623 4009 840 4072 mediatorem
858 4011 918 4073 Dei

126 4104 157 4164 et
169 4103 342 4167 bominum
353 4108 372 4167 J
374 4121 468 4168 esum
481 4106 660 4169 Christum.
682 4111 783 4180 Vade,
796 4107 916 4185 inquit,

125 4203 158 4262 in
175 4218 274 4277 paee,
295 4203 373 4280 quia
387 4203 528 4266 liberata
551 4221 586 4265 es
608 4205 649 4267 ab
666 4205 820 4267 interiori
837 4222 918 4269 con-

125 4298 225 4369 dictu,
240 4317 307 4379 quo
331 4317 425 4363 mens
444 4302 659 4380 torquebatur
677 4305 810 4365 conscia
834 4321 916 4381 pec-

125 4400 281 4470 catorum,
299 4400 377 4475 quia
392 4416 459 4461 non
473 4402 524 4461 est
538 4400 649 4477 impiis
664 4401 821 4476 gaudere,
837 4402 918 4464 dicit

124 4496 291 4567 Dominus,
314 4513 374 4559 nec
395 4499 446 4560 est
460 4514 525 4575 pax
540 4498 670 4563 ossibus
689 4514 709 4559 a
728 4498 814 4561 lacie
833 4516 916 4576 pec-

124 4596 280 4666 catorum,
295 4594 352 4657 sed
363 4611 423 4673 per
437 4612 509 4673 quae
522 4598 636 4673 peccat
647 4597 756 4669 bomo,
771 4613 832 4674 per
845 4598 916 4659 lraec

124 4692 153 4753 et
173 4694 365 4770 torquetur3
381 4695 415 4755 et
434 4694 508 4756 ideo
529 4712 571 4756 ne
595 4695 759 4757 relabaris
776 4696 916 4757 ulterius

123 4788 154 4850 in
175 4793 359 4867 peccatum.
383 4794 432 4853 Tu
453 4808 532 4869 ergo
556 4794 726 4870 peccatrix
743 4795 866 4866 anima,
887 4795 916 4856 si

122 4888 322 4953 sanctificari
337 4889 518 4962 desideras,
533 4892 685 4968 exemplo
701 4892 800 4970 hujus
817 4908 917 4953 sanc-

121 4986 257 5051 tissimae
287 4989 482 5065 peccatricis
515 4990 557 5051 ad
584 4991 752 5052 Christum
782 4990 913 5063 accede,

121 5086 278 5164 stansque
291 5088 382 5148 reiro
403 5102 497 5149 secus
518 5087 619 5165 pedes
631 5088 736 5164 ipsius
757 5089 915 5166 lacrymis

120 5183 190 5259 riga
203 5199 262 5245 eos
281 5184 314 5246 et
328 5185 423 5261 terge
437 5186 579 5262 capillis,
602 5187 759 5248 osculans
778 5185 868 5263 ipsos
883 5187 916 5249 et

119 5297 257 5359 ungens,
285 5283 322 5343 nt
345 5283 507 5345 merearis
532 5284 673 5346 audire:
695 5287 784 5360 sides
799 5285 859 5347 tae
882 5286 915 5347 te

117 5386 252 5443 salvam
264 5380 358 5455 (erit,
375 5384 462 5443 varie
476 5385 514 5445 iri
526 5397 624 5459 pace.

570 227 641 286 XX.
657 227 758 288 -IN
780 228 911 289 insto
934 226 1082 287 sebert
1106 228 1345 315 LAURENTII.

1062 613 1106 673 IN
1129 612 1257 673 FESTO
1281 613 1430 674 SANCTI
1452 613 1692 676 LAURENTII.

1020 782 1193 853 Probasti,
1218 784 1375 851 Domine,
1399 797 1460 843 eor
1477 797 1605 856 meam,
1632 784 1666 846 et
1688 787 1777 847 atst-

981 877 1065 937 tasti
1078 877 1185 938 aucte.
1201 881 1286 953 luae
1298 892 1353 938 me
1368 879 1591 950 emamtaasti
1602 879 1636 940 et
1647 894 1716 941 αοα
1726 880 1779 941 est

981 976 1122 1037 tarenta
1134 977 1173 1035 ia
1185 989 1241 1036 me
1255 974 1423 1049 imquitas
1438 974 1507 1055 (Ps.
1525 978 1573 1048 16,
1589 975 1635 1056 3).

1020 1073 1058 1132 In
1082 1071 1261 1133 testivitate
1286 1073 1386 1149 hujus
1416 1073 1555 1149 gloriosi
1582 1076 1614 1136 et
1641 1074 1778 1151 pretiosi

980 1170 1135 1247 martyris
1159 1169 1248 1231 beati
1271 1171 1444 1232 Laurentii
1465 1171 1601 1247 dignum
1623 1174 1672 1234 est
1695 1173 1776 1234 illud

980 1266 1208 1345 propheticum
1229 1267 1325 1329 nobis
1349 1283 1525 1330 occurrere
1545 1269 1631 1347 quod
1646 1271 1681 1330 in
1703 1273 1776 1348 eJus

979 1364 1133 1425 laudibus
1142 1366 1176 1427 et
1190 1364 1380 1437 testivitate,
1397 1366 1458 1431 sub
1474 1369 1502 1445 ej
1508 1367 1621 1428 usdem
1635 1384 1777 1443 persona

980 1463 1775 1537 consuevitEcclesiacantaredicensd‘rabastt,

980 1565 1135 1633 Domine,
1155 1576 1382 1623 cormeum...
1398 1560 1517 1622 Tribus
1532 1560 1639 1623 modis
1659 1562 1778 1639 probat

980 1661 1067 1720 Deus
1080 1659 1181 1720 corda
1197 1660 1377 1737 Justorum,
1397 1658 1553 1721 videlicet
1569 1676 1576 1714 ε
1593 1660 1774 1733 boneficiis,

980 1756 1122 1833 flagellis
1132 1757 1166 1819 et
1176 1756 1329 1818 laudibus
1344 1756 1500 1834 propriis.
1514 1757 1689 1818 Beneficiis
1704 1774 1778 1835 pro·

979 1854 1045 1925 bat,
1074 1854 1205 1931 quando
1234 1854 1422 1932 permulta
1447 1854 1534 1917 dona
1560 1856 1593 1916 et
1616 1855 1777 1917 beneficia

980 1952 1098 2030 quibus
1127 1953 1236 2030 justos
1264 1951 1466 2029 magnificat,
1498 1954 1704 2015 demonstrat
1727 1953 1777 2015 eis

979 2050 1137 2126 quantum
1153 2066 1210 2111 eos
1225 2052 1325 2120 amat,
1343 2050 1430 2111 sicut
1441 2049 1521 2111 iecit
1533 2050 1698 2126 qnondam
1715 2066 1779 2129 po-

979 2147 1056 2223 pulo
1071 2146 1186 2219 Israel,
1204 2162 1301 2224 quem
1323 2146 1363 2208 de
1384 2148 1529 2224 AEgypto
1545 2147 1713 2223 liberavit;
1743 2148 1776 2209 in

979 2244 1109 2306 deserto
1128 2244 1231 2306 multa
1255 2244 1417 2307 beneficia
1439 2245 1598 2319 contulit,
1627 2246 1662 2306 in
1686 2247 1776 2307 terra

978 2341 1246 2419 repromissionis
1275 2341 1412 2403 delicias
1440 2342 1661 2418 ministrarit3
1690 2343 1776 2405 unde
1877 2410 1880 2415 ,

979 2440 1136 2501 Dominus
1159 2439 1306 2516 loquitur
1320 2455 1379 2515 per
1394 2439 1605 2501 Psalmistam
1622 2462 1630 2500 ι
1650 2444 1691 2502 Dr
1710 2441 1778 2502 tri-

979 2538 1147 2599 bulatione
1166 2538 1334 2599 trtoocastt
1356 2552 1423 2608 me,
1447 2538 1481 2601 et
1501 2540 1646 2599 tiberavi
1670 2538 1714 2610 te,
1742 2539 1776 2601 et

978 2638 1143 2697 arcadici
1158 2636 1191 2696 te
1200 2639 1236 2697 iri
1249 2637 1444 2697 abscondita
1457 2635 1682 2709 tempestatis,
1697 2654 1777 2712 pro·

978 2735 1055 2793 bavi
1079 2733 1111 2795 te
1135 2736 1179 2794 aa
1204 2748 1313 2807 aazias
1331 2733 1613 2795 eoretradietioats
1630 2731 1699 2812 (Ps.
1722 2736 1773 2808 80,

977 2829 1026 2910 8).
1052 2833 1090 2891 In
1109 2830 1325 2892 tribulatione
1347 2830 1517 2893 invocavit
1540 2832 1716 2893 Dominum
1737 2833 1773 2895 in

977 2929 1132 3006 AEgypte,
1149 2929 1182 2990 et
1202 2926 1362 2990 liberatus
1377 2931 1428 2990 est
1449 2930 1553 2990 Israel
1572 2930 1607 2990 in
1629 2930 1771 2993 desorto.

978 3025 1140 3088 Probatus
1182 3027 1233 3088 est
1266 3026 1306 3087 ad
1347 3042 1452 3104 aquas
1483 3027 1772 3102 contradictionis,

977 3125 1108 3201 quando
1128 3123 1316 3186 sitientibus
1339 3128 1373 3186 et
1395 3125 1557 3187 adversus
1578 3142 1654 3187 eum
1676 3142 1773 3187 mur-

977 3222 1184 3284 murantibus
1204 3222 1294 3284 dedit
1317 3238 1436 3300 aqrram
1459 3223 1500 3283 de
1520 3226 1627 3301 petra.
1650 3224 1774 3289 Probat
1864 3236 1869 3243 “

977 3321 1118 3397 flagellis
1136 3321 1281 3398 quinque
1300 3320 1479 3381 decausis.
1502 3322 1664 3397 Flagellat
1685 3325 1773 3384 Deus

976 3434 1109 3480 servum
1126 3434 1222 3479 suum
1242 3434 1338 3495 quem
1358 3419 1477 3494 diligit,
1500 3422 1536 3481 ut
1550 3435 1625 3480 enm
1644 3419 1685 3480 ab
1701 3420 1772 3481 ini-

976 3517 1100 3593 quitate
1115 3516 1270 3589 corrigat,
1295 3518 1330 3576 nt
1351 3515 1533 3578 decollata
1559 3517 1681 3578 virtute
1704 3534 1771 3579 non

975 3612 1155 3691 superbiat,
1172 3615 1208 3674 ut
1222 3613 1327 3675 virtus
1350 3612 1494 3673 bominis
1511 3613 1705 3676 verberibus
1718 3614 1772 3677 in-

975 3713 1123 3774 notescat
1132 3712 1165 3773 et
1175 3710 1314 3772 crescat.
1328 3710 1487 3785 Flagellis
1497 3710 1625 3788 probat,
1638 3712 1769 3790 girando

974 3810 1133 3872 conviciis
1148 3811 1181 3871 et
1190 3807 1476 3885 persecutionibus
1491 3808 1682 3886 iniquorum
1694 3826 1771 3889 pur·

973 3909 1030 3984 gat
1039 3910 1148 3986 justos
1160 3923 1181 3969 a
1194 3907 1351 3984 peccatis,
1367 3906 1454 3969 sicut
1464 3909 1638 3983 argentum
1650 3926 1770 3986 pnrga-

974 4005 1087 4068 turin
1114 4003 1261 4066 fornace.
1295 4004 1389 4065 Unde
1420 4002 1537 4066 beatus
1566 4008 1766 4083 Gregorius:

972 4122 990 4163 r
1013 4104 1236 4176 Quorumdam
1259 4102 1431 4163 bominum
1454 4103 1581 4164 mentes
1609 4104 1683 4181 plus
1706 4105 1769 4167 ila-

972 4200 1059 4276 gella
1075 4215 1173 4277 quam
1193 4197 1344 4259 convicia
1361 4197 1523 4271 cruciant,
1550 4201 1767 4276 quorumdam

972 4315 1051 4360 vero
1061 4298 1135 4375 plus
1146 4296 1298 4358 convicia
1311 4312 1409 4374 quam
1418 4296 1550 4372 flagella
1560 4299 1767 4375 castigant»

972 4395 1118 4472 lilagello
1133 4396 1243 4456 autem
1257 4393 1343 4471 quod
1356 4394 1479 4471 infligit
1491 4398 1578 4456 Deus
1593 4412 1660 4458 non
1674 4397 1768 4461 deest

972 4493 1212 4556 misericordia.
1232 4492 1324 4555 Unde
1346 4492 1381 4553 in
1404 4492 1658 4555 Ecclesiastico:
1682 4499 1768 4571 Spe-

970 4597 1063 4655 ciosa
1083 4594 1323 4654 misericorder.
1342 4594 1406 4653 Dei
1420 4594 1457 4651 iri
1479 4592 1632 4665 teraporc
1653 4592 1766 4653 triba-

970 4693 1118 4762 tatioatr,
1133 4689 1223 4752 siczrt
1236 4693 1342 4751 trabes
1352 4689 1440 4763 plait
1456 4692 1491 4749 ie
1502 4689 1656 4761 tempore
1666 4692 1768 4753 sicci-

972 4792 1054 4852 tatis
1080 4787 1183 4869 (Uccl.
1217 4804 1295 4858 xxv,
1325 4786 1390 4863 aa).
1420 4788 1562 4861 Tempus
1591 4787 1763 4863 siccitatis

972 4888 1065 4959 idest,
1084 4889 1214 4963 tempus
1231 4882 1456 4946 tribulationis
1475 4881 1539 4944 luit
1558 4882 1654 4946 beato
1679 4888 1768 4949 Lan·
1871 4918 1875 4923 -

970 4986 1090 5058 rentio,
1108 4982 1239 5062 quando
1259 4983 1293 5041 in
1307 4981 1486 5056 conspectu
1509 4982 1600 5043 Decii
1624 4982 1687 5046 tuit
1705 5001 1768 5047 ex-

970 5085 1114 5162 poliatus
1133 5084 1167 5145 at
1190 5079 1388 5157 flagellatus,
1412 5094 1513 5158 super
1526 5080 1687 5143 craticula
1707 5099 1768 5160 po-

970 5183 1055 5245 situs
1075 5183 1109 5244 et
1123 5181 1200 5257 igne
1221 5175 1422 5239 combustus.
1440 5176 1503 5237 Sed
1527 5179 1615 5239 Deus
1631 5177 1720 5242 dedit
1733 5181 1766 5243 ei

970 5280 1090 5341 nubem
1117 5276 1252 5356 pluviae,
1274 5275 1369 5347 idest,
1392 5273 1603 5351 refrigerium
1623 5277 1765 5340 internas

969 5378 1098 5455 gratiae,
1113 5377 1149 5437 in
1167 5377 1295 5438 tantum
1318 5372 1404 5450 quod
1422 5372 1510 5449 ignis
1524 5375 1597 5437 erat
1610 5374 1643 5435 ei
1661 5375 1764 5437 resri-

969 5475 1110 5553 geratio,
1127 5475 1160 5537 et
1174 5473 1295 5536 caetera
1315 5472 1480 5533 tormenta
1494 5472 1590 5549 quasi
1614 5473 1764 5549 quaedam

970 5573 1080 5638 dulcia
1103 5571 1236 5650 gaudia.
1267 5569 1360 5632 Unde
1387 5570 1625 5632 convenienter
1647 5570 1763 5633 beatus
