3802 6166
55 286 115 348 iss
229 266 236 277 '
688 287 917 351 sersronm.
940 290 1019 353 ma.
1043 291 1068 353 1.
1645 300 1705 365 iso

56 442 244 527 dIctijregis
265 444 299 509 et
321 444 416 523 regui
433 446 591 526 expedire
603 447 736 522 vlderit,
750 464 852 512 exse·
908 450 1020 516 attrita
1037 452 1204 516 continuis
1218 455 1251 518 et
1271 452 1438 519 haereticae
1458 456 1633 536 pravItatis
1646 476 1704 524 eu-

57 545 115 623 qui
129 544 328 608 valeatvlce
342 544 468 619 nostra,
487 545 662 608 intendens
680 547 853 610 humiliter
907 550 1039 613 roribus
1068 551 1230 627 involuta,
1259 554 1313 616 vel
1340 570 1416 618 sero
1445 555 1487 618 ab
1512 557 1704 636 hujusmodl

58 644 93 705 et
114 642 243 711 devote,
258 642 402 705 sciturus
419 642 505 721 quod
525 643 591 721 ipsi
612 645 685 722 regi
707 646 852 724 6161116-
908 649 1090 725 respiraret
1104 651 1279 728 angustiis,
1304 653 1337 714 et
1360 654 1523 731 contagiis
1536 672 1704 734 purgare·

57 739 190 802 toribus
214 739 284 801 suis
305 740 469 802 auxilium
486 742 636 803 nostrum
655 759 722 805 non
737 743 851 818 deerit,
908 748 973 809 tur.
994 748 1034 809 st
1052 750 1208 826 quoniam
1226 749 1263 811 ln
1284 751 1431 827 graviori
1450 753 1564 817 morbo
1588 770 1706 818 recur-

57 840 219 916 quantum
240 838 298 899 1116
313 838 480 917 permittet
493 839 549 917 qui
564 840 715 917 superbis
728 841 856 903 resistit
909 843 1048 904 rendum
1070 846 1120 908 est
1141 845 1182 906 ad
1197 846 1360 909 validiora
1382 849 1541 921 remedia,
1561 852 1706 914 616166-

58 938 93 998 et
125 935 308 999 humilibus
344 936 486 1012 gratiam
511 937 711 1013 impertitur.
736 940 854 1002 Datum
909 940 987 1002 dum
1002 943 1150 1006 cauterio
1178 943 1235 1004 ubi
1259 946 1499 1009 medicamenta
1524 948 1613 1011 lenia
1637 965 1705 1013 non

58 1034 228 1107 Laterani,
244 1033 509 1108 6111611616,
524 1050 612 1098 anno
627 1036 745 1113 primo.
909 1038 1101 1114 procedunt,
1130 1041 1281 1117 apposita
1303 1043 1381 1104 sunt
1405 1042 1530 1105 ferrum
1556 1046 1590 1107 et
1616 1046 1705 1124 ignis
1732 1056 1739 1071 ·

909 1135 1104 1198 vulneribus
1119 1154 1192 1215 quae
1215 1139 1339 1200 dudum
1362 1140 1426 1202 sibi
1450 1143 1634 1219 appositam
1649 1142 1705 1206 fc-

910 1234 1095 1295 mentorum
1119 1251 1185 1297 666
1209 1239 1382 1300 senserant
1403 1239 1612 1316 medicinam,
1637 1257 1705 1319 pu-

100 1169 145 1230 16
166 1170 323 1231 eumdem
345 1171 485 1230 amdam
506 1166 619 1230 Nobili
638 1168 711 1231 viro
735 1169 806 1232 cast
825 1167 856 1229 1-

59 1265 143 1327 1666
161 1268 279 1327 corum
295 1263 354 1345 (1).

102 1365 192 1425 Item
203 1362 346 1425 lieberto
359 1362 654 1441 deveteri—ponte.

100 1461 192 1522 Item
206 1461 324 1522 comiti
339 1460 486 1523 cestriae.

100 1561 192 1621 Item
206 1557 324 1621 comiti
336 1557 507 1620 Petrariae.

101 1657 192 1718 Item
205 1655 363 1718 caufrido
379 1654 419 1717 de
433 1654 558 1719 Navill.

101 1755 192 1816 Item
211 1753 398 1815 castellano
413 1753 576 1815 boverias.

911 1429 1038 1503 herent,
1055 1431 1244 1508 amputatis,
1262 1433 1295 1495 et
1311 1433 1441 1496 ossibus
1463 1434 1563 1497 etiam
1578 1435 1708 1499 tirmio-

910 1525 1014 1599 rlbus,
1044 1528 1173 1591 scilicet
1198 1545 1272 1608 quaa
1298 1530 1465 1594 sustinere
1490 1532 1707 1596 imbecillium

912 1624 1072 1687 malitiam
1103 1626 1311 1702 videbantur,
1345 1629 1380 1689 in
1407 1631 1537 1693 camino
1566 1631 1709 1693 tribula·

912 1722 1024 1796 116616,
1042 1724 1078 1786 61
1095 1723 1301 1787 intellectum
1326 1727 1514 1805 reciperent
1535 1743 1578 1790 ex
1598 1742 1708 1791 vexa-

909 1331 1006 1393 tridis
1032 1331 1199 1406 carnibus,
1234 1351 1276 1396 ne
1302 1337 1429 1412 partem
1453 1337 1618 1400 sinceram
1641 1340 1707 1401 tra·
1819 1394 1822 1401 .
1893 1372 1897 1385 ·

101 1853 192 1914 Item
226 1850 412 1913 Beronibus
444 1850 590 1929 quinque
625 1851 785 1912 Portuum
825 1849 858 1911 et

60 1965 178 2011 eorum
199 1948 425 2025 complicibus.

102 2050 146 2109 Im
172 2050 331 2109 emendem
354 2048 430 2121 sere
451 2048 591 2107 aradum
605 2044 799 2123 {castellano
818 2044 859 2106 de

60 2144 322 2221 Nogtingaham,
345 2144 378 2206 61
400 2143 476 2205 61116
490 2143 681 2205 66616116616
700 2144 735 2205 16
751 2143 860 2204 fideli-

61 2244 131 2305 tate
157 2240 323 2304 carissimi
352 2241 414 2302 tilii
438 2241 543 2304 nostri
561 2243 602 2302 H.
620 2240 710 2318 regIs
730 2242 859 2318 Angliae

63 2339 332 2418 persistentibus.

104 2442 148 2500 In
163 2440 322 2500 eacaradem
335 2440 474 2500 modum
494 2436 752 2517 archiepiscopo
774 2437 861 2499 Ebo-

66 2551 213 2599 racens1.

911 1820 1013 1893 tione,
1039 1821 1205 1884 discoctis.
1234 1826 1272 1884 ln
1300 1840 1423 1887 vanum
1447 1826 1558 1888 autem
1576 1826 1709 1890 videtur

913 1918 1050 1980 medicis
1081 1919 1268 1995 laborasse,
1298 1922 1377 1999 quia
1408 1924 1709 2002 computrescentes
1829 1986 1833 1995 ,

913 2113 1053 2176 vulnera
1083 2115 1338 2190 recrudescunt,
1364 2117 1398 2180 et
1428 2119 1552 2181 frustra
1578 2119 1711 2182 videtur

914 2212 1077 2274 conflasse
1099 2214 1275 2289 conflatum
1299 2214 1466 2293 quianon
1492 2218 1569 2280 sunt
1594 2233 1710 2280 eorum

914 2311 1117 2388 consumptae
1132 2310 1280 2385 malitiae,
1294 2314 1326 2375 et
1339 2312 1457 2390 rubigo
1470 2315 1574 2377 nimia
1586 2315 1627 2379 de
1640 2314 1710 2377 illis

915 2423 981 2470 non
994 2409 1079 2472 exiit
1095 2425 1157 2472 nec
1178 2410 1381 2487 perignem.
1406 2412 1561 2474 Percussi
1588 2413 1711 2476 etenim

915 2506 1051 2568 minime
1066 2507 1255 2582 doluerunt,
1267 2509 1301 2570 et
1314 2508 1418 2572 attriti
1430 2512 1614 2574 renuerunt
1627 2510 1713 2573 acci-

916 2619 994 2681 pere
1014 2604 1236 2683 disciplinam,
1262 2608 1397 2685 propter
1419 2607 1506 2687 quod
1528 2608 1713 2671 611116666-

916 2702 1006 2764 tenta
1021 2718 1095 2765 esse
1108 2703 1241 2765 videtur
1255 2719 1373 2766 manus
1385 2705 1516 2768 Domini
1529 2723 1630 2784 super
1640 2721 1711 2769 eos.

955 2800 1048 2863 Licet
1070 2801 1181 2863 autem
1208 2817 1328 2879 magua
1352 2803 1396 2865 sit
1418 2819 1533 2866 eorum
1556 2804 1714 2867 contritio

916 2897 1007 2960 velut
1021 2913 1123 2972 mare,
1137 2899 1350 2978 ipsorumque
1373 2901 1471 2978 plaga
1494 2900 1713 2979 desperabiIis

917 2996 1084 3069 videatur,
1105 3012 1147 3057 ne
1169 2997 1280 3059 tamen
1306 2998 1402 3060 uobis
1422 2997 1534 3063 valeat
1554 2997 1715 3076 imputari

918 3094 1004 3173 quod
1014 3110 1088 3157 eam
1100 3094 1332 3171 circumligare
1342 3096 1584 3159 correctionum
1599 3095 1714 3158 fasciis

918 3191 1163 3269 neglexerimus
1178 3192 1210 3254 61
1221 3194 1483 3256 mansuetudinis
1505 3194 1579 3256 6166
1598 3193 1715 3256 conio-

918 3306 1013 3366 vere3
1031 3290 1201 3367 sperantes
1220 3307 1350 3368 quoque
1371 3292 1457 3369 quod
1472 3291 1529 3353 ille
1542 3290 1599 3369 qui
1613 3291 1715 3355 etiam

919 3388 1024 3450 iratus
1043 3404 1109 3449 non
1137 3387 1259 3449 desinit
1289 3388 1455 3462 misereri,
1486 3404 1553 3451 non
1585 3403 1717 3466 semper

919 3485 1100 3548 continebit
1124 3500 1194 3546 suae
1219 3485 1352 3562 pietatis
1374 3486 1504 3548 viscera
1525 3502 1625 3564 super
1645 3500 1715 3559 eos,

920 3582 978 3645 sed
999 3583 1039 3644 de
1063 3583 1196 3644 illorum
1217 3599 1317 3643 manu
1337 3583 1515 3661 aliquando
1539 3582 1718 3646 transierat

921 3681 1059 3743 calicem
1074 3679 1132 3743 irae
1150 3696 1231 3754 suae,
1250 3681 1405 3744 dilectum
1428 3682 1533 3744 illium
1545 3684 1582 3744 B.
1594 3681 1606 3706 ⁸
1619 3680 1717 3744 titulo

923 3779 1118 3841 Sanctorum
1141 3779 1280 3842 ioannis
1311 3781 1345 3842 et
1367 3780 1465 3841 Pauli
1488 3778 1719 3858 presbyterum

68 3865 315 3926 invalescentibus
334 3866 362 3926 in
382 3866 539 3924 Provincia
557 3866 868 3925 16666666111161616-
922 3877 1135 3949 cardinalem,
1164 3880 1201 3938 Α,
1233 3878 1265 3938 s,
1291 3876 1448 3954 legatum,
1472 3877 1581 3941 virum
1605 3876 1720 3954 utique

104 3955 171 4014 6661
181 3953 348 4025 fautoribus,
360 3956 445 4013 mittit
457 3970 492 4012 66
502 3954 632 4012 Pontifex
646 3956 681 4014 Α.
696 3956 723 4014 S.
740 3955 868 4029 legatum
922 3975 1112 4053 approbapae
1133 3975 1222 4046 vitae,
1236 3975 1344 4037 virum
1365 3975 1542 4037 eminentis
1557 3975 1718 4048 scienti&

106 4047 297 4103 bertrannum
311 4059 377 4101 cum
393 4045 517 4102 maxima
531 4051 681 4118 potestate.

103 2635 196 2696 Item
208 2633 466 2710 Rotbomagensi
476 2632 739 2710 archiepiscopo.

107 2732 199 2793 Item
212 2730 324 2793 Nobili
336 2731 409 2794 viro
424 2731 514 2793 Falc.
531 2731 572 2793 de
584 2731 716 2792 Breant.

106 2829 199 2889 Iterat
227 2827 371 2891 11166616
406 2828 446 2890 de
473 2829 635 2901 Marisco,
661 2825 861 2890 66666116616

69 2916 167 3002 regni
179 2924 319 3003 Angliae.

404 3112 528 3201 CLIII

63 3311 120 3371 Ad
144 3310 341 3371 Prociuctoe
359 3312 512 3387 66616616
537 3311 809 3387 arcumptscopos
830 3309 864 3370 et

329 3408 513 3482 episcopos,
528 3406 590 3469 etc.

364 3519 398 3579 19
414 3522 474 3593 jen.
496 3520 575 3578 1117.

98 3645 220 3709 11166661,
231 3642 275 3694 lib.
287 3642 403 3708 166161..
416 3643 472 3693 283.
488 3670 521 3682 -
533 3644 661 3709 bouquet,
673 3643 776 3697 11666611
790 3644 835 3696 des

248 3723 293 3774 des
309 3724 451 3784 historIcus,
465 3728 484 3773 t.
498 3724 567 3783 XIX,
577 3739 603 3789 6.
617 3724 685 3788 amp.

922 4073 1031 4134 virum
1052 4074 1219 4151 potentem
1242 4074 1277 4134 in
1302 4089 1402 4151 66666
1425 4088 1465 4135 66
1489 4088 1651 4144 sermone,
1677 4071 1720 4135 ad

110 4168 281 4233 Honorius
300 4169 510 4247 episcopus„
533 4171 780 4234 venerabilibus
795 4170 868 4233 tra·
924 4173 1034 4249 666166
1047 4171 1122 4232 illas
1135 4171 1290 4232 duximus
1303 4171 1546 4244 destinandum,
1562 4184 1720 4232 concessa

71 4269 181 4331 tribus
207 4267 451 4341 Ebredunensi,
481 4270 640 4345 Aquensi,
670 4269 868 4343 Arelatensi,
925 4269 988 4330 sibi
1017 4269 1222 4346 plenitudine
1250 4269 1438 4345 potestatis,
1466 4270 1512 4340 ut,
1540 4267 1722 4329 secundum

72 4366 269 4438 Viennensi,
289 4365 498 4428 Narbonensi
518 4367 551 4429 et
572 4368 803 4441 Auxitauensi,
820 4385 872 4430 ar·
926 4367 1035 4429 datam
1058 4365 1121 4426 sibi
1143 4382 1162 4426 6
1183 4367 1251 4427 Deo
1276 4366 1495 4443 prudentiam,
1518 4365 1667 4426 destruat
1688 4364 1723 4425 et

72 4463 316 4543 cbiepiScopis3
354 4464 559 4536 Mimatensi,
594 4464 869 4538 Claromontensi,
926 4464 1047 4526 evellat
1062 4480 1134 4540 quae
1151 4463 1350 4525 destruenda
1363 4464 1396 4524 et
1410 4462 1581 4524 evellenda
1596 4476 1722 4536 cogno-

73 4561 259 4635 dumiensi,
278 4562 518 4633 Lemovicensi,
539 4562 759 4635 Ruthenensi,
774 4563 871 4625 Albi-
926 4562 1022 4634 verit,
1037 4579 1110 4640 quae
1127 4576 1206 4623 vero
1229 4560 1422 4622 aedificanda
1437 4559 1557 4622 viderit
1576 4558 1608 4619 et
1627 4558 1724 4634 plan-

72 4660 184 4737 gensi,
200 4659 404 4733 caturcensi,
431 4659 697 4735 PetregorIcensi
717 4662 749 4723 et
762 4664 874 4738 Agen-
926 4660 1027 4722 tanda
1049 4659 1190 4721 aedificet
1211 4659 1309 4736 atque
1328 4658 1464 4736 6166161.
1486 4656 1628 4732 Ideoque
1644 4654 1723 4715 uni·

75 4758 185 4830 66661,
215 4757 401 4835 661666616;
427 4756 556 4819 (11166116
583 4757 662 4819 tiliis
686 4758 871 4834 abbatibus,
928 4758 1119 4820 versitatem
1144 4757 1290 4819 vestram
1317 4756 1464 4832 rogando
1491 4768 1662 4814 monemus
1691 4752 1726 4815 et

75 4855 256 4934 prioribus,
277 4855 422 4927 decanis,
444 4856 642 4932 6666661116,
665 4856 876 4919 arclridIaco-
929 4855 1145 4918 exhortamur
1166 4855 1333 4927 attentius,
1351 4869 1411 4930 per
1429 4850 1610 4929 apostolica
1629 4849 1725 4912 vobis

75 4955 141 5025 nis,
156 4952 466 5030 archipresbyteris,
486 4954 519 5015 61
534 4953 699 5015 universis
711 4955 788 5016 aliis
807 4956 874 5017 tam
930 4955 1052 5032 scripta
1092 4953 1231 5014 tirmiter
1268 4949 1490 5029 praecipiende
1530 4948 1726 5011 mandantes

76 5052 211 5114 clericis
225 5067 323 5129 quam
341 5050 877 5128 1616161666661161666166661116-
931 5055 1093 5131 66616666
1116 5052 1224 5129 ipsum
1249 5050 1335 5112 sicut
1347 5047 1545 5126 Apostolicae
1561 5046 1657 5109 Sedis
1675 5046 1728 5109 le-

76 5150 290 5228 piscoporum
312 5150 345 5210 et
375 5149 605 5226 661666666666
634 5150 816 5227 provinciis
844 5152 877 5214 et
931 5153 1059 5228 gaium,
1083 5150 1149 5211 imo
1171 5149 1285 5211 verius
1308 5147 1425 5209 66616
1453 5145 1537 5224 1666,
1556 5145 1728 5209 studentes

77 5247 737 5321 (116666116666661116116,6616166616.
932 5249 1047 5312 devote
1068 5248 1217 5324 recipere
1243 5262 1282 5308 ac
1306 5244 1487 5307 honorilice
1510 5245 1727 5322 pertractare,

117 5345 226 5407 Multo
241 5345 360 5406 sudore
382 5343 568 5409 laboratum
582 5348 632 5408 cst
657 5347 690 5408 et
703 5347 806 5410 multu
821 5348 876 5409 la·
933 5345 1060 5422 sibique
1076 5344 1217 5404 fideliter
1236 5341 1439 5413 assistentes,
1454 5341 1560 5418 Ipsius
1581 5339 1729 5409 salubria

77 5443 160 5505 hore
190 5443 354 5515 sudatum,
377 5444 415 5504 61
439 5444 528 5504 16666
559 5444 754 5518 Provinciae,
782 5445 878 5508 bellis
933 5442 1099 5513 mandata,
1116 5440 1241 5523 munita
1256 5441 1288 5502 et
1302 5440 1425 5502 statuta
1437 5437 1606 5516 recipIatis
1618 5436 1732 5519 bumi—

117 5628 157 5703 (1)
179 5628 244 5698 leg.
260 5627 459 5702 cornugallia.
970 5630 979 5649 ·
994 5628 1192 5685 bertrannum.
