3802 6166
124 264 184 323 lut

122 422 293 499 compleri.
311 421 504 499 Fapropter,
527 420 638 485 dilecti
653 421 688 485 ln
702 423 833 487 Christo
846 424 918 496 filii,

123 524 185 592 etc,
200 535 306 595 usque
316 538 328 581 .·
338 520 563 597 impertientes
573 536 757 583 assensum.
767 523 919 585 Decimae

122 622 190 680 tam
217 619 385 681 novalium
414 634 511 695 quam
540 620 684 681 aliarum
711 621 919 682 terraruma

121 716 325 777 monasterio
349 718 459 778 vestro
474 719 550 778 ante
563 718 718 794 generale
736 719 919 780 Concilium

121 814 366 875 rationabiliter
381 816 414 876 et
428 814 537 890 quiete
552 830 732 892 possessae,
759 815 844 877 sicut
862 831 919 877 eas

117 914 209 988 juste
224 914 257 973 ct
272 911 408 987 pacifice
425 912 613 987 possidetis,
628 913 721 975 robis
737 914 769 975 et
787 929 847 990 per
861 930 919 975 vos

121 1010 186 1085 ipsi
203 1009 404 1071 monasterio
423 1011 620 1073 auctoritate
636 1012 824 1088 apostolica
839 1028 921 1073 con-

121 1110 307 1175 tlrmamus,
335 1108 368 1168 et
393 1110 568 1184 praesentis
598 1109 713 1186 scripti
734 1109 918 1186 patrocinio

121 1205 362 1265 communimus
375 1227 382 1279 ;
399 1205 580 1266 districtius
593 1206 780 1269 inhibentes
789 1223 830 1267 ne
845 1207 919 1284 quis

122 1319 223 1380 super
235 1302 302 1363 illis
318 1317 377 1364 vos
392 1305 573 1379 praesumat
593 1310 716 1365 temere
731 1304 916 1367 molestare.

122 1401 312 1475 Nulliergo,
328 1402 814 1474 etc.,nostraeconfirmationis,
829 1403 920 1464 etin·

120 1497 918 1574 bibitionisinsringere,relei,ete.,c0ntraire.si

121 1596 196 1673 quis
220 1596 340 1667 aulem,
364 1599 441 1665 etc..
466 1596 689 1658 incursurum.
710 1598 829 1659 Datum
855 1600 919 1660 Fe-

119 1693 243 1755 rentini
257 1693 418 1755 kalendas
429 1693 626 1771 septembris
650 1712 738 1757 anno
761 1697 916 1758 secundo.

415 1904 419 1911 ·
457 1872 585 1960 XXIV

118 2025 615 2099 Adcpiscopmaetcopt'tulum
626 2028 917 2088 suessionensem.

418 2149 524 2220 {sept
544 2148 621 2205 tall.

330 2253 439 2318 [liegest.
455 2253 499 2303 lib.
511 2255 543 2313 ll,
559 2253 632 2318 epist.
644 2254 712 2319 ott]

120 2351 240 2409 blandai
252 2358 282 2407 nt
292 2351 444 2425 praebenda
453 2352 584 2411 canonici
595 2353 758 2425 assignetur
768 2353 871 2411 clerico
884 2356 917 2412 a.

160 2479 338 2550 Honorius
359 2480 434 2550 ete,
446 2479 630 2540 venerabili
640 2479 736 2542 tratri
751 2480 917 2560 episcopo,

119 2576 154 2636 et
168 2575 298 2636 dilectis
312 2575 390 2636 tiliis
404 2576 541 2653 capituli
557 2577 769 2638 suessionen.

164 2673 422 2734 promissionem
431 2673 556 2735 babens
571 2674 659 2746 vitae,
672 2690 744 2752 quae
755 2691 843 2736 nunc
856 2676 916 2748 est,

121 2773 155 2832 et
170 2770 299 2842 suturae,
316 2772 422 2847 pietas
437 2788 497 2833 nos
512 2771 652 2842 induxit,
667 2774 702 2835 ut
717 2788 776 2849 pro
799 2773 918 2835 dilecto

123 2869 280 2943 magistro
290 2869 433 2932 Roberto
448 2870 917 2946 clericolatorepraesenlium,

123 2968 175 3027 cni
190 2967 337 3028 scientiae
351 2967 472 3028 donum
488 2971 520 3030 et
531 2968 608 3029 vitae
627 2968 781 3029 meritum
797 2969 920 3030 suffra-

119 3065 193 3138 gari
225 3065 388 3136 dicuntur,
413 3081 527 3142 preces
553 3066 646 3126 vobis
676 3067 918 3143 porrigeremus

119 3163 339 3239 apostolicas,
356 3164 389 3224 et
408 3164 609 3234 mandatum,
639 3165 675 3225 ut
702 3165 810 3240 ipsum
832 3164 920 3224 reci-

120 3260 245 3336 peretis
269 3261 304 3320 in
328 3261 526 3321 canonicum
550 3261 637 3322 etin
663 3260 809 3333 tratrem,
834 3260 918 3338 quod

120 3357 232 3418 lacere
255 3358 424 3430 renuistis,
453 3358 663 3435 praebendam
684 3374 757 3435 quae
773 3360 920 3435 postmo-

120 3455 199 3515 dum
224 3456 258 3516 in
278 3456 419 3517 ecclesia
443 3458 553 3518 vestra
575 3456 707 3517 vacavit
728 3454 787 3517 alii
807 3454 921 3517 conle-

120 3555 250 3625 rentes,
281 3553 367 3615 sicut
391 3553 487 3615 nobis
513 3554 708 3615 dilectorum
736 3554 918 3615 tiliorum...

120 3651 470 3723 decani,tlresaurarii,
487 3654 556 3712 et...
572 3651 719 3724 official,
730 3650 917 3724 Belracen„

121 3766 204 3826 qnos
228 3749 334 3810 eidem
350 3750 530 3811 monitores
543 3750 782 3820 concessimus,
800 3748 920 3811 relatio

120 3846 313 3909 declararit.
330 3847 488 3908 Nolentes
502 3848 604 3923 igitur
618 3846 845 3923 imperfectum
865 3863 921 3908 re-

120 3946 273 4022 linquere
293 3945 379 4022 quod
401 3945 660 4007 misericorditer
675 3945 918 4018 inchoavimus,

121 4044 162 4103 de
192 4044 313 4104 clerico
349 4045 554 4115 memorate,
586 4059 644 4120 per
676 4044 796 4105 iterata
826 4043 920 4104 robis

122 4143 247 4218 scripta
272 4142 495 4218 praecipiendo
524 4142 729 4214 mandamus,
757 4144 920 4220 qnatenus

118 4241 218 4318 juxta
234 4240 333 4316 primi
349 4240 495 4301 mandati
511 4242 659 4302 tenorem
670 4241 705 4300 in
723 4240 920 4301 canonicum

121 4340 270 4399 restrum
293 4340 326 4399 et
350 4338 485 4399 tratrem
508 4338 678 4414 recipiatis
696 4339 846 4399 eumdem
863 4360 871 4411 ;
889 4339 922 4399 et

121 4435 344 4513 praebendam,
360 4436 388 4496 si
403 4452 467 4513 qua
477 4436 512 4496 in
526 4435 665 4497 ecclesia
677 4437 751 4512 ipsa
766 4436 873 4508 vacat,
889 4436 920 4497 ei

121 4533 306 4595 liberaliter
327 4533 517 4608 assignetis.
535 4534 684 4595 scientes
706 4550 766 4594 nos
791 4533 921 4594 dilectis

121 4633 238 4694 tiliis...
253 4633 389 4701 decano,
404 4632 544 4703 cantori,
558 4634 591 4692 et
606 4632 764 4708 magistro
777 4634 814 4692 G.
827 4634 918 4692 Gom.

121 4729 921 4806 canonicoRemensipernostrasdedisselitteras

121 4831 154 4891 in
164 4829 340 4900 mandalia,
352 4830 387 4889 ut
398 4827 461 4888 nisi
476 4827 674 4889 curaveritis
687 4827 820 4888 eltlcere
835 4826 920 4903 quod

120 4927 363 4997 mandavimus
391 4926 452 5002 ipsi
478 4942 537 4985 ros
557 4926 598 4986 ad
619 4925 650 4985 id
673 4940 920 5002 percensuram

121 5025 381 5088 ecclesiasticam
395 5023 617 5099 appellatione
628 5025 755 5085 remota
771 5022 920 5099 compel-

120 5126 208 5192 lant,
229 5123 293 5183 nisi
318 5122 443 5198 aliquid
464 5121 628 5198 objectum
644 5120 743 5183 tuerit
763 5122 795 5182 et
809 5122 923 5181 osten-

122 5240 207 5293 sum,
233 5218 473 5297 propterquod
502 5219 534 5279 id
557 5235 622 5279 non
649 5218 754 5295 possit
776 5218 829 5279 rel
855 5235 921 5279 non

121 5320 240 5381 debeat
254 5317 439 5394 adimpleri.
454 5319 571 5398 Italum
583 5316 753 5379 Ferentini
769 5316 921 5379 kalendis

122 5416 320 5496 septembris
335 5430 423 5476 anno
439 5400 595 5476 secundo.

163 5617 200 5679 In
217 5611 366 5675 eumdem
384 5609 451 5671 tere
464 5609 596 5671 modum
616 5608 840 5687 scriptumest
859 5626 920 5673 su·

749 264 978 335 EPISTOLAE,
1002 267 1079 333 lua.
1104 268 1144 331 11.

1603 276 1772 369 ¹les

975 442 1034 504 per
1046 427 1110 491 hoc
1124 427 1249 491 eisdem
1265 430 1499 493 executoribus
1513 432 1624 494 verbis
1636 448 1772 512 compe·

973 526 1082 587 tenter
1097 527 1243 589 mutatis.
1259 528 1349 600 Quod
1366 529 1395 590 si
1410 544 1475 590 non
1484 545 1598 592 omnes
1611 533 1686 604 etc,
1701 534 1771 593 Duo

974 630 1133 697 vestrum,
1148 627 1223 697 eto,
1238 627 1356 688 Datum
1370 628 1404 688 ut
1419 643 1531 705 supra.

1318 787 1426 875 XXV

1013 930 1065 988 Act
1080 931 1229 991 Ulrtcrem
1243 932 1491 994 Potoeieuscm
1504 934 1537 995 et
1547 935 1733 997 liebertum

1147 1029 1398 1091 olomucensem
1414 1034 1597 1107 cptscopos.

1271 1153 1375 1225 lsept.
1396 1153 1474 1211 tall.

1036 1255 1152 1320 [barrels.
1164 1257 1225 1310 Cod.
1239 1258 1373 1323 diplomat.
1388 1260 1517 1324 blorariar,
1528 1262 1559 1322 ll,
1570 1262 1610 1324 et,
1620 1276 1647 1313 n.
1657 1262 1711 1329 80]

974 1364 1032 1421 llos
1044 1364 1194 1437 episcopos
1204 1367 1349 1425 constituit
1361 1374 1469 1425 tutores
1481 1370 1588 1439 uxoris,
1609 1378 1638 1427 et
1650 1370 1772 1429 filiorum

1079 1454 1214 1526 Leopoldi
1226 1453 1305 1512 ducis
1316 1457 1437 1514 Austris
1450 1458 1652 1532 crucesignati.

1012 1571 1179 1632 Honorius
1194 1573 1368 1651 episcopus
1381 1590 1497 1636 servus
1513 1592 1684 1639 servorum
1699 1577 1770 1650 bei,

972 1667 1217 1730 venerabilibus
1257 1670 1426 1743 tratribus,
1467 1673 1657 1735 Patavlensi
1687 1676 1769 1735 et....

973 1765 1354 1845 Olomucensiepiscopis
1366 1772 1398 1831 et
1411 1770 1530 1832 dilecto
1541 1770 1647 1832 illio...
1661 1770 1772 1832 abbati

973 1864 1096 1925 sanctae
1109 1866 1218 1927 crucis
1234 1867 1442 1929 Pataviensis
1453 1868 1618 1941 dioecesis,
1631 1867 1772 1939 salutem

973 1962 1005 2020 et
1017 1960 1232 2035 apostolicam
1247 1961 1522 2025 benedictionem.

1013 2059 1118 2128 Quum
1131 2057 1271 2121 dilectus
1286 2060 1375 2121 tilius
1390 2060 1511 2123 nobilis
1523 2062 1586 2134 vir,
1602 2062 1670 2123 dux
1683 2064 1773 2124 bus-

973 2154 1083 2216 triae...
1112 2158 1280 2235 assumpto
1309 2161 1431 2221 sanctae
1458 2160 1568 2221 crucis
1596 2160 1770 2236 signaculo

974 2253 1147 2329 magnillce
1156 2255 1220 2316 iter
1229 2256 1455 2333 arripueritad
1466 2257 1650 2318 subsidium
1659 2260 1771 2320 Terrae

974 2353 1115 2425 Sanctae,
1139 2369 1199 2413 nos
1222 2354 1291 2414 suis
1301 2355 1403 2431 justis
1422 2354 1701 2432 postulationibus
1718 2355 1772 2416 in·

973 2448 1088 2510 clinati
1111 2466 1287 2527 personam
1306 2468 1400 2513 suam
1425 2468 1536 2513 cum...
1550 2468 1665 2525 uxore,
1680 2451 1770 2522 tiliis,

973 2547 1062 2607 terra
1077 2547 1295 2625 omnibusque
1307 2549 1403 2633 bonis
1416 2550 1485 2610 suis
1501 2549 1561 2611 sub
1577 2549 1665 2612 beati
1680 2550 1773 2611 Petri

973 2646 1559 2725 etnostraprotectionesuscepimus.
1569 2648 1770 2720 statuentes,

974 2741 1009 2802 ut
1028 2757 1067 2803 ea
1094 2743 1204 2804 omnia
1225 2743 1285 2804 sub
1307 2745 1445 2822 speciali
1464 2744 1661 2821 apostolica
1677 2744 1785 2825 Sedis¹

975 2840 1424 2916 protectioneacdelensione
1434 2841 1773 2905 consistantdonecde

973 2938 1081 3000 reditu
1096 2955 1156 3000 suo
1168 2938 1221 2999 rel
1237 2939 1330 3002 obitu
1343 2940 1529 3002 certissime
1541 2940 1771 3016 cognoscatur.

974 3035 1116 3113 Ideoque
1141 3035 1335 3097 discretioni
1364 3040 1483 3099 vestrae
1508 3053 1567 3114 per
1584 3037 1775 3114 apostolica

974 3133 1096 3208 scripta
1116 3133 1322 3205 mandamus,
1340 3136 1502 3211 quatenus
1518 3150 1667 3207 uxorem,
1686 3134 1773 3196 tilios

974 3232 1006 3290 et
1017 3231 1140 3291 terram
1164 3233 1236 3307 ejus
1256 3247 1323 3291 non
1334 3231 1531 3308 permittatis
1551 3231 1592 3293 ab
1606 3232 1774 3309 aliquibus

975 3328 1155 3401 molestari,
1168 3329 1396 3391 molestatores
1405 3329 1580 3402 indebitos,
1597 3330 1626 3390 si
1640 3329 1774 3407 quisue·

974 3426 1051 3497 rint,
1068 3442 1128 3502 per
1150 3441 1326 3487 censuram
1346 3427 1606 3489 ecclesiasticam
1622 3427 1773 3504 appella·

973 3523 1063 3584 tione
1075 3524 1266 3601 postposita,
1279 3526 1535 3600 compescentes.
1555 3525 1647 3596 Quod
1662 3524 1691 3585 si
1706 3540 1773 3587 non

975 3621 1141 3683 omnesiis
1163 3621 1384 3699 exsequendis
1405 3622 1580 3699 potueritis
1599 3622 1772 3697 interesse,

975 3717 1040 3778 duo
1055 3718 1201 3779 vestrum
1215 3718 1431 3781 nibilominus
1450 3721 1684 3797 exsequantur.
1706 3722 1774 3781 Da-

973 3817 1041 3878 tum
1057 3816 1238 3889 Ferentini,
1254 3817 1405 3878 kalendis
1420 3817 1627 3895 septembris,
1635 3816 1773 3895 pontill-

975 3915 1068 3976 catus
1079 3915 1183 3976 nostri
1199 3930 1286 3976 anno
1301 3915 1457 3978 secundo.

1311 4085 1437 4173 XXVI

977 4230 1029 4289 aa
1051 4230 1216 4290 setectum
1237 4233 1433 4303 episcopam
1452 4233 1485 4292 ct
1504 4236 1545 4292 F.
1571 4233 1605 4295 et
1625 4238 1668 4295 P.
1685 4236 1776 4295 Ber·

1004 4325 1169 4386 troadam
1185 4330 1443 4388 archidiaconos
1458 4330 1744 4406 caesaraapmtoe.

1274 4439 1291 4498 6
1306 4447 1379 4513 sept.
1395 4441 1473 4498 lali.

1029 4545 1195 4611 [Lopperaea,
1205 4547 1327 4611 Descript.
1343 4546 1375 4597 de
1385 4547 1469 4606 Osma,
1480 4553 1501 4596 t.
1516 4547 1609 4608 111111,
1624 4562 1649 4599 n.
1665 4549 1718 4614 lb]

976 4654 1079 4712 Sancto
1093 4655 1229 4727 episcopo
1245 4660 1275 4712 et
1291 4656 1322 4711 F.
1339 4661 1366 4711 et
1384 4656 1415 4711 P.
1431 4654 1579 4711 Bertrandi
1596 4654 1774 4714 archidiaco-

1011 4743 1056 4800 nis
1065 4744 1290 4816 cesaraugusta
1303 4743 1430 4811 mandat,
1446 4751 1477 4800 ut
1491 4744 1682 4801 oxoniensem
1696 4746 1772 4817 epis·

1011 4846 1113 4904 capum
1142 4832 1171 4888 ln
1202 4833 1415 4905 possessionem
1445 4831 1518 4890 villae
1544 4831 1628 4889 dietae
1653 4834 1774 4903 Onoma,

1011 4936 1098 4994 quam
1109 4922 1136 4978 el
1146 4921 1311 4994 Alpbonsus
1326 4937 1374 4977 rex
1387 4920 1517 4980 castella·
1532 4922 1560 4977 in
1580 4921 1725 4980 voluntate
1736 4924 1777 4980 ul·

1011 5010 1078 5068 tima
1094 5010 1243 5082 legaverit,
1266 5010 1452 5083 corporaliter
1465 5010 1603 5068 inducant
1623 5019 1653 5069 et
1673 5010 1773 5069 delen·

1011 5099 1080 5158 dant
1093 5098 1250 5157 inductum.

1016 5217 1183 5279 Honorius
1228 5217 1415 5294 episcopus,
1451 5234 1569 5280 servus
1602 5234 1774 5281 servorum

976 5315 1046 5385 Dei,
1067 5314 1252 5376 venerabili
1276 5314 1373 5376 tratri
1397 5315 1564 5393 episcopo,
1590 5319 1623 5378 et
1643 5318 1775 5379 dilectis

976 5412 1065 5473 lilius
1077 5414 1113 5473 F.
1130 5415 1162 5474 et
1182 5415 1219 5473 P.
1240 5412 1416 5473 Bertrandi
1431 5413 1677 5476 archidiaconis
1697 5418 1773 5475 Car-

976 5513 1182 5587 saraugustae
1198 5510 1350 5584 salutem,
1374 5513 1408 5574 et
1427 5512 1644 5588 apostolicam
1666 5512 1773 5573 bene-

976 5608 1164 5670 dictionem.
