3802 6166
106 357 168 415 785

735 333 964 439 emarcum.
988 356 1066 415 111.
1090 357 1130 416 11.

1701 366 1760 426 786

108 518 209 578 11111.
227 517 320 576 Hanc
334 517 446 576 autem
467 512 652 576 libertatem
668 530 733 574 non
750 514 856 575 solum
871 515 906 575 in
961 515 1170 588 accedentes,
1194 517 1227 578 et
1250 516 1409 580 habentes
1434 535 1503 597 praa
1525 523 1630 584 oculis
1652 523 1759 585 solum

108 612 410 692 supradictarilla,
435 612 612 674 sedetiam
637 611 790 675 omnibus
818 612 907 673 villis
962 614 1081 683 Deum,
1111 614 1289 692 inquiratis
1318 613 1359 677 de
1395 618 1514 679 studiis
1548 620 1757 696 eligentium,

108 715 142 774 et
158 711 346 772 bominibus
359 727 441 789 quos
458 710 544 771 idem
560 711 780 787 episcopusin
795 712 909 786 poste-
962 711 1058 772 modo
1085 711 1280 784 electionis,
1318 716 1351 776 et
1381 715 1479 777 electi
1511 717 1639 779 meritis
1676 718 1759 779 dili-

109 827 185 871 rum
206 812 296 887 juste
321 810 356 869 in
379 809 500 870 ducatu
527 824 600 870 meo
625 808 745 885 poterit
768 808 906 885 adipisci
962 809 1093 885 gentius
1120 810 1309 879 veritatem,
1332 812 1364 874 et
1388 812 1416 872 si
1444 813 1637 875 electionem
1654 816 1759 892 ipsam

109 907 307 970 condonari.
344 908 458 968 Testes
486 923 565 968 vero
592 907 693 984 nujus
720 907 907 968 donationis
962 905 1003 967 de
1040 921 1181 985 persona
1214 909 1335 970 idonea
1369 909 1565 972 inveneritis
1600 914 1759 975 canonice

108 1022 192 1066 meae
208 1004 242 1065 hi
265 1006 352 1076 sunt,
381 1005 583 1066 castellanus
606 1006 755 1077 Yvanus,
786 1004 909 1066 castel-
962 1004 1181 1076 celebratam,
1214 1022 1287 1067 eam
1325 1008 1521 1070 auctoritate
1555 1011 1758 1086 Apostolica,

108 1104 208 1164 lanus
229 1103 270 1163 de
293 1103 399 1172 Ruda,
415 1103 630 1171 Ymnuzlaus,
652 1102 852 1164 castellanus
868 1103 908 1164 de
963 1102 1092 1165 sublato
1107 1103 1339 1181 appellationis
1351 1104 1532 1179 obstaculo,
1545 1108 1759 1182 confirmetis,

110 1202 230 1274 Slrem,
261 1201 389 1274 Petrus,
420 1200 588 1279 palatinus
613 1200 812 1279 Stephanus,
828 1201 910 1262 Pin·
963 1204 996 1261 et
1011 1201 1116 1263 electo
1132 1200 1263 1264 faciatis
1283 1203 1355 1264 vioe
1379 1207 1494 1265 nostra
1518 1220 1637 1266 munus
1657 1205 1761 1267 bene-

109 1315 210 1361 cerna
226 1299 405 1368 lohannes,
422 1301 455 1361 61
466 1298 525 1361 alii
544 1298 672 1360 nobiles
687 1299 765 1372 mei,
783 1298 909 1361 scilicet
963 1297 1117 1360 dictionis
1132 1298 1289 1377 impendi.
1304 1302 1422 1363 Datum
1435 1302 1645 1379 Romaeapud
1662 1305 1762 1366 Sanc·

108 1397 302 1467 Milonem,
329 1398 460 1470 Dirsec,
488 1397 664 1468 Woioech,
694 1396 906 1469 Haziborius,
962 1396 1033 1458 tum
1042 1397 1175 1459 Petrum
1190 1397 1289 1461 tertio
1304 1398 1372 1460 kal.
1384 1399 1484 1475 junii,
1494 1413 1582 1461 anno
1597 1400 1755 1463 secundo.

108 1495 263 1569 lsizlaus,
280 1509 419 1572 quorum
445 1495 591 1556 omnium
612 1494 801 1557 testimonio
822 1493 908 1555 banc
1447 1509 1451 1517 ·

109 1609 220 1655 meam
246 1593 457 1654 donationem
479 1608 552 1654 meo
568 1593 679 1670 sigillo
702 1592 907 1654 confirmari.

110 1694 207 1753 Anno
218 1687 259 1752 ab
271 1691 503 1752 incarnatione
513 1691 805 1752 DominiMCCXlI.
818 1690 908 1751 Nulli

111 1805 191 1866 ergo
207 1789 340 1850 omuino
356 1788 525 1850 homiuum
539 1788 638 1852 liceat
652 1788 738 1850 bano
754 1788 908 1867 paginam

112 1887 909 1963 nostraeconfirmationisinlringere,veleiausn

110 1985 291 2047 temerario
315 1985 491 2046 contraire.
511 1985 544 2046 si
565 1985 639 2062 quis
656 1986 766 2046 autem
781 1984 844 2046 boc
858 1985 910 2045 at-

108 2084 241 2144 tentare
252 2083 509 2160 praesumpserit,
522 2083 787 2159 indignationem
802 2082 911 2143 omni-

107 2181 253 2258 potentis
269 2181 327 2241 Dei
343 2183 375 2242 et
391 2180 562 2242 beatorum
581 2180 907 2257 apostoloruml’etri

108 2281 144 2341 et
160 2278 256 2339 Pauli
273 2295 308 2340 se
323 2279 454 2339 noverit
471 2279 693 2339 incursurum.

151 2379 270 2438 Datum
311 2379 424 2438 Romae
461 2376 547 2453 apud
584 2378 741 2438 Sanctum
775 2377 909 2438 Petrum

109 2477 231 2553 quarto
247 2474 406 2536 kalendas
417 2474 517 2553 junii,
529 2490 618 2535 anno
633 2473 788 2535 secundo.

405 2670 623 2758 cclxxix

122 2816 177 2877 Ad
190 2814 345 2875 abbatem
363 2815 482 2876 soracti
499 2813 667 2876 Vincentit
682 2813 715 2874 ct
730 2816 897 2875 decertum

221 2913 339 2973 Scitote·
353 2915 564 2973 fflrcrraboedi
575 2912 802 2973 Silvanectes.

405 3034 442 3091 30
453 3033 520 3090 maii
537 3034 615 3091 lete.

1263 1558 1462 1646 cclxxx

1002 1683 1273 1758 admonistrum
1282 1686 1718 1747 Simoncmsubdtacoonne.

1251 1796 1285 1854 31
1300 1796 1368 1853 maii
1387 1798 1466 1856 1218.

997 1893 1116 1957 [begeat.
1127 1893 1172 1944 llb.
1182 1892 1215 1951 ll,
1225 1893 1298 1959 epist.
1307 1893 1376 1945 illo.
1388 1894 1443 1944 lisa.
1458 1895 1494 1947 Le
1506 1896 1580 1947 Forte
1591 1895 1625 1947 du
1638 1897 1730 1963 rheu]

990 1990 1034 2049 Ad
1047 1991 1160 2065 plenem
1179 1993 1301 2066 gretiam
1314 2007 1380 2050 com
1396 1991 1468 2051 Sede
1481 1994 1642 2066 apostolice
1657 1995 1736 2053 illum

1302 2090 1426 2139 revocat.

1004 2181 1181 2254 Honorius,
1222 2181 1301 2253 etc,
1338 2181 1458 2244 dilecto
1493 2183 1562 2244 illio
1602 2166 1761 2260 magistro

966 2278 1092 2339 Simoni
1118 2277 1159 2339 de
1188 2279 1379 2355 Longiten.,
1407 2278 1610 2342 subdiacono
1636 2283 1760 2342 nostro.

1005 2376 1097 2438 lllius
1112 2376 1190 2438 licet
1208 2377 1365 2439 immeriti
1379 2378 1499 2440 sicarii
1518 2379 1688 2441 constituti
1707 2379 1763 2456 qni

965 2474 1130 2553 parcendo
1141 2491 1180 2536 ao
1189 2475 1377 2537 miserando
1387 2491 1481 2536 suam
1491 2476 1763 2558 omnipotentiam

965 2573 1110 2635 manime
1130 2572 1330 2645 manifestat,
1348 2572 1491 2635 libenter
1506 2575 1540 2634 in
1561 2574 1689 2636 cunctis
1704 2590 1764 2636 ao-

965 2669 1053 2732 tibus
1079 2671 1201 2733 nostris
1225 2670 1491 2733 misericordiam
1516 2673 1761 2749 amplexamur,

966 2769 1120 2840 scientes,
1136 2768 1329 2844 evangelica
1344 2768 1485 2831 veritate
1508 2771 1656 2840 docente,
1674 2769 1761 2847 quod

965 2864 1054 2928 beati
1070 2866 1313 2938 misericordes,
1329 2866 1485 2943 quoniam
1495 2867 1558 2943 ipsi
1570 2867 1765 2928 misericor-

965 2963 1053 3025 diam
1069 2965 1321 3042 consequentur.
1338 2966 1425 3025 Sane
1448 2964 1600 3041 quamuis
1618 2965 1763 3041 peccasti

965 3061 1146 3123 enormiter
1164 3064 1196 3122 te
1223 3063 1290 3122 Deo
1310 3063 1343 3122 et
1362 3061 1518 3122 Ecclesiae
1547 3062 1763 3139 pertinaciter

965 3157 1172 3236 opponendo,
1189 3157 1422 3236 propterquod
1437 3161 1510 3235 eJus
1525 3159 1677 3220 meruisti
1688 3158 1764 3236 jus-

964 3255 1072 3318 titiam
1086 3255 1244 3332 experiri,
1261 3255 1339 3332 quia
1358 3255 1466 3317 tamen
1482 3256 1687 3318 intellectum
1701 3257 1762 3318 tibi

441 3342 583 3400 abbatem.
951 3353 1142 3431 ,vexatione
1176 3352 1357 3414 salubriter
1387 3352 1563 3425 tribuente,
1591 3355 1629 3415 ut
1659 3353 1763 3415 ludas

151 3452 330 3524 Honorius,
357 3452 432 3524 etc„
457 3451 586 3513 dilectis
606 3450 683 3512 tlliis
687 3494 775 3511 .......
800 3450 908 3513 abbati
964 3450 1196 3528 Beujaminum
1231 3451 1272 3513 ad
1307 3449 1430 3527 loseph
1467 3449 1701 3522 introduceret,
1730 3451 1763 3513 et

110 3550 226 3613 Sancti
240 3549 403 3612 Vincentii
420 3551 488 3611 et...
505 3550 632 3611 decano
654 3547 767 3610 Sancti
790 3550 909 3610 Frum-
965 3548 1101 3610 exeunti
1115 3549 1296 3625 AEgyptum
1309 3547 1404 3615 ,Iudae
1419 3546 1514 3610 fleret
1532 3547 1592 3609 tibi
1611 3548 1764 3609 sanctifi-

109 3648 213 3711 baudi
228 3648 450 3710 Silvanecten.

154 3747 273 3807 Dilecti
289 3745 387 3806 tilii...
399 3745 491 3833 prior
506 3744 538 3807 et
554 3745 738 3806 conventus
750 3745 913 3823 Compen—
966 3744 1155 3821 coniugisti,
1166 3760 1232 3804 non
1243 3743 1485 3822 tudiciumsed
1498 3743 1764 3804 misericordiam

110 3845 200 3906 dieu.
211 3844 403 3905 monasterii
415 3842 509 3904 nobis
523 3859 582 3921 per
592 3842 724 3904 nuntios
740 3841 911 3904 etlitteras
943 3897 945 3901 ,
966 3845 1001 3904 in
1017 3843 1115 3905 corde
1128 3842 1270 3904 contrito
1285 3844 1318 3904 et
1339 3841 1514 3904 humiliato
1529 3842 1649 3919 spiritu
1676 3842 1765 3902 mul-

110 3943 284 4004 bumiliter
307 3941 536 4019 supplicarunt
561 3944 597 4002 ut
623 3956 696 4002 cum
722 3939 817 4001 bonae
842 3956 913 4001 me·
965 3940 1124 4020 tiplicatis
1142 3939 1419 4002 intercessoribus
1432 3939 1766 4017 flagitandouoqua-

110 4040 228 4100 moriae
244 4037 378 4100 elberto
394 4053 507 4099 eorum
524 4037 630 4099 electo
644 4037 732 4098 viam
747 4036 911 4097 universae
967 4055 1065 4117 quam
1085 4041 1213 4114 ergata
1235 4037 1366 4098 uiscera
1391 4038 1556 4115 potuimus
1574 4038 1768 4099 misericor-

112 4137 226 4199 oarnis
243 4137 394 4214 ingresso
416 4135 652 4197 convenientes
667 4135 701 4196 in
718 4150 820 4195 unum
834 4134 912 4211 Spi·
967 4137 1030 4198 diae
1045 4137 1227 4208 continere,
1242 4134 1300 4197 sed
1312 4152 1353 4197 ne
1365 4136 1466 4197 nimis
1486 4135 1762 4198 contunderemus

112 4236 198 4296 ritus
210 4235 321 4296 Sancti
332 4233 441 4310 gratia
455 4233 620 4305 invocata,
636 4231 811 4295 arnulfum
829 4235 914 4310 ejus·
967 4237 1210 4311 compunctum,
1227 4234 1260 4295 et
1271 4235 1485 4312 poenitentem
1499 4233 1767 4296 immisericordi·

112 4333 188 4395 dem
224 4332 418 4393 monasterii
453 4331 650 4393 monachum
686 4330 846 4391 canonice
881 4331 913 4393 et
966 4334 1019 4395 ter
1031 4330 1236 4410 puniremus,
1254 4333 1286 4391 te
1301 4330 1335 4391 in
1348 4331 1480 4408 plenam
1503 4331 1646 4407 gratiam
1670 4331 1764 4391 Sedis

113 4430 324 4493 concorditer
348 4430 520 4506 elegerunt
553 4429 587 4489 in
616 4427 779 4499 abbatem,
810 4445 912 4507 qnmn
966 4428 1165 4508 Apostolicae
1176 4428 1333 4488 duximus
1347 4427 1766 4504 revocandum‚speranies

112 4527 342 4606 multipliciter
361 4526 629 4589 commendantes
649 4525 866 4587 sufficientem
882 4527 914 4587 et
967 4528 1005 4589 ut
1024 4528 1148 4599 Simon,
1165 4524 1258 4588 illius
1282 4525 1428 4587 Simonis
1456 4525 1612 4597 imitator,
1630 4525 1686 4602 qui
1704 4525 1766 4585 etsi
1817 4535 1823 4546 ·

114 4627 270 4688 idoneum
289 4626 330 4687 ad
354 4625 495 4687 abbatiae
519 4625 669 4701 regimen
686 4624 911 4695 asseruerunt,
968 4624 1182 4687 conturbatus
1192 4624 1228 4685 in
1238 4623 1495 4686 exacerbatione
1506 4621 1665 4685 ceciderit
1675 4623 1767 4683 Clui-

112 4725 310 4787 eleotionem
340 4724 445 4802 ipsius
474 4723 689 4798 dignaremur
715 4721 913 4784 auctoritate
967 4725 1054 4785 stum
1086 4722 1249 4799 negando,
1275 4721 1483 4799 postmodum
1510 4724 1621 4782 tamen
1649 4719 1768 4781 sortior

111 4822 301 4901 Apostolica
319 4821 529 4893 confirmare,
555 4836 595 4881 ac
610 4822 682 4898 ejus
698 4818 867 4882 laboribus
882 4825 914 4883 61
967 4820 1167 4892 resurrexit,
1184 4820 1217 4880 et
1239 4819 1383 4897 perstitit
1405 4818 1532 4880 tirmior
1560 4818 1594 4879 in
1622 4817 1697 4888 ilde,
1728 4834 1767 4879 ao

112 4920 306 4983 monasterii
321 4920 494 4996 parcentes
507 4917 662 4995 expensis
675 4917 781 4978 eidem
794 4918 828 4978 in
841 4934 914 4996 par·
967 4919 1142 4980 devotione
1172 4917 1370 4995 Apostolicae
1399 4915 1493 4978 Sedis
1518 4917 1551 4977 et
1574 4917 1686 4977 nostra
1709 4915 1765 4977 in-

111 5018 201 5082 tibus
226 5016 292 5078 illis
318 5033 438 5077 munus
462 5015 647 5077 laceremus
671 5014 913 5076 benedictionis
967 5031 1128 5079 concussa
1156 5015 1278 5077 debeas
1309 5013 1462 5078 stabiliri.
1495 5015 1538 5077 ut
1560 5016 1686 5086 autem,
1711 5014 1766 5075 ubi

112 5115 271 5193 impendi.
301 5118 424 5176 Verum
454 5130 527 5174 cum
552 5113 677 5173 nemini
703 5113 769 5173 cito
796 5129 913 5173 manus
968 5110 1150 5172 abundavit
1171 5110 1338 5183 delictum,
1358 5125 1601 5185 recognoscens
1625 5109 1766 5186 gratiam

113 5214 158 5276 slt
181 5213 361 5274 secundum
385 5211 578 5289 Apostolum
606 5210 817 5288 imponenda,
835 5211 912 5289 quia
968 5208 1153 5280 abundare,
1183 5210 1217 5270 te
1238 5211 1368 5284 gratum
1394 5208 1527 5269 studeas
1552 5206 1711 5268 exhibere
1738 5207 1767 5267 si

114 5312 311 5374 electionem
332 5311 438 5387 ipsam
465 5307 651 5370 examinari
678 5309 827 5384 plenarie
848 5325 913 5370 non
968 5308 1009 5369 ad
1042 5307 1252 5384 praebendam
1281 5306 1334 5366 161
1366 5305 1407 5366 ad
1436 5304 1526 5366 aliud
1557 5306 1767 5367 ecclesiasti·

113 5410 294 5489 poluimus,
316 5407 507 5469 discretioni
531 5409 662 5477 vestrae,
684 5406 724 5467 de
750 5422 814 5483 qua
839 5406 913 5483 ple·
969 5421 1042 5467 cum
1058 5404 1253 5465 beneficium
1268 5404 1427 5464 canonice
1442 5404 1621 5465 vocarirel
1640 5403 1717 5479 eligi
1732 5403 1767 5462 iu

114 5523 191 5571 nam
216 5507 251 5567 in
278 5506 417 5568 Domino
448 5504 602 5566 fiduciam
629 5502 825 5577 obtinemus,
855 5521 915 5582 per
968 5519 1071 5579 regno
1088 5502 1238 5565 Franciae
1251 5501 1291 5563 de
1306 5504 1426 5564 caetero
1437 5501 1469 5564 16
1485 5501 1666 5578 contingat,
1684 5499 1768 5560 illud

112 5605 304 5683 apostolica
343 5604 467 5680 scripta
503 5601 715 5674 mandamus,
751 5607 914 5679 quatenus
968 5599 1768 5678 recipiendiactenendiliberamtibiauotoritate

115 5703 157 5767 ad
202 5699 437 5763 monasterinm
467 5699 659 5778 praedictum
696 5701 915 5776 personaliter
969 5698 1184 5778 praesentium
1195 5697 1406 5761 concedimus
1422 5696 1622 5759 facultatem.
1650 5697 1768 5756 Datum

142 3148 264 3214 megan„
273 3147 319 3198 lib.
332 3148 361 3205 ll,
375 3147 448 3212 epist.
461 3147 530 3197 llas.
541 3147 598 3196 llas.
610 3148 645 3197 Le
653 3147 729 3196 Porta
739 3147 773 3196 du
783 3146 878 3211 rusti]

162 3253 279 3312 blendat
293 3262 324 3311 ut
339 3251 493 3311 informent
504 3251 540 3309 de
555 3252 694 3311 electione
708 3251 817 3310 Arnultl
832 3251 860 3310 ln

966 3646 1065 3718 catio,
1081 3646 1123 3707 ad
1140 3645 1325 3707 humillime
1344 3645 1564 3707 confessionis
1582 3646 1764 3707 remedium
1875 3648 1878 3652 '
