3794 6166
169 329 206 393 11
268 338 270 345 '
631 326 808 391 HONORII
828 324 875 389 111
895 327 1044 390 OPERA.¹
1060 358 1098 375 -·
1114 328 1346 393 SERMONBS.
1771 332 1813 396 12

45 462 54 499 ³
169 488 221 552 tas
249 505 346 568 quem
377 489 478 553 semel
506 489 699 568 repleverit,
735 488 962 552 invincibilem
1015 488 1133 553 beatus
1146 491 1292 554 loannes
1315 487 1519 566 evangelista
1541 489 1572 552 et
1598 485 1716 550 Daniel
1732 499 1813 563 pro-

70 601 74 607 ·
169 586 288 650 reddit.
304 588 398 651 Unde
421 589 455 651 et
478 588 595 651 beatus
613 586 806 650 Ambrosius
821 588 962 649 :ocha—
1017 587 1127 665 pheta.
1142 586 1294 649 Secunda
1307 587 1536 649 tessaradecas
1552 583 1718 661 signifieat
1732 580 1814 658 quia

170 681 254 745 ritas
262 701 334 763 quae
343 685 451 747 deseri
460 686 576 763 potest,
591 700 772 763 numquam
781 683 963 746 veraluit.»
1017 700 1076 762 per
1087 684 1222 746 Beatam
1242 684 1382 745 Mariam
1397 684 1557 745 habemus
1570 682 1712 743 lructum
1728 694 1815 755 qua-

210 782 291 842 Item
319 782 488 844 sciendum
517 782 604 860 quod
634 782 707 843 istae
729 782 962 858 generationes
1016 782 1093 843 tuor
1107 781 1361 856 Evangeliorum
1372 784 1406 842 et
1416 780 1682 842 observationem
1698 776 1814 837 decem

169 877 360 955 significant
374 879 523 942 coelestes
542 878 775 942 beatitudines.
795 878 963 941 Abraham
1017 877 1174 953 legalium
1190 877 1429 939 mandaterum.
1457 878 1569 941 Tertia
1584 873 1815 938 tessaradecas

170 976 227 1053 qui
249 976 487 1054 interpretatur
513 978 612 1039 Pater
640 977 756 1038 videns
792 976 961 1054 populum,
1018 975 1184 1051 significat
1199 975 1277 1053 quia
1289 990 1349 1052 per
1360 977 1494 1037 Beatam
1510 975 1651 1036 Mariam
1666 985 1817 1047 eompre-

33 1082 47 1115 ,·
169 1070 374 1136 demonstrat
396 1074 491 1135 nobis
511 1074 595 1151 quod
620 1076 708 1135 Deus
723 1075 823 1136 Pater
840 1073 964 1136 videbit
1018 1071 1198 1134 hendemus
1213 1089 1287 1134 cum
1300 1072 1452 1134 omnibus
1473 1072 1598 1134 sanctis
1613 1085 1687 1148 qnae
1703 1068 1748 1129 sit
1761 1066 1817 1127 la-

168 1184 231 1231 nes
243 1170 349 1231 oculis
361 1171 476 1246 gloriae
489 1187 558 1232 suae
571 1171 719 1233 incaelis.
734 1171 825 1233 Vidit
835 1186 965 1248 semper
1017 1169 1134 1242 titudo,
1152 1169 1333 1246 longitudo,
1347 1169 1532 1231 sublimitas
1553 1170 1587 1230 et
1601 1165 1814 1244 protundum,

25 1324 32 1333 .
51 1264 54 1269 ’
169 1265 388 1344 glorificando
400 1284 480 1343 nos;
496 1269 530 1330 et
544 1267 962 1346 sicutpaterdiligitfllios,
1019 1266 1104 1329 sicui
1119 1266 1199 1329 dicit
1211 1267 1388 1344 apostolus
1406 1265 1503 1346 (Bph.
1526 1280 1576 1338 111,
1603 1262 1653 1335 18)
1677 1278 1752 1340 quae
1771 1260 1818 1322 sit

18 1440 20 1445 ,
60 1406 63 1411 ·
170 1364 218 1426 ita
231 1364 304 1442 ipse
319 1364 436 1441 diliget
449 1380 510 1427 nes
529 1365 564 1426 et
586 1364 687 1428 faciet
705 1364 855 1427 haeredes
873 1380 962 1438 suos,
1018 1363 1157 1426 latitudo
1185 1363 1369 1437 eharitatis,
1394 1364 1489 1436 idest,
1515 1378 1614 1440 quam
1639 1359 1752 1436 ampla
1771 1357 1818 1418 sit

19 1512 24 1519 .
104 1448 107 1453 ’
170 1459 402 1523 athabeamus
422 1463 594 1540 paternam
613 1461 853 1535 haereditatem,
870 1465 965 1540 eujus
1019 1460 1176 1529 charitas,
1193 1476 1258 1538 qua
1276 1462 1363 1522 Deus
1382 1459 1491 1536 diligit
1505 1474 1581 1534 nos;
1598 1473 1671 1535 quae
1686 1456 1731 1517 sit
1744 1455 1819 1517 ion·

35 1560 62 1637 ,ζ
107 1606 110 1613 .
169 1557 281 1620 inhoc
291 1558 413 1620 mundo
426 1559 636 1636 amplectitur
647 1559 854 1622 charitatem.
871 1559 965 1623 Unde
1019 1558 1144 1634 gitude,
1166 1556 1262 1630 idest,
1288 1558 1456 1619 aeternitas
1479 1556 1515 1618 in
1541 1571 1607 1633 qua
1632 1550 1819 1617 vivificabit

169 1655 367 1733 apostolus:
386 1659 554 1721 Haeredes
569 1659 707 1732 premam
720 1660 794 1730 Det,
810 1661 965 1720 cobaere-
1019 1671 1095 1731 nos;
1119 1671 1193 1732 quae
1211 1654 1255 1716 sit
1273 1654 1469 1727 sublimitas,
1494 1653 1591 1725 idest,
1614 1652 1761 1730 potestas
1779 1647 1817 1709 in

170 1752 709 1833 desoutemt'hrtsti(llem.v1n,
723 1754 787 1835 17).
801 1758 895 1817 isaac
909 1755 965 1834 qui
1020 1768 1085 1831 qua
1100 1752 1299 1829 glorificabit
1324 1768 1403 1827 nos;
1429 1750 1514 1828 quod
1539 1750 1583 1811 sit
1601 1746 1815 1826 profundum,

170 1848 410 1927 interpretatur
443 1851 548 1924 risus,
589 1852 756 1928 significat
795 1853 963 1929 gandium,
1020 1850 1116 1922 idest,
1131 1850 1295 1927 sapientia
1318 1848 1359 1910 de
1378 1864 1441 1926 qua
1456 1846 1597 1926 replebit
1610 1860 1683 1907 nos.
1697 1843 1817 1905 ilabe-

173 1946 260 2024 quod
276 1946 438 2009 habemus
461 1948 498 2010 in
517 1948 706 2013 coelestibus
726 1951 766 2012 de
780 1951 966 2012 salvatione
1020 1964 1094 2009 mus
1114 1949 1214 2009 etiarn
1235 1962 1295 2024 par
1317 1948 1452 2008 Beatam
1475 1945 1617 2007 Mariam
1640 1942 1818 2003 denarium

171 2044 347 2116 nostrast
365 2045 406 2107 de
426 2045 557 2108 visione
574 2047 698 2125 divina.
726 2047 821 2110 Unde
837 2047 964 2109 David:
1021 2046 1154 2106 aeternae
1181 2043 1420 2116 retributionis,
1447 2044 1481 2105 et
1511 2042 1561 2103 sic
1592 2055 1651 2118 per
1678 2040 1817 2100 Beatam

171 2141 397 2203 maternam
415 2144 627 2217 calcitrabant,
651 2146 686 2207 et
705 2146 908 2207 terrenitatis
929 2148 966 2206 ire
1021 2143 1162 2203 Mariam
1180 2142 1216 2202 in
1239 2141 1395 2219 praesenti
1410 2138 1569 2201 habemus
1582 2137 1667 2199 dona
1682 2135 1815 2212 gratiae,

34 2246 37 2251 '
69 2306 72 2311 ,
171 2251 224 2309 aa,
239 2242 377 2311 ollares,
394 2242 453 2312 qui
463 2254 501 2302 es
514 2245 577 2302 irae
591 2257 677 2303 vcra
689 2239 793 2320 (Psal.
810 2239 967 2320 5,12).nt
1021 2241 1054 2301 et
1065 2239 1099 2299 in
1113 2238 1222 2301 futuro
1238 2238 1324 2300 dona
1339 2237 1482 2300 coelestis
1491 2235 1618 2313 gloriae.
1634 2237 1709 2311 ipso
1724 2232 1820 2310 adJu·

20 2346 38 2361 ··
55 2344 67 2387 .’
89 2410 94 2427 Ι
171 2332 279 2395 alibi:
300 2336 516 2398 Eruitebtmt
531 2339 643 2400 sancti
661 2341 699 2400 le
719 2343 841 2416 pieria,
869 2340 967 2401 aeta-
1020 2336 1119 2398 vante
1138 2335 1194 2412 qui
1214 2335 1298 2397 vivit
1324 2334 1358 2398 et
1375 2333 1493 2411 regnat
1512 2335 1600 2395 Deus
1621 2347 1680 2411 per
1702 2328 1819 2392 emnia

27 2454 40 2509 χ
166 2432 301 2493 ’Μηίων
320 2436 358 2493 in
371 2436 532 2495 cubilibus
551 2439 635 2507 suis,
653 2436 750 2508 idest,
771 2437 809 2497 in
829 2436 966 2497 aeternis
1021 2433 1143 2495 saecula
1158 2432 1491 2494 seculorumhmen.

170 2528 410 2590 mansionibus.
425 2529 527 2591 Jacob
549 2531 606 2607 qui
626 2531 865 2608 interpretatur
882 2549 965 2609 sup-

171 2625 338 2702 plantator
352 2625 519 2701 siguificat
541 2627 628 2703 quod
652 2644 783 2706 semper
797 2629 965 2706 supplan·
1394 2609 1435 2695 Π

169 2720 315 2784 labimus
328 2721 482 2784 inimicos
503 2725 634 2786 nostros
654 2727 728 2802 post
745 2727 967 2788 resurreetio·
1021 2760 1067 2822 IN
1094 2760 1423 2824 PURIFICATIONE
1447 2759 1599 2821 BEATAE
1625 2758 1819 2821 VIRGINIS

172 2833 281 2880 nema
304 2821 372 2881 Deo
395 2819 640 2883 cendemnatos.
667 2823 761 2884 Unde
782 2822 966 2885 Malachias
1337 2875 1490 2937 MARIAE

174 2915 342 2992 Propheta
359 2921 592 2993 :nareeamea
604 2919 638 2980 et
644 2920 816 2982 comeditis
830 2923 964 2994 impios,

38 3002 41 3007 ’
172 3026 253 3074 cam
272 3014 404 3086 merlai
426 3018 514 3075 cinis
532 3018 593 3076 sab
605 3017 726 3090 pionte
740 3020 868 3091 pedum
888 3033 967 3080 ece-
1060 3016 1249 3091 Postquam
1260 3017 1417 3092 complcti
1436 3016 1519 3078 suat
1535 3017 1609 3077 dies
1628 3016 1820 3091 perparco-

174 3109 312 3172 troram
327 3109 484 3189 (Malach.
506 3127 552 3184 1v,
562 3114 593 3181 2,
602 3110 648 3191 3).
665 3113 777 3175 Sancti
792 3114 968 3189 egredien-
1020 3115 1076 3174 nis
1088 3116 1214 3175 Marica
1230 3116 1418 3175 sacrandum
1437 3118 1547 3189 iepmra
1566 3114 1708 3186 Megas,
1726 3111 1820 3174 aare·

171 3206 239 3279 tur,
255 3206 351 3279 idest,
368 3209 678 3286 contemplabuntur
692 3211 855 3271 tormenta
868 3211 965 3272 dam-
1020 3214 1101 3270 runi
1113 3212 1232 3272 lasum
1244 3213 1281 3272 in
1290 3213 1485 3272 Jerusalem
1503 3209 1544 3271 ut
1561 3209 1822 3271 sisterenteum

44 3322 48 3329 ·
172 3302 337 3376 natorum,
384 3305 417 3367 et
464 3305 641 3367 calcabunt
685 3307 821 3384 impios,
868 3308 964 3379 idest,
1020 3308 1177 3378 Domino,
1193 3306 1819 3382 stcutsertpiumesiiniepeiiemlni,

173 3400 439 3464 condemnabunt
460 3402 561 3480 ipsos,
587 3404 620 3465 et
644 3402 739 3481 impii
760 3404 858 3465 amnt
881 3405 968 3467 sicut
1020 3400 1668 3477 oaoeomnemascuimumaaeperiem
1678 3407 1822 3464 caleam

41 3518 50 3531 ’
173 3496 269 3570 cinis,
302 3498 397 3585 idest,¹
430 3499 613 3561 combustio
646 3500 734 3576 ignis
768 3501 898 3574 aeterni,
935 3503 968 3564 et
1020 3499 1179 3560 salectam
1188 3502 1335 3561 Domino
1343 3500 1521 3562 vocabitur
1530 3496 1625 3579 (Luc.
1637 3515 1674 3572 11,
1684 3501 1737 3571 22,
1748 3496 1819 3580 23).

172 3597 270 3657 erunt
304 3595 363 3657 sub
398 3596 536 3673 pedibus
566 3598 745 3673 jnstorum,
773 3599 852 3675 quia
882 3599 966 3676 Justi
1063 3595 1216 3658 Miranda
1239 3596 1371 3674 quidem
1390 3597 1423 3659 et
1446 3595 1687 3674 quodammodo
1706 3595 1822 3659 minus

170 3693 269 3752 erunt
287 3691 320 3750 in
343 3692 437 3763 coelo,
461 3692 525 3767 ipsi
546 3693 656 3753 autem
679 3693 918 3755 cruciabuntur
929 3696 965 3755 in
1022 3693 1252 3754 convenientia
1267 3694 1301 3754 in
1321 3694 1384 3755 hoc
1407 3693 1589 3768 Evangelio
1609 3691 1818 3770 referentum

171 3785 313 3847 inferno.
1021 3786 1186 3860 videlicet,
1208 3790 1294 3866 quod
1309 3790 1432 3851 munda
1453 3791 1625 3867 purgatur,
1641 3788 1730 3866 quod
1745 3805 1822 3851 om-

211 3883 293 3943 Item
312 3882 482 3943 sciendum
505 3884 555 3945 est
575 3884 663 3959 quod
686 3884 721 3944 in
745 3883 810 3945 hac
825 3885 966 3945 lectione
1021 3889 1112 3948 nium
1126 3886 1220 3947 dator
1233 3887 1340 3959 datur,
1355 3888 1441 3965 quod
1463 3888 1561 3949 homo
1576 3886 1616 3947 de
1631 3890 1738 3949 morie
1752 3886 1821 3950 lae-

171 3978 403 4040 describuntur
440 3980 508 4040 tres
534 3979 833 4052 tessaraedecadeS,
862 3982 964 4054 idest,
1020 3987 1121 4056 tatur,
1136 3984 1241 4046 libera
1265 3984 1331 4061 legi
1351 3984 1607 4061 suincitur3qui
1621 3983 1685 4045 lert
1703 3986 1822 4047 omnia

168 4075 495 4153 torquatuordeclm.
523 4077 563 4137 Et
587 4078 665 4137 nota
687 4076 773 4153 quod
796 4077 902 4153 prima
916 4078 967 4141 est
1020 4078 1135 4151 fertur,
1158 4080 1193 4140 in
1218 4079 1396 4155 praesentia
1412 4079 1488 4140 vitae
1503 4093 1592 4139 mors
1607 4079 1819 4154 expectatur.

170 4172 211 4234 ab
234 4171 402 4233 Abraham
426 4188 531 4250 usque
556 4172 598 4233 ad
622 4173 739 4246 David,
774 4176 918 4237 secunda
945 4192 965 4239 a
1022 4176 1085 4237 Sed
1099 4175 1206 4247 tribus
1221 4191 1264 4236 ex
1278 4176 1388 4236 causis
1402 4174 1508 4236 voluit
1522 4173 1644 4235 munda
1660 4175 1819 4251 purgari;

168 4269 274 4332 liavid
290 4285 393 4347 usque
417 4269 458 4329 ad
482 4270 808 4347 transmigrationem
822 4272 966 4351 Babylo·
1019 4273 1184 4345 videlicet,
1201 4289 1243 4333 ne
1263 4273 1319 4334 lex
1332 4271 1525 4343 violaretur,
1542 4286 1584 4332 ne
1601 4271 1716 4332 fractae
1732 4270 1822 4348 legis

168 4367 234 4439 nis,
252 4366 350 4429 tertia
365 4381 385 4426 a
400 4367 693 4442 transmigratione
714 4367 892 4446 Babylonis
907 4388 966 4431 us·
1019 4369 1263 4443 criminaretur,
1276 4371 1311 4432 et
1324 4369 1494 4431 humilitas
1509 4369 1712 4431 servaretur.
1732 4371 1823 4431 Pun-

168 4479 233 4542 que
264 4463 305 4525 ad
327 4462 504 4524 Christum.
529 4464 641 4524 Pmma
662 4465 892 4528 tessaradecas
917 4468 966 4528 si·
1019 4469 1097 4543 gata
1111 4468 1162 4529 est
1176 4467 1216 4528 de
1232 4467 1366 4544 propria
1380 4466 1561 4538 voluntate,
1578 4481 1644 4528 nen
1655 4465 1696 4527 de
1711 4465 1822 4527 immi·

167 4561 304 4638 gnificat
319 4561 398 4638 quia
415 4575 474 4638 per
490 4561 625 4622 Beatam
647 4562 788 4623 Mariam
805 4563 964 4625 habemus
1019 4566 1117 4626 nente
1141 4564 1350 4635 necessitate,
1373 4564 1460 4640 quod
1475 4578 1542 4624 non
1563 4564 1637 4625 erat
1657 4579 1821 4626 necessa-

55 4726 59 4733 ,
167 4661 390 4736 contemptum
402 4658 646 4735 temporalium,
660 4659 693 4720 et
705 4658 964 4723 destructionem
1018 4661 1070 4722 ria
1097 4661 1284 4737 purificatio
1311 4660 1367 4721 ubi
1398 4676 1464 4722 non
1493 4661 1712 4736 praecesserat
1742 4677 1822 4723 cer-

166 4757 356 4818 mertalium
371 4756 559 4818 criminum.
576 4756 661 4818 Nam
676 4757 872 4833 temporalia
888 4760 965 4821 sunt
1018 4758 1139 4835 ruptio.
1167 4761 1205 4819 In
1231 4774 1271 4820 ee
1298 4757 1385 4835 qued
1409 4757 1560 4819 Christus
1596 4757 1749 4830 offertur,
1787 4761 1822 4821 et

166 4852 202 4914 in
227 4850 368 4929 quatuor
387 4854 570 4926 elementis,
594 4854 628 4916 et
648 4854 802 4916 mortalia
822 4855 963 4918 crimina
1019 4854 1270 4917 emniumdator
1282 4854 1389 4927 datur,
1404 4853 1645 4916 consideranda
1658 4857 1710 4915 est
1723 4854 1822 4931 lega-

22 4932 42 4979 ·.·
165 4949 279 5011 decern
294 4949 526 5010 describuntur
546 4950 587 5011 ab
602 4952 770 5028 apostolo,
787 4952 844 5012 ubi
859 4951 961 5015 dicit:
1018 4951 1099 5012 lium
1114 4952 1353 5030 praeceptorum
1368 4951 1520 5023 historia,
1534 4952 1571 5012 ut
1583 4966 1626 5012 ex
1638 4952 1689 5012 eis
1700 4952 1821 5014 traha-

18 5064 46 5151 ³.'·
164 5048 283 5120 Neque
301 5048 495 5120 sorrricortt,
513 5062 621 5120 erepere
643 5052 739 5111 idolis
758 5050 960 5123 servientes,
1017 5050 1072 5111 tur
1086 5050 1267 5122 moralitas,
1283 5049 1432 5125 inspecta
1447 5048 1621 5124 allegoria.

164 5158 274 5218 eccere
288 5144 448 5214 adlatam,
471 5157 580 5216 lacerae
602 5151 729 5218 melica,
746 5160 855 5219 oeque
868 5162 963 5210 mas-
1057 5147 1211 5223 Legimus
1235 5148 1270 5208 in
1294 5147 1367 5222 lege
1389 5146 1528 5223 Moysis,
1554 5145 1642 5223 quod
1656 5146 1821 5209 Dominus

24 5232 42 5261 ·’
164 5246 321 5304 moeream
335 5241 580 5312 coarctabitorce,
596 5255 705 5314 raeque
719 5245 828 5316 riores,
854 5258 962 5319 raeque
1019 5245 1176 5323 praecepit
1201 5244 1279 5306 illlis
1305 5244 1408 5305 Israel
1433 5246 1470 5304 ut
1492 5243 1614 5304 mulier
1638 5260 1714 5320 quae
1738 5260 1820 5306 sus-

164 5336 278 5409 deeri,
306 5351 415 5411 eaeque
434 5340 571 5399 ebriosi.
592 5353 701 5412 erepere
721 5343 888 5413 anaweilai,
901 5359 963 5407 aaa·
1017 5344 1111 5420 cepto
1136 5342 1263 5404 semine
1285 5341 1350 5403 viri
1373 5342 1506 5417 pareret
1529 5340 1726 5414 masculum,
1756 5343 1822 5402 im-

18 5440 52 5497 .’-.
163 5451 229 5511 prae
248 5449 394 5509 rapaces
419 5450 568 5510 repetam
585 5438 650 5497 Dei
670 5440 961 5522 possidentem-(1
1016 5441 1138 5503 munda
1162 5442 1251 5503 esset
1274 5439 1391 5501 diebus
1415 5440 1551 5516 septem,
1576 5440 1609 5500 et
1631 5439 1686 5500 die
1701 5442 1820 5502 octavo

18 5562 38 5613 ·.
164 5535 238 5597 Cor.
259 5548 306 5603 vr,
331 5530 376 5611 9).
403 5535 482 5595 ilaec
505 5533 618 5595 decem
643 5535 797 5598 mortalia
821 5539 959 5602 crimina
1016 5539 1315 5602 circumsederetur
1342 5553 1436 5614 puer.
1467 5539 1543 5613 ipsa
1566 5552 1649 5599 vero
1678 5538 1819 5614 triginta

163 5632 242 5695 eunt
255 5629 368 5692 decem
392 5644 518 5692 cornua
538 5630 666 5704 bestiae,
688 5650 786 5712 quam
801 5635 957 5703 describit
1015 5637 1120 5701 tribus
1144 5635 1259 5700 diebus
1285 5635 1362 5698 aliis
1386 5634 1568 5697 abstineret
1590 5634 1633 5697 ab
1658 5635 1817 5712 ingressu
