3802 6166
759 276 935 341 HONORII
957 279 1003 341 III
1025 280 1173 345 OPERA.

448 446 605 537 CXCIII

1725 286 1784 347 24⁰

1020 445 1095 506 Jam
1116 442 1275 505 debuerat
1299 441 1556 505 archidiaconus
1572 442 1631 507 ille
1648 443 1784 521 Lugdu-

981 556 1072 613 nen,
1093 542 1149 619 qni
1163 558 1222 619 per
1241 542 1471 604 detestabilem
1491 542 1627 604 risendi
1640 556 1785 605 consuo-

133 649 186 708 Aa
212 648 407 721 episcopiam
430 646 464 707 et
488 648 656 708 decertat-tn
681 647 715 709 et
742 648 929 721 capltntnm
980 638 1130 701 tudinem
1148 641 1311 702 convenii
1333 640 1453 702 villum
1473 640 1508 701 iu
1533 642 1703 714 naturam,
1720 638 1783 703 ab·

412 747 644 821 Ettpolisnzen.

437 896 451 952 l
474 893 546 953 lebr.
561 896 640 953 itit.

176 992 294 1058 meseth,
305 993 376 1052 libi,
389 993 461 1056 epist
475 992 531 1042 nli.
540 994 597 1044 blss.
613 995 649 1044 La
660 993 735 1043 Porto
748 992 782 1043 du
796 993 890 1055 rhein.

135 1136 252 1195 hinniat
262 1144 292 1194 ul
304 1137 335 1195 P.
347 1135 542 1195 Guilloudrum
557 1136 701 1206 clericum,
714 1138 761 1210 qui
773 1137 930 1195 litterarum

170 1225 265 1284 studio
279 1225 385 1283 dlutius
406 1225 550 1284 insudavit
565 1233 594 1283 et
608 1224 787 1284 laudabiliter
806 1229 932 1285 noscitur

170 1314 336 1389 proiecisse,
347 1316 377 1373 in
392 1316 562 1373 canonicum
573 1315 721 1388 recipiant.

174 1461 355 1533 Honorius,
370 1461 445 1533 etc,
458 1460 640 1523 venerabili
653 1460 749 1523 fratri
764 1462 930 1540 episcopa,

135 1560 169 1621 et
189 1558 320 1621 dilectis
343 1558 421 1619 liliis
442 1558 568 1621 decano
592 1559 625 1620 θῖ
646 1558 791 1637 capitulo
818 1563 931 1637 Engo-

136 1655 266 1718 lismen.

178 1755 248 1816 Etsi
263 1737 402 1832 quilibet
415 1755 553 1833 ascripti
575 1755 704 1818 militiae
725 1756 873 1819 clericali
893 1757 933 1819 de

138 1851 262 1913 Christi
275 1853 342 1913 sint
355 1853 554 1929 patrimonio
574 1854 793 1927 sustentandi,
809 1854 858 1917 eis
881 1857 935 1918 ta·

138 1965 215 2011 men
239 1949 295 2026 qui
315 1949 499 2026 disciplinis
524 1951 722 2013 litteralibus
742 1952 933 2015 insistentes

139 2050 322 2109 noscuntur
334 2048 547 2110 laudabiliter
561 2049 751 2126 profecisse,
769 2051 860 2113 tanto
875 2051 935 2113 de-

137 2142 194 2207 bet
207 2143 248 2206 ab
270 2145 487 2207 scelestarum
506 2146 652 2224 praelatis
672 2148 829 2210 libentius
851 2166 932 2227 pro-

137 2242 261 2315 videri,
280 2245 403 2320 quanto
429 2243 529 2305 iidem
554 2261 613 2322 per
634 2245 696 2308 hoc
720 2248 890 2309 eccclesiis
914 2265 933 2310 a

138 2340 258 2420 quibus
270 2340 430 2403 beneficia
446 2342 661 2416 obtinuerint,
678 2346 788 2407 sciunt
802 2349 834 2408 et
851 2364 933 2425 pos·

138 2441 216 2500 sunt
234 2439 350 2502 utilius
371 2439 550 2502 deservire.
580 2442 658 2503 lnde
680 2446 741 2516 est,
762 2446 849 2522 quod
874 2462 933 2522 pro

138 2536 259 2600 dilecto
272 2538 341 2601 lilio
358 2541 395 2599 P.
409 2538 602 2600 Guilloudro
620 2541 752 2614 clerico,
769 2544 824 2621 qui
848 2544 933 2606 sicut

138 2634 261 2697 dicitur
275 2636 460 2697 litterarum
483 2637 591 2698 studio
606 2638 731 2700 diutius
752 2640 931 2710 insudavit,

138 2733 172 2795 et
187 2732 400 2795 laudabiliter
414 2735 562 2796 noscitur
580 2736 773 2812 profecisse,
796 2740 934 2801 unirer-

18 2830 24 2841 '
137 2830 270 2893 sitalem
285 2833 429 2894 vestram
444 2832 625 2909 rogandam
641 2833 797 2895 duximus
816 2838 849 2898 θῖ
861 2853 934 2898 mo-

137 2927 293 3001 nendam,
313 2944 372 3006 per
386 2930 568 3006 apostolica
588 2931 681 2993 vobis
694 2934 816 3011 scripta
833 2951 931 2995 man-

136 3024 264 3098 dantes,
279 3027 441 3104 quatenus
451 3027 492 3089 ob
503 3031 723 3092 reverentiam
734 3034 932 3109 Apostolicae

138 3124 234 3187 Sedis
249 3126 282 3186 et
295 3125 454 3199 nostram,
472 3127 581 3203 ipsum
596 3129 859 3192 ecclesiasticum
873 3132 933 3194 be-

136 3221 292 3283 neficium
309 3240 374 3285 non
390 3223 579 3298 habentem,
597 3226 633 3287 in
647 3226 785 3290 fratrem
800 3231 833 3291 et
847 3246 930 3293 con-

136 3319 334 3382 canonicum
355 3323 502 3384 vestrum
529 3323 713 3387 liberaliter
736 3327 930 3403 admittatis,

136 3434 253 3496 preces
277 3420 309 3481 et
331 3421 522 3483 mandatum
548 3426 699 3486 nostrum
726 3425 837 3488 taliter
862 3428 931 3489 im-

134 3515 268 3594 pleturi,
292 3518 378 3596 quod
406 3519 493 3580 idem
519 3523 708 3583 assecutum
731 3540 767 3585 se
789 3526 933 3600 gaudeat

25 3602 30 3613 “
136 3615 223 3693 quod
247 3614 398 3688 intendit,
417 3619 449 3680 et
474 3634 534 3680 nos
554 3619 762 3682 devotionem
786 3626 931 3685 vestram

135 3713 300 3791 possimus
320 3713 355 3775 iu
379 3715 519 3777 Domino
542 3719 785 3780 commendare.
812 3724 930 3783 Datum

135 3810 307 3883 Laterani,
340 3811 493 3875 kalendis
518 3813 690 3886 februarii,
720 3818 931 3894 pontificatus

133 3910 240 3971 nostri
255 3924 342 3973 anno
357 3910 475 3988 primo.

458 4079 610 4168 CXCIV

192 4230 246 4291 Ad
274 4229 537 4305 Lugdunensem
567 4233 602 4294 et
639 4236 866 4299 Viennensem

386 4331 670 4406 archieptscopos.

423 4459 465 4515 ltr
476 4459 546 4518 febr.
564 4463 642 4520 lali.

163 4573 285 4637 [llegast.,
304 4572 349 4623 lib.
361 4574 466 4639 heptat.
478 4576 533 4627 alt.
546 4578 650 4628 hiesba
663 4579 737 4630 Porto
750 4581 784 4631 du
794 4581 887 4646 Thell]

129 4734 246 4793 blaudat
259 4743 291 4793 ut
311 4736 511 4795 archidiacono
527 4738 722 4812 Lugdunensi,
743 4743 792 4814 qui
812 4742 924 4801 haereti-

162 4839 262 4883 corum
277 4824 369 4885 luerat
383 4825 527 4898 defensor,
550 4830 574 4885 si
588 4845 675 4902 snper
694 4832 861 4890 excessibus
875 4848 925 4890 no-

161 4913 242 4969 toriis
257 4929 307 4985 pro
319 4915 423 4988 qulbus
444 4917 481 4973 sit
495 4919 801 4977 excommunicationis
813 4922 926 4978 vinculo

161 4999 315 5059 innodatus
331 5004 484 5062 eruendam
495 5008 658 5078 praestiterit
671 5015 882 5082 competentem
897 5018 926 5068 et

161 5090 517 5164 cautionemgbonedeium
532 5095 719 5154 absolutionis
738 5098 905 5171 impendant
914 5114 924 5170 ;

163 5178 187 5234 si
201 5193 269 5236 vero
283 5181 326 5237 sio
338 5179 422 5239 luerit
439 5182 585 5243 induratus
600 5185 675 5258 quod
691 5188 760 5245 nolit
775 5202 860 5261 super
872 5203 921 5247 ex-

159 5266 288 5325 cassibus
309 5270 370 5328 suis
384 5271 557 5346 Apostolice
574 5274 655 5332 Sedis
662 5275 839 5348 jussionibus
853 5276 921 5334 obe-

158 5355 229 5425 diro,
248 5359 526 5418 excommunicatum
541 5362 653 5436 publice
671 5363 777 5423 iaciant
788 5366 921 5425 nuntiari.

161 5528 341 5599 Honorius,
375 5531 451 5602 etc„
485 5533 732 5596 venerabilibus
762 5536 922 5601 iratribus

34 5708 39 5715 Ι
122 5624 316 5702 lugdunen.
333 5629 366 5692 et
380 5629 542 5693 Viennen.
559 5632 831 5715 archiepiscopis.

978 739 1101 815 jecisse
1121 754 1179 801 cor
1200 738 1377 816 lapideum,
1402 740 1434 800 et
1457 740 1601 801 mentem
1627 755 1782 802 carneam

983 836 1142 907 induisse,
1162 853 1224 899 nec
1250 854 1286 899 se
1302 838 1351 898 sic
1377 837 1491 900 debuit
1519 838 1552 898 in
1575 837 1779 915 profundum

983 935 1175 1011 demergere
1184 937 1405 1013 peccatorum,
1418 937 1454 998 ut
1464 935 1688 1013 caliginosum
1700 952 1784 998 mor-

983 1032 1027 1094 tis
1046 1033 1194 1095 obtutum
1209 1034 1250 1095 ad
1267 1034 1361 1094 lllum
1378 1050 1443 1096 non
1461 1035 1617 1111 erigeret,
1633 1050 1699 1112 quo
1715 1050 1782 1096 res·

984 1131 1128 1209 piciente
1151 1132 1186 1193 in
1211 1148 1343 1193 amaras
1362 1131 1527 1210 lacrymas
1549 1133 1783 1209 Apostolorum

985 1230 1138 1306 princeps
1163 1230 1304 1292 ellluxit.
1332 1233 1456 1292 Verum
1480 1230 1558 1309 quia
1578 1234 1781 1310 jumentum,

985 1327 1070 1405 quod
1087 1329 1326 1404 computruerit
1340 1329 1374 1389 in
1390 1331 1536 1391 stercore
1556 1345 1628 1403 suo,
1642 1328 1702 1390 vix
1724 1346 1786 1390 un·

985 1441 1083 1503 qnam
1103 1426 1251 1503 pristina·
1278 1427 1481 1489 sinceritatis
1500 1442 1703 1504 recuperare
1726 1444 1784 1505 po-

986 1524 1064 1585 lerit
1077 1524 1263 1597 sanitatem,
1279 1541 1353 1586 cum
1366 1526 1466 1587 etiam
1482 1525 1680 1587 adolescens
1690 1528 1784 1603 Juxta

985 1622 1074 1683 riarn
1087 1638 1181 1683 suam
1197 1625 1370 1701 postquam
1386 1623 1566 1685 invaluerit
1578 1639 1640 1700 per
1655 1624 1784 1686 aetatem

987 1736 1052 1781 non
1080 1721 1213 1782 recedat
1237 1719 1278 1781 ab
1309 1721 1394 1798 ipsa,
1431 1738 1505 1783 curn
1534 1722 1711 1798 desperata
1744 1722 1786 1785 sit

986 1818 1084 1896 plaga
1114 1821 1186 1896 ejus
1215 1820 1249 1881 et
1275 1819 1471 1880 insanabilis
1498 1820 1647 1881 fractura
1683 1819 1784 1894 illius,

987 1917 1105 1978 merito
1120 1918 1161 1979 de
1184 1918 1256 1995 ipso
1281 1918 1403 1995 poterit
1422 1918 1606 1989 formidari,
1631 1933 1673 1979 ne
1697 1918 1785 1980 totus

987 2014 1140 2077 absortus
1167 2031 1227 2093 per
1251 2016 1492 2095 desperationis
1527 2016 1724 2091 uoraginem
1752 2017 1785 2078 in

987 2114 1130 2192 peccatis
1155 2115 1225 2175 suis
1247 2113 1484 2176 miserabiliter
1512 2114 1686 2175 moriatur.
1711 2116 1785 2177 dam

987 2213 1075 2273 enim
1097 2212 1145 2272 sic
1169 2213 1256 2274 totus
1284 2212 1422 2274 deduxit
1442 2214 1476 2274 in
1500 2214 1629 2284 vitium,
1657 2215 1694 2275 nt
1719 2231 1784 2276 non

986 2310 1152 2385 intelligat
1165 2310 1242 2387 qnid
1260 2311 1304 2372 sit
1324 2311 1462 2383 borium,
1484 2328 1544 2373 nec
1560 2315 1675 2377 credat
1699 2313 1783 2392 quod

986 2409 1016 2469 is
1031 2408 1086 2485 qui
1100 2408 1198 2470 duxlt
1217 2409 1350 2470 centlum
1371 2410 1434 2471 ista
1450 2411 1649 2485 consideret,
1667 2429 1728 2474 nec
1743 2413 1785 2474 sit

987 2507 1125 2569 scientia
1141 2507 1175 2567 in
1192 2507 1343 2580 Excelsa,
1364 2509 1443 2585 quin
1459 2510 1567 2585 potius
1582 2526 1657 2571 cum
1678 2512 1782 2573 morte

987 2605 1111 2682 pepigit
1125 2603 1242 2677 loedus,
1268 2609 1390 2667 etcum
1410 2606 1541 2668 interno
1560 2608 1637 2669 iniit
1656 2610 1783 2687 pactio-

986 2719 1072 2763 nem.
1104 2703 1195 2764 Licet
1227 2703 1337 2764 aulem
1367 2707 1439 2781 ojus
1467 2705 1644 2767 inllrmitas
1675 2708 1720 2769 sit
1742 2706 1781 2768 ad

986 2802 1136 2871 mortem,
1154 2801 1231 2878 quia
1247 2805 1358 2863 tamen
1373 2803 1402 2862 is
1418 2804 1473 2878 qul
1490 2805 1666 2866 mortillcat
1681 2807 1714 2867 et
1726 2804 1780 2867 vi-

986 2898 1107 2970 visscat,
1125 2915 1361 2975 nonnunquam
1385 2900 1517 2962 deducit
1532 2903 1572 2962 ad
1595 2902 1732 2974 inferos,
1750 2906 1780 2965 et

985 2997 1123 3067 reducit,
1139 3014 1238 3074 quum
1260 2997 1300 3058 de
1317 2998 1448 3058 nemius
1470 2999 1713 3076 desperandum
1737 3001 1777 3062 sit

986 3094 1062 3155 dum
1078 3096 1128 3157 est
1143 3097 1177 3156 in
1200 3097 1262 3157 hoo
1284 3112 1423 3172 conplere
1439 3098 1647 3170 constitutus,
1674 3116 1778 3175 qnan-

985 3209 1084 3270 quam
1099 3193 1259 3255 hactenus
1275 3194 1455 3255 lenimenta
1471 3212 1536 3256 non
1551 3199 1694 3259 senserit
1709 3213 1778 3257 me-

985 3291 1116 3363 dicinae,
1133 3292 1163 3353 ei
1178 3293 1289 3353 tamen
1311 3292 1340 3352 si
1366 3292 1476 3353 redire
1500 3294 1657 3365 voluerit,
1683 3296 1777 3355 clau-

985 3389 1064 3450 dere
1079 3405 1144 3450 non
1157 3389 1253 3451 debet
1266 3390 1428 3466 gremium
1444 3391 1498 3469 pia
1513 3393 1628 3462 mater,
1646 3393 1710 3455 hac
1725 3395 1777 3455 n-

984 3502 1060 3549 men
1075 3488 1188 3550 habita
1208 3489 1460 3566 temperamenti
1478 3491 1620 3561 cantela,
1642 3492 1678 3552 ut
1693 3491 1778 3552 circa

984 3585 1093 3663 ipsum
1109 3587 1165 3663 qui
1190 3588 1326 3664 peccata
1346 3602 1406 3647 sua
1422 3587 1509 3649 sicut
1529 3588 1670 3650 Sodoma
1696 3605 1780 3667 prae·

985 3684 1119 3755 dicarit,
1137 3700 1202 3745 non
1218 3686 1408 3760 negligatur
1420 3686 1600 3747 enormiter
1616 3687 1721 3748 forma
1731 3692 1778 3765 ju·

985 3781 1048 3853 ris,
1063 3782 1247 3859 praesertim
1263 3799 1337 3843 cum
1352 3783 1381 3842 si
1396 3799 1510 3844 rerum
1525 3786 1575 3845 est
1590 3787 1676 3861 quod
1695 3802 1778 3847 asse

983 3878 1079 3951 ritur,
1099 3894 1174 3940 eum
1189 3881 1263 3955 post
1277 3880 1514 3957 depositionem
1529 3882 1631 3943 luisse
1647 3900 1706 3960 per
1719 3885 1777 3945 dis·

984 3976 1188 4053 pausationis
1205 3976 1299 4038 Sedis
1309 3979 1507 4055 Apostolicae
1520 3980 1711 4043 restitutum
1722 3996 1777 4060 per

983 4074 1232 4150 ingratitudInis
1247 4075 1364 4137 vllium
1379 4077 1480 4138 totius
1496 4077 1634 4139 offensae
1659 4081 1777 4156 praete-

982 4171 1056 4234 ritae
1079 4188 1115 4233 se
1130 4173 1339 4234 constituerit
1354 4173 1546 4236 debitorem.
1568 4176 1651 4236 Illud
1669 4180 1775 4239 autem

982 4286 1043 4332 nos
1066 4270 1245 4347 plurimum
1264 4272 1384 4344 moret,
1408 4272 1493 4349 quod
1514 4274 1634 4350 praeter
1652 4274 1777 4351 depra-

982 4367 1143 4440 daliones,
1169 4369 1316 4446 rapInas,
1333 4370 1366 4430 el
1380 4385 1536 4431 excessus
1557 4372 1642 4432 alios
1668 4374 1775 4434 mani·

981 4466 1085 4527 festos
1104 4467 1138 4527 in
1159 4466 1278 4543 quibus
1300 4484 1361 4528 nec
1381 4467 1578 4529 inficiationi
1598 4470 1692 4532 locus
1716 4473 1773 4543 est,

981 4580 1042 4626 nec
1066 4580 1108 4627 ax
1128 4565 1401 4641 tergiversatIone
1421 4567 1511 4642 patet
1531 4566 1640 4627 aditus
1662 4586 1771 4646 quaes-

980 4663 1075 4728 tioni,
1093 4662 1197 4724 lactus
1212 4664 1261 4723 est
1275 4662 1505 4724 haereticorum
1516 4666 1610 4742 quasi
1626 4667 1773 4744 publicus

981 4760 1179 4831 defensator,
1197 4761 1273 4819 dum
1290 4762 1403 4820 contra
1420 4761 1575 4823 dilectum
1591 4764 1696 4826 lilium
1716 4781 1775 4827 uo-

979 4857 1079 4919 bilem
1095 4858 1203 4919 virum
1218 4858 1250 4917 S.
1268 4857 1420 4917 comitem
1436 4859 1655 4922 hlonlislortis
1668 4862 1774 4925 delen·

979 4972 1087 5016 sorem
1104 4955 1179 5015 tidai
1203 4954 1394 5016 christianae
1416 4956 1530 5017 hostili
1546 4956 1677 5021 scritate
1696 4978 1773 5038 pro·

978 5054 1089 5124 cessit,
1120 5053 1204 5113 nihil
1233 5054 1390 5130 reputans
1424 5070 1459 5114 se
1495 5054 1614 5116 secisse
1645 5058 1710 5119 nisi
1739 5075 1773 5120 se

979 5152 1173 5228 participem
1200 5150 1346 5210 omnium
1373 5152 1530 5212 vitiorum
1559 5156 1774 5218 constitueret

977 5250 1076 5310 etiam
1092 5266 1186 5310 reum
1202 5249 1367 5310 haereticae
1378 5250 1562 5326 pravitatis.
1579 5255 1660 5314 Cum
1674 5255 1774 5331 igitur

976 5347 1063 5409 idem
1079 5363 1098 5408 a
1113 5348 1156 5418 te,
1174 5347 1276 5408 irater
1289 5347 1481 5423 Lugdunen,
1500 5364 1619 5410 munus
1634 5351 1771 5414 absolu-

975 5445 1077 5507 tionis
1100 5446 1191 5521 petat
1206 5444 1378 5515 instanter,
1400 5445 1486 5507 sicut
1500 5446 1657 5508 exhibitae
1678 5448 1770 5510 nohis

976 5544 1041 5605 tuae
1074 5542 1192 5604 litterae
1228 5542 1451 5615 continebant,
1489 5560 1529 5604 ac
1568 5546 1603 5606 tu
1638 5550 1771 5625 propter

976 5641 1134 5721 quasdam
1152 5657 1270 5703 sarisas
1290 5640 1506 5703 rationabiles
1521 5641 1555 5702 in
1578 5641 1699 5705 litteris
1715 5645 1768 5724 lp-
