<?xml version="1.0" encoding="UTF-8"?>
<!DOCTYPE html PUBLIC "-//W3C//DTD XHTML 1.0 Transitional//EN"
    "http://www.w3.org/TR/xhtml1/DTD/xhtml1-transitional.dtd">
<html xmlns="http://www.w3.org/1999/xhtml" xml:lang="en" lang="en">
 <head>
  <title>
</title>
<meta http-equiv="Content-Type" content="text/html;charset=utf-8" />
  <meta name='ocr-system' content='tesseract 3.04.00' />
  <meta name='ocr-capabilities' content='ocr_page ocr_carea ocr_par ocr_line ocrx_word'/>
</head>
<body>
  <div class='ocr_page' id='page_1' title='image "./mediiaevibiblio02horogoog_0084.png"; bbox 0 0 3802 6166; ppageno 0'>
   <div class='ocr_carea' id='block_1_1' title="bbox 105 304 1872 383">
    <p class='ocr_par' dir='ltr' id='par_1_1' title="bbox 105 304 1872 383">
     <span class='ocr_line' id='line_1_1' title="bbox 105 304 1872 383; baseline 0.008 -16"><span class='ocrx_word' id='word_1_1' title='bbox 105 304 166 367; x_wconf 67' lang='lat'>¹⁷21</span> <span class='ocrx_word' id='word_1_2' title='bbox 538 309 580 371; x_wconf 82' lang='lat' dir='ltr'>X.</span> <span class='ocrx_word' id='word_1_3' title='bbox 593 338 633 359; x_wconf 56' lang='grc' dir='ltr'>ε·</span> <span class='ocrx_word' id='word_1_4' title='bbox 655 306 700 370; x_wconf 88' lang='lat' dir='ltr'>IN</span> <span class='ocrx_word' id='word_1_5' title='bbox 722 304 1163 369; x_wconf 80' lang='lat' dir='ltr'>CONVERSIONE-BEATI</span> <span class='ocrx_word' id='word_1_6' title='bbox 1184 308 1324 371; x_wconf 85' lang='lat' dir='ltr'><strong>PAULI.</strong></span> <span class='ocrx_word' id='word_1_7' title='bbox 1696 316 1758 378; x_wconf 83' lang='lat'>122</span> <span class='ocrx_word' id='word_1_8' title='bbox 1868 376 1872 383; x_wconf 91' lang='lat'>.</span> 
     </span>
    </p>
   </div>
   <div class='ocr_carea' id='block_1_2' title="bbox 31 464 1891 5729">
    <p class='ocr_par' dir='ltr' id='par_1_2' title="bbox 31 464 1891 5729">
     <span class='ocr_line' id='line_1_2' title="bbox 104 464 1891 553; baseline 0.006 -25"><span class='ocrx_word' id='word_1_9' title='bbox 104 465 181 544; x_wconf 89' lang='lat' dir='ltr'>ipse</span> <span class='ocrx_word' id='word_1_10' title='bbox 195 464 411 529; x_wconf 75' lang='lat' dir='ltr'>concertatur</span> <span class='ocrx_word' id='word_1_11' title='bbox 427 464 468 529; x_wconf 91' lang='lat' dir='ltr'>ad</span> <span class='ocrx_word' id='word_1_12' title='bbox 492 482 565 542; x_wconf 88' lang='lat' dir='ltr'>nos,</span> <span class='ocrx_word' id='word_1_13' title='bbox 581 469 618 531; x_wconf 92' lang='lat' dir='ltr'>ut</span> <span class='ocrx_word' id='word_1_14' title='bbox 635 465 755 531; x_wconf 87' lang='lat' dir='ltr'>liberet</span> <span class='ocrx_word' id='word_1_15' title='bbox 776 482 838 529; x_wconf 88' lang='lat' dir='ltr'>nos</span> <span class='ocrx_word' id='word_1_16' title='bbox 863 464 905 528; x_wconf 87' lang='lat' dir='ltr'>de</span> <span class='ocrx_word' id='word_1_17' title='bbox 1000 465 1095 529; x_wconf 90' lang='lat' dir='ltr'>Unde</span> <span class='ocrx_word' id='word_1_18' title='bbox 1115 467 1187 545; x_wconf 89' lang='lat' dir='ltr'>ipse</span> <span class='ocrx_word' id='word_1_19' title='bbox 1201 466 1243 530; x_wconf 89' lang='lat' dir='ltr'>de</span> <span class='ocrx_word' id='word_1_20' title='bbox 1261 484 1297 531; x_wconf 87' lang='lat' dir='ltr'>se</span> <span class='ocrx_word' id='word_1_21' title='bbox 1316 468 1388 532; x_wconf 79' lang='lat' dir='ltr'>alt:</span> <span class='ocrx_word' id='word_1_22' title='bbox 1404 470 1469 539; x_wconf 78' lang='lat' dir='ltr'>Qui</span> <span class='ocrx_word' id='word_1_23' title='bbox 1480 472 1582 546; x_wconf 82' lang='lat' dir='ltr'>prius</span> <span class='ocrx_word' id='word_1_24' title='bbox 1605 476 1759 550; x_wconf 79' lang='lat' dir='ltr'>blaspde-</span> <span class='ocrx_word' id='word_1_25' title='bbox 1887 544 1891 553; x_wconf 66' lang='grc'><strong>,</strong></span> 
     </span>
     <span class='ocr_line' id='line_1_3' title="bbox 103 564 1758 644; baseline 0.005 -17"><span class='ocrx_word' id='word_1_26' title='bbox 103 564 271 643; x_wconf 82' lang='lat' dir='ltr'>profundo</span> <span class='ocrx_word' id='word_1_27' title='bbox 295 564 501 628; x_wconf 83' lang='lat' dir='ltr'>confusionis</span> <span class='ocrx_word' id='word_1_28' title='bbox 528 582 602 644; x_wconf 84' lang='lat' dir='ltr'>quae</span> <span class='ocrx_word' id='word_1_29' title='bbox 629 567 712 628; x_wconf 87' lang='lat' dir='ltr'>latet</span> <span class='ocrx_word' id='word_1_30' title='bbox 736 565 772 628; x_wconf 91' lang='lat' dir='ltr'>in</span> <span class='ocrx_word' id='word_1_31' title='bbox 805 566 904 628; x_wconf 90' lang='lat' dir='ltr'>corde</span> <span class='ocrx_word' id='word_1_32' title='bbox 958 565 1082 626; x_wconf 74' lang='lat' dir='ltr'>illucet</span> <span class='ocrx_word' id='word_1_33' title='bbox 1093 569 1298 640; x_wconf 83' lang='lat' dir='ltr'>persecutor</span> <span class='ocrx_word' id='word_1_34' title='bbox 1315 569 1350 629; x_wconf 84' lang='lat' dir='ltr'>ei</span> <span class='ocrx_word' id='word_1_35' title='bbox 1369 570 1634 634; x_wconf 81' lang='lat' dir='ltr'>contmncliosas</span> <span class='ocrx_word' id='word_1_36' title='bbox 1647 577 1758 635; x_wconf 69' lang='lat' dir='ltr'>aritre-</span> 
     </span>
     <span class='ocr_line' id='line_1_4' title="bbox 104 662 1757 751; baseline 0.007 -30"><span class='ocrx_word' id='word_1_37' title='bbox 104 678 168 741; x_wconf 88' lang='lat' dir='ltr'>per</span> <span class='ocrx_word' id='word_1_38' title='bbox 182 678 319 741; x_wconf 83' lang='lat' dir='ltr'>pravam</span> <span class='ocrx_word' id='word_1_39' title='bbox 334 663 580 740; x_wconf 76' lang='lat' dir='ltr'>cogitationem,</span> <span class='ocrx_word' id='word_1_40' title='bbox 595 680 669 743; x_wconf 82' lang='lat' dir='ltr'>quaa</span> <span class='ocrx_word' id='word_1_41' title='bbox 682 664 773 741; x_wconf 89' lang='lat' dir='ltr'>patet</span> <span class='ocrx_word' id='word_1_42' title='bbox 795 662 831 724; x_wconf 92' lang='lat' dir='ltr'>in</span> <span class='ocrx_word' id='word_1_43' title='bbox 846 678 904 726; x_wconf 89' lang='lat' dir='ltr'>ore</span> <span class='ocrx_word' id='word_1_44' title='bbox 958 666 1146 724; x_wconf 85' lang='lat' dir='ltr'>ricordiam</span> <span class='ocrx_word' id='word_1_45' title='bbox 1170 666 1372 728; x_wconf 82' lang='lat' dir='ltr'>consecutus</span> <span class='ocrx_word' id='word_1_46' title='bbox 1394 683 1473 729; x_wconf 84' lang='lat' dir='ltr'>sam</span> <span class='ocrx_word' id='word_1_47' title='bbox 1491 665 1521 747; x_wconf 91' lang='lat' dir='ltr'>(l</span> <span class='ocrx_word' id='word_1_48' title='bbox 1539 669 1622 730; x_wconf 88' lang='lat' dir='ltr'><strong>Tim.</strong></span> <span class='ocrx_word' id='word_1_49' title='bbox 1649 685 1672 743; x_wconf 91' lang='lat'>1,</span> <span class='ocrx_word' id='word_1_50' title='bbox 1692 669 1757 751; x_wconf 87' lang='grc'>13).</span> 
     </span>
     <span class='ocr_line' id='line_1_5' title="bbox 103 761 1759 846; baseline 0.004 -22"><span class='ocrx_word' id='word_1_51' title='bbox 103 762 322 841; x_wconf 85' lang='lat' dir='ltr'>periniquam</span> <span class='ocrx_word' id='word_1_52' title='bbox 334 762 629 841; x_wconf 72' lang='lat' dir='ltr'>locutionemque</span> <span class='ocrx_word' id='word_1_53' title='bbox 639 762 903 839; x_wconf 88' lang='lat' dir='ltr'>manetinopere</span> <span class='ocrx_word' id='word_1_54' title='bbox 958 761 1060 833; x_wconf 82' lang='lat' dir='ltr'><strong>Quasi</strong></span> <span class='ocrx_word' id='word_1_55' title='bbox 1089 762 1214 824; x_wconf 88' lang='lat' dir='ltr'>diceret</span> <span class='ocrx_word' id='word_1_56' title='bbox 1239 764 1330 835; x_wconf 88' lang='lat' dir='ltr'>:Qui</span> <span class='ocrx_word' id='word_1_57' title='bbox 1353 764 1447 842; x_wconf 91' lang='lat' dir='ltr'>prius</span> <span class='ocrx_word' id='word_1_58' title='bbox 1471 765 1516 828; x_wconf 84' lang='lat' dir='ltr'>ini</span> <span class='ocrx_word' id='word_1_59' title='bbox 1544 765 1759 846; x_wconf 88' lang='lat' dir='ltr'>blasphemus</span> 
     </span>
     <span class='ocr_line' id='line_1_6' title="bbox 104 859 1759 940; baseline 0.004 -18"><span class='ocrx_word' id='word_1_60' title='bbox 104 877 169 938; x_wconf 87' lang='lat' dir='ltr'>per</span> <span class='ocrx_word' id='word_1_61' title='bbox 182 861 304 922; x_wconf 88' lang='lat' dir='ltr'>malam</span> <span class='ocrx_word' id='word_1_62' title='bbox 320 861 602 923; x_wconf 87' lang='lat' dir='ltr'>consuetudinem.</span> <span class='ocrx_word' id='word_1_63' title='bbox 623 862 683 922; x_wconf 89' lang='lat' dir='ltr'>His</span> <span class='ocrx_word' id='word_1_64' title='bbox 706 859 812 922; x_wconf 90' lang='lat' dir='ltr'>tribus</span> <span class='ocrx_word' id='word_1_65' title='bbox 827 874 903 921; x_wconf 91' lang='lat' dir='ltr'>mo·</span> <span class='ocrx_word' id='word_1_66' title='bbox 958 859 994 920; x_wconf 93' lang='lat' dir='ltr'>in</span> <span class='ocrx_word' id='word_1_67' title='bbox 1010 861 1207 933; x_wconf 75' lang='lat' dir='ltr'><strong>Jerusalem,</strong></span> <span class='ocrx_word' id='word_1_68' title='bbox 1230 862 1263 923; x_wconf 91' lang='lat' dir='ltr'>et</span> <span class='ocrx_word' id='word_1_69' title='bbox 1284 866 1477 940; x_wconf 89' lang='lat' dir='ltr'>persecutor</span> <span class='ocrx_word' id='word_1_70' title='bbox 1492 866 1699 940; x_wconf 88' lang='lat' dir='ltr'>Sanctorum,</span> <span class='ocrx_word' id='word_1_71' title='bbox 1725 868 1759 930; x_wconf 89' lang='lat' dir='ltr'>et</span> 
     </span>
     <span class='ocr_line' id='line_1_7' title="bbox 104 958 1760 1038; baseline 0.004 -19"><span class='ocrx_word' id='word_1_72' title='bbox 104 959 159 1020; x_wconf 93' lang='lat' dir='ltr'>dis</span> <span class='ocrx_word' id='word_1_73' title='bbox 174 974 271 1020; x_wconf 90' lang='lat' dir='ltr'>omne</span> <span class='ocrx_word' id='word_1_74' title='bbox 288 960 458 1037; x_wconf 90' lang='lat' dir='ltr'>peccatum</span> <span class='ocrx_word' id='word_1_75' title='bbox 483 959 604 1037; x_wconf 90' lang='lat' dir='ltr'>agitur,</span> <span class='ocrx_word' id='word_1_76' title='bbox 621 958 742 1038; x_wconf 86' lang='lat' dir='ltr'>quoad</span> <span class='ocrx_word' id='word_1_77' title='bbox 764 959 904 1020; x_wconf 85' lang='lat' dir='ltr'>mortem</span> <span class='ocrx_word' id='word_1_78' title='bbox 958 958 1218 1021; x_wconf 88' lang='lat' dir='ltr'>contumeliosus</span> <span class='ocrx_word' id='word_1_79' title='bbox 1233 959 1269 1021; x_wconf 88' lang='lat' dir='ltr'>in</span> <span class='ocrx_word' id='word_1_80' title='bbox 1288 961 1536 1038; x_wconf 80' lang='lat' dir='ltr'><strong>comprehensis</strong></span> <span class='ocrx_word' id='word_1_81' title='bbox 1553 965 1682 1025; x_wconf 88' lang='lat' dir='ltr'>Sanctis</span> <span class='ocrx_word' id='word_1_82' title='bbox 1704 964 1760 1026; x_wconf 93' lang='lat' dir='ltr'>in-</span> 
     </span>
     <span class='ocr_line' id='line_1_8' title="bbox 103 1055 1753 1136; baseline 0.003 -17"><span class='ocrx_word' id='word_1_83' title='bbox 103 1060 303 1136; x_wconf 89' lang='lat' dir='ltr'>perpetuam</span> <span class='ocrx_word' id='word_1_84' title='bbox 315 1058 518 1135; x_wconf 79' lang='lat' dir='ltr'>pervenitur.</span> <span class='ocrx_word' id='word_1_85' title='bbox 535 1058 630 1120; x_wconf 88' lang='lat' dir='ltr'>Unde</span> <span class='ocrx_word' id='word_1_86' title='bbox 651 1057 768 1120; x_wconf 88' lang='lat' dir='ltr'>beatus</span> <span class='ocrx_word' id='word_1_87' title='bbox 779 1057 903 1118; x_wconf 87' lang='lat' dir='ltr'>Paulus</span> <span class='ocrx_word' id='word_1_88' title='bbox 958 1055 1070 1117; x_wconf 83' lang='lat' dir='ltr'>ferens</span> <span class='ocrx_word' id='word_1_89' title='bbox 1094 1057 1324 1131; x_wconf 87' lang='lat' dir='ltr'>contumelias,</span> <span class='ocrx_word' id='word_1_90' title='bbox 1351 1059 1614 1122; x_wconf 89' lang='lat' dir='ltr'>misericordiam</span> <span class='ocrx_word' id='word_1_91' title='bbox 1636 1078 1753 1125; x_wconf 91' lang='lat' dir='ltr'>conse·</span> 
     </span>
     <span class='ocr_line' id='line_1_9' title="bbox 103 1155 1757 1234; baseline 0.003 -17"><span class='ocrx_word' id='word_1_92' title='bbox 103 1156 289 1234; x_wconf 87' lang='lat' dir='ltr'>apostolus,</span> <span class='ocrx_word' id='word_1_93' title='bbox 304 1158 399 1234; x_wconf 88' lang='lat' dir='ltr'>cujus</span> <span class='ocrx_word' id='word_1_94' title='bbox 418 1156 518 1219; x_wconf 90' lang='lat' dir='ltr'>bodie</span> <span class='ocrx_word' id='word_1_95' title='bbox 545 1156 797 1219; x_wconf 80' lang='lat' dir='ltr'>conversionem</span> <span class='ocrx_word' id='word_1_96' title='bbox 816 1155 903 1217; x_wconf 92' lang='lat' dir='ltr'>coli·</span> <span class='ocrx_word' id='word_1_97' title='bbox 959 1155 1054 1216; x_wconf 92' lang='lat' dir='ltr'>cutus</span> <span class='ocrx_word' id='word_1_98' title='bbox 1086 1172 1174 1225; x_wconf 92' lang='lat' dir='ltr'>sum,</span> <span class='ocrx_word' id='word_1_99' title='bbox 1210 1155 1311 1228; x_wconf 91' lang='lat' dir='ltr'>idest,</span> <span class='ocrx_word' id='word_1_100' title='bbox 1346 1159 1577 1221; x_wconf 90' lang='lat' dir='ltr'>remissionem</span> <span class='ocrx_word' id='word_1_101' title='bbox 1610 1160 1757 1222; x_wconf 92' lang='lat' dir='ltr'>omnium</span> 
     </span>
     <span class='ocr_line' id='line_1_10' title="bbox 102 1253 1760 1333; baseline 0.004 -18"><span class='ocrx_word' id='word_1_102' title='bbox 102 1270 193 1327; x_wconf 91' lang='lat' dir='ltr'>mus,</span> <span class='ocrx_word' id='word_1_103' title='bbox 208 1270 282 1316; x_wconf 93' lang='lat' dir='ltr'>cum</span> <span class='ocrx_word' id='word_1_104' title='bbox 304 1253 429 1332; x_wconf 90' lang='lat' dir='ltr'>triplici</span> <span class='ocrx_word' id='word_1_105' title='bbox 450 1254 557 1317; x_wconf 89' lang='lat' dir='ltr'>morte</span> <span class='ocrx_word' id='word_1_106' title='bbox 571 1253 738 1333; x_wconf 86' lang='lat' dir='ltr'>spirituali</span> <span class='ocrx_word' id='word_1_107' title='bbox 754 1254 904 1315; x_wconf 90' lang='lat' dir='ltr'>mortuus</span> <span class='ocrx_word' id='word_1_108' title='bbox 961 1254 1172 1331; x_wconf 86' lang='lat' dir='ltr'>peccatorum</span> <span class='ocrx_word' id='word_1_109' title='bbox 1186 1270 1246 1332; x_wconf 88' lang='lat' dir='ltr'>per</span> <span class='ocrx_word' id='word_1_110' title='bbox 1260 1256 1319 1317; x_wconf 93' lang='lat' dir='ltr'>Dei</span> <span class='ocrx_word' id='word_1_111' title='bbox 1332 1256 1606 1319; x_wconf 89' lang='lat' dir='ltr'>misericordiam.</span> <span class='ocrx_word' id='word_1_112' title='bbox 1635 1261 1681 1320; x_wconf 91' lang='lat' dir='ltr'>De</span> <span class='ocrx_word' id='word_1_113' title='bbox 1695 1259 1760 1322; x_wconf 89' lang='lat' dir='ltr'>bac</span> 
     </span>
     <span class='ocr_line' id='line_1_11' title="bbox 104 1351 1762 1436; baseline 0.003 -22"><span class='ocrx_word' id='word_1_114' title='bbox 104 1352 208 1425; x_wconf 88' lang='lat' dir='ltr'>esset,</span> <span class='ocrx_word' id='word_1_115' title='bbox 234 1351 275 1414; x_wconf 88' lang='lat' dir='ltr'>ad</span> <span class='ocrx_word' id='word_1_116' title='bbox 296 1352 411 1425; x_wconf 84' lang='lat' dir='ltr'>uitam,</span> <span class='ocrx_word' id='word_1_117' title='bbox 428 1354 497 1414; x_wconf 91' lang='lat' dir='ltr'>Deo</span> <span class='ocrx_word' id='word_1_118' title='bbox 510 1353 668 1426; x_wconf 76' lang='lat' dir='ltr'>vocante,</span> <span class='ocrx_word' id='word_1_119' title='bbox 698 1351 905 1429; x_wconf 86' lang='lat' dir='ltr'>dignoscitur</span> <span class='ocrx_word' id='word_1_120' title='bbox 958 1351 1190 1414; x_wconf 87' lang='lat' dir='ltr'>misericordia</span> <span class='ocrx_word' id='word_1_121' title='bbox 1208 1353 1330 1415; x_wconf 89' lang='lat' dir='ltr'>dicitur</span> <span class='ocrx_word' id='word_1_122' title='bbox 1348 1354 1384 1415; x_wconf 93' lang='lat' dir='ltr'>in</span> <span class='ocrx_word' id='word_1_123' title='bbox 1403 1355 1660 1418; x_wconf 90' lang='lat' dir='ltr'>Ecclesiastico:</span> <span class='ocrx_word' id='word_1_124' title='bbox 1678 1360 1762 1436; x_wconf 86' lang='lat' dir='ltr'>Spe·</span> 
     </span>
     <span class='ocr_line' id='line_1_12' title="bbox 100 1450 1763 1532; baseline 0.004 -21"><span class='ocrx_word' id='word_1_125' title='bbox 100 1450 259 1512; x_wconf 88' lang='lat' dir='ltr'>rediisse.</span> <span class='ocrx_word' id='word_1_126' title='bbox 959 1450 1050 1511; x_wconf 92' lang='lat' dir='ltr'>ciosa</span> <span class='ocrx_word' id='word_1_127' title='bbox 1065 1450 1116 1512; x_wconf 90' lang='grc' dir='ltr'><strong>θεῖ</strong></span> <span class='ocrx_word' id='word_1_128' title='bbox 1130 1451 1359 1514; x_wconf 83' lang='lat' dir='ltr'>misericordia</span> <span class='ocrx_word' id='word_1_129' title='bbox 1375 1454 1435 1515; x_wconf 92' lang='lat' dir='ltr'>Dei</span> <span class='ocrx_word' id='word_1_130' title='bbox 1449 1453 1483 1514; x_wconf 94' lang='lat' dir='ltr'>in</span> <span class='ocrx_word' id='word_1_131' title='bbox 1497 1455 1645 1532; x_wconf 89' lang='lat' dir='ltr'>tempore</span> <span class='ocrx_word' id='word_1_132' title='bbox 1658 1455 1763 1517; x_wconf 88' lang='lat' dir='ltr'>tribu-</span> 
     </span>
     <span class='ocr_line' id='line_1_13' title="bbox 145 1548 1761 1632; baseline 0.004 -23"><span class='ocrx_word' id='word_1_133' title='bbox 145 1548 224 1610; x_wconf 85' lang='lat' dir='ltr'>Tria</span> <span class='ocrx_word' id='word_1_134' title='bbox 252 1550 329 1610; x_wconf 90' lang='lat' dir='ltr'>sunt</span> <span class='ocrx_word' id='word_1_135' title='bbox 357 1549 568 1611; x_wconf 84' lang='lat' dir='ltr'>vocationum</span> <span class='ocrx_word' id='word_1_136' title='bbox 596 1564 730 1626; x_wconf 88' lang='lat' dir='ltr'>genera.</span> <span class='ocrx_word' id='word_1_137' title='bbox 765 1549 904 1611; x_wconf 82' lang='lat' dir='ltr'>vocatio</span> <span class='ocrx_word' id='word_1_138' title='bbox 960 1548 1112 1622; x_wconf 90' lang='lat' dir='ltr'>lationis,</span> <span class='ocrx_word' id='word_1_139' title='bbox 1150 1549 1238 1613; x_wconf 92' lang='lat' dir='ltr'>sicut</span> <span class='ocrx_word' id='word_1_140' title='bbox 1266 1549 1372 1612; x_wconf 92' lang='lat' dir='ltr'>nubes</span> <span class='ocrx_word' id='word_1_141' title='bbox 1402 1551 1522 1628; x_wconf 82' lang='lat' dir='ltr'>pluriae</span> <span class='ocrx_word' id='word_1_142' title='bbox 1548 1553 1584 1614; x_wconf 92' lang='lat' dir='ltr'>in</span> <span class='ocrx_word' id='word_1_143' title='bbox 1612 1555 1761 1632; x_wconf 87' lang='lat' dir='ltr'>tempore</span> 
     </span>
     <span class='ocr_line' id='line_1_14' title="bbox 100 1645 1761 1728; baseline 0.004 -21"><span class='ocrx_word' id='word_1_144' title='bbox 100 1647 230 1709; x_wconf 85' lang='lat' dir='ltr'>etenim</span> <span class='ocrx_word' id='word_1_145' title='bbox 243 1646 309 1708; x_wconf 90' lang='lat' dir='ltr'>alia</span> <span class='ocrx_word' id='word_1_146' title='bbox 324 1662 368 1709; x_wconf 83' lang='lat' dir='ltr'>ex</span> <span class='ocrx_word' id='word_1_147' title='bbox 382 1649 461 1719; x_wconf 89' lang='lat' dir='ltr'>Deo,</span> <span class='ocrx_word' id='word_1_148' title='bbox 482 1647 549 1708; x_wconf 89' lang='lat' dir='ltr'>alia</span> <span class='ocrx_word' id='word_1_149' title='bbox 564 1663 624 1725; x_wconf 91' lang='lat' dir='ltr'>per</span> <span class='ocrx_word' id='word_1_150' title='bbox 637 1647 816 1721; x_wconf 89' lang='lat' dir='ltr'>bominem,</span> <span class='ocrx_word' id='word_1_151' title='bbox 837 1647 904 1710; x_wconf 89' lang='lat' dir='ltr'>alia</span> <span class='ocrx_word' id='word_1_152' title='bbox 959 1646 1119 1710; x_wconf 76' lang='lat' dir='ltr'>siccitatis</span> <span class='ocrx_word' id='word_1_153' title='bbox 1139 1645 1254 1727; x_wconf 88' lang='lat' dir='ltr'>(Eccli.</span> <span class='ocrx_word' id='word_1_154' title='bbox 1271 1665 1376 1721; x_wconf 83' lang='lat' dir='ltr'>xxxv,</span> <span class='ocrx_word' id='word_1_155' title='bbox 1399 1649 1464 1728; x_wconf 76' lang='grc'>26).</span> <span class='ocrx_word' id='word_1_156' title='bbox 1492 1652 1634 1728; x_wconf 85' lang='lat' dir='ltr'>Tempus</span> <span class='ocrx_word' id='word_1_157' title='bbox 1656 1652 1761 1714; x_wconf 90' lang='lat' dir='ltr'>sicci-</span> 
     </span>
     <span class='ocr_line' id='line_1_15' title="bbox 99 1744 1763 1825; baseline 0.004 -18"><span class='ocrx_word' id='word_1_158' title='bbox 99 1762 151 1807; x_wconf 87' lang='lat' dir='ltr'>ex</span> <span class='ocrx_word' id='word_1_159' title='bbox 176 1745 385 1807; x_wconf 88' lang='lat' dir='ltr'>necessitate.</span> <span class='ocrx_word' id='word_1_160' title='bbox 409 1745 547 1807; x_wconf 78' lang='lat' dir='ltr'>vocatio</span> <span class='ocrx_word' id='word_1_161' title='bbox 572 1761 616 1807; x_wconf 89' lang='lat' dir='ltr'>ex</span> <span class='ocrx_word' id='word_1_162' title='bbox 644 1748 712 1808; x_wconf 94' lang='lat' dir='ltr'>Deo</span> <span class='ocrx_word' id='word_1_163' title='bbox 736 1747 797 1818; x_wconf 89' lang='lat' dir='ltr'>est,</span> <span class='ocrx_word' id='word_1_164' title='bbox 822 1762 907 1824; x_wconf 68' lang='lat' dir='ltr'>quo</span> <span class='ocrx_word' id='word_1_165' title='bbox 960 1744 1048 1817; x_wconf 87' lang='lat' dir='ltr'>tatis,</span> <span class='ocrx_word' id='word_1_166' title='bbox 1076 1744 1172 1818; x_wconf 89' lang='lat' dir='ltr'>idest,</span> <span class='ocrx_word' id='word_1_167' title='bbox 1196 1747 1326 1825; x_wconf 89' lang='lat' dir='ltr'>tempus</span> <span class='ocrx_word' id='word_1_168' title='bbox 1341 1746 1567 1809; x_wconf 91' lang='lat' dir='ltr'>tribulationis</span> <span class='ocrx_word' id='word_1_169' title='bbox 1588 1748 1763 1813; x_wconf 86' lang='lat' dir='ltr'>luitbeato</span> 
     </span>
     <span class='ocr_line' id='line_1_16' title="bbox 99 1842 1761 1929; baseline 0.004 -24"><span class='ocrx_word' id='word_1_170' title='bbox 99 1844 170 1905; x_wconf 89' lang='lat' dir='ltr'>ties</span> <span class='ocrx_word' id='word_1_171' title='bbox 198 1842 311 1905; x_wconf 77' lang='lat' dir='ltr'>diuina</span> <span class='ocrx_word' id='word_1_172' title='bbox 334 1842 511 1921; x_wconf 86' lang='lat' dir='ltr'>inspiratio</span> <span class='ocrx_word' id='word_1_173' title='bbox 534 1844 575 1905; x_wconf 92' lang='lat' dir='ltr'>ad</span> <span class='ocrx_word' id='word_1_174' title='bbox 602 1842 804 1905; x_wconf 90' lang='lat' dir='ltr'>desiderium</span> <span class='ocrx_word' id='word_1_175' title='bbox 826 1843 905 1906; x_wconf 78' lang='lat' dir='ltr'>ritae</span> <span class='ocrx_word' id='word_1_176' title='bbox 960 1842 1064 1904; x_wconf 88' lang='lat' dir='ltr'>Paulo</span> <span class='ocrx_word' id='word_1_177' title='bbox 1087 1843 1261 1921; x_wconf 74' lang='lat' dir='ltr'>apostolo,</span> <span class='ocrx_word' id='word_1_178' title='bbox 1293 1845 1426 1922; x_wconf 87' lang='lat' dir='ltr'>quando</span> <span class='ocrx_word' id='word_1_179' title='bbox 1459 1845 1624 1929; x_wconf 89' lang='lat' dir='ltr'>lapidatus</span> <span class='ocrx_word' id='word_1_180' title='bbox 1650 1847 1702 1909; x_wconf 88' lang='lat' dir='ltr'>est</span> <span class='ocrx_word' id='word_1_181' title='bbox 1726 1847 1761 1911; x_wconf 88' lang='lat' dir='ltr'>et</span> 
     </span>
     <span class='ocr_line' id='line_1_17' title="bbox 99 1940 1763 2020; baseline 0.004 -18"><span class='ocrx_word' id='word_1_182' title='bbox 99 1942 241 2003; x_wconf 84' lang='lat' dir='ltr'>aeternae</span> <span class='ocrx_word' id='word_1_183' title='bbox 260 1957 322 2003; x_wconf 89' lang='lat' dir='ltr'>nos</span> <span class='ocrx_word' id='word_1_184' title='bbox 339 1941 475 2002; x_wconf 89' lang='lat' dir='ltr'>excitat.</span> <span class='ocrx_word' id='word_1_185' title='bbox 497 1941 636 2004; x_wconf 78' lang='lat' dir='ltr'>vocatio</span> <span class='ocrx_word' id='word_1_186' title='bbox 651 1957 711 2020; x_wconf 91' lang='lat' dir='ltr'>per</span> <span class='ocrx_word' id='word_1_187' title='bbox 735 1941 904 2004; x_wconf 84' lang='lat' dir='ltr'>bominem</span> <span class='ocrx_word' id='word_1_188' title='bbox 960 1940 1064 2018; x_wconf 80' lang='lat' dir='ltr'>virgis</span> <span class='ocrx_word' id='word_1_189' title='bbox 1079 1957 1186 2003; x_wconf 89' lang='lat' dir='ltr'>caesus</span> <span class='ocrx_word' id='word_1_190' title='bbox 1201 1943 1234 2005; x_wconf 91' lang='lat' dir='ltr'>et</span> <span class='ocrx_word' id='word_1_191' title='bbox 1247 1940 1283 2003; x_wconf 93' lang='lat' dir='ltr'>in</span> <span class='ocrx_word' id='word_1_192' title='bbox 1296 1958 1465 2005; x_wconf 85' lang='lat' dir='ltr'>carcerem</span> <span class='ocrx_word' id='word_1_193' title='bbox 1481 1943 1613 2017; x_wconf 89' lang='lat' dir='ltr'>missus,</span> <span class='ocrx_word' id='word_1_194' title='bbox 1627 1947 1660 2006; x_wconf 88' lang='lat' dir='ltr'>et</span> <span class='ocrx_word' id='word_1_195' title='bbox 1672 1945 1763 2008; x_wconf 85' lang='lat' dir='ltr'>lame</span> 
     </span>
     <span class='ocr_line' id='line_1_18' title="bbox 98 2038 1762 2117; baseline 0.004 -18"><span class='ocrx_word' id='word_1_196' title='bbox 98 2039 230 2101; x_wconf 88' lang='lat' dir='ltr'>dicitur</span> <span class='ocrx_word' id='word_1_197' title='bbox 244 2039 328 2113; x_wconf 87' lang='lat' dir='ltr'>lieri,</span> <span class='ocrx_word' id='word_1_198' title='bbox 350 2038 480 2117; x_wconf 82' lang='lat' dir='ltr'>quoties</span> <span class='ocrx_word' id='word_1_199' title='bbox 503 2039 664 2115; x_wconf 85' lang='lat' dir='ltr'>exemplis</span> <span class='ocrx_word' id='word_1_200' title='bbox 690 2039 745 2102; x_wconf 78' lang='lat' dir='ltr'>rel</span> <span class='ocrx_word' id='word_1_201' title='bbox 770 2038 904 2102; x_wconf 86' lang='lat' dir='ltr'>monitis</span> <span class='ocrx_word' id='word_1_202' title='bbox 960 2039 994 2100; x_wconf 89' lang='lat' dir='ltr'>et</span> <span class='ocrx_word' id='word_1_203' title='bbox 1007 2039 1064 2101; x_wconf 85' lang='lat' dir='ltr'>siti</span> <span class='ocrx_word' id='word_1_204' title='bbox 1079 2039 1112 2101; x_wconf 89' lang='grc' dir='ltr'>θῖ</span> <span class='ocrx_word' id='word_1_205' title='bbox 1124 2039 1237 2102; x_wconf 89' lang='lat' dir='ltr'>multis</span> <span class='ocrx_word' id='word_1_206' title='bbox 1251 2040 1523 2103; x_wconf 83' lang='lat' dir='ltr'>tribulationibus</span> <span class='ocrx_word' id='word_1_207' title='bbox 1539 2043 1571 2104; x_wconf 92' lang='lat' dir='ltr'>et</span> <span class='ocrx_word' id='word_1_208' title='bbox 1586 2042 1762 2106; x_wconf 90' lang='lat' dir='ltr'>tormentis</span> 
     </span>
     <span class='ocr_line' id='line_1_19' title="bbox 98 2125 1760 2218; baseline 0.003 -20"><span class='ocrx_word' id='word_1_209' title='bbox 98 2138 297 2199; x_wconf 84' lang='lat' dir='ltr'>sanctorum</span> <span class='ocrx_word' id='word_1_210' title='bbox 312 2137 462 2199; x_wconf 78' lang='lat' dir='ltr'>uirorum</span> <span class='ocrx_word' id='word_1_211' title='bbox 484 2136 632 2214; x_wconf 85' lang='lat' dir='ltr'>instigati</span> <span class='ocrx_word' id='word_1_212' title='bbox 647 2138 688 2199; x_wconf 94' lang='lat' dir='ltr'>ad</span> <span class='ocrx_word' id='word_1_213' title='bbox 703 2138 905 2200; x_wconf 89' lang='lat' dir='ltr'>desiderium</span> <span class='ocrx_word' id='word_1_214' title='bbox 960 2136 1112 2200; x_wconf 84' lang='lat' dir='ltr'>afflictus.</span> <span class='ocrx_word' id='word_1_215' title='bbox 1138 2137 1200 2200; x_wconf 90' lang='lat' dir='ltr'>Sed</span> <span class='ocrx_word' id='word_1_216' title='bbox 1220 2142 1308 2199; x_wconf 86' lang='lat' dir='ltr'>Deus</span> <span class='ocrx_word' id='word_1_217' title='bbox 1326 2125 1418 2201; x_wconf 88' lang='lat' dir='ltr'>dedit</span> <span class='ocrx_word' id='word_1_218' title='bbox 1436 2139 1468 2201; x_wconf 91' lang='lat' dir='ltr'>ei</span> <span class='ocrx_word' id='word_1_219' title='bbox 1489 2139 1610 2201; x_wconf 91' lang='lat' dir='ltr'>nubem</span> <span class='ocrx_word' id='word_1_220' title='bbox 1625 2141 1760 2218; x_wconf 79' lang='lat' dir='ltr'>pluviae,</span> 
     </span>
     <span class='ocr_line' id='line_1_20' title="bbox 98 2234 1760 2313; baseline 0.005 -18"><span class='ocrx_word' id='word_1_221' title='bbox 98 2251 243 2296; x_wconf 85' lang='lat' dir='ltr'>summae</span> <span class='ocrx_word' id='word_1_222' title='bbox 276 2234 393 2296; x_wconf 86' lang='lat' dir='ltr'>salutis</span> <span class='ocrx_word' id='word_1_223' title='bbox 429 2234 651 2297; x_wconf 86' lang='lat' dir='ltr'>accendimur.</span> <span class='ocrx_word' id='word_1_224' title='bbox 689 2236 828 2298; x_wconf 87' lang='lat' dir='ltr'>Vocatio</span> <span class='ocrx_word' id='word_1_225' title='bbox 861 2250 906 2296; x_wconf 89' lang='lat' dir='ltr'>ex</span> <span class='ocrx_word' id='word_1_226' title='bbox 960 2234 1055 2307; x_wconf 91' lang='lat' dir='ltr'>idest,</span> <span class='ocrx_word' id='word_1_227' title='bbox 1081 2235 1295 2312; x_wconf 80' lang='lat' dir='ltr'>refrigerium</span> <span class='ocrx_word' id='word_1_228' title='bbox 1309 2236 1451 2299; x_wconf 79' lang='lat' dir='ltr'>internae</span> <span class='ocrx_word' id='word_1_229' title='bbox 1468 2238 1597 2313; x_wconf 86' lang='lat' dir='ltr'>gratiae,</span> <span class='ocrx_word' id='word_1_230' title='bbox 1621 2238 1760 2305; x_wconf 82' lang='lat' dir='ltr'>dicens:</span> 
     </span>
     <span class='ocr_line' id='line_1_21' title="bbox 99 2332 1789 2411; baseline 0.001 -16"><span class='ocrx_word' id='word_1_231' title='bbox 99 2332 307 2395; x_wconf 87' lang='lat' dir='ltr'>necessitate</span> <span class='ocrx_word' id='word_1_232' title='bbox 328 2334 389 2405; x_wconf 91' lang='lat' dir='ltr'>est,</span> <span class='ocrx_word' id='word_1_233' title='bbox 417 2348 492 2394; x_wconf 93' lang='lat' dir='ltr'>cum</span> <span class='ocrx_word' id='word_1_234' title='bbox 516 2333 641 2395; x_wconf 88' lang='lat' dir='ltr'>divitiis</span> <span class='ocrx_word' id='word_1_235' title='bbox 667 2332 767 2411; x_wconf 88' lang='lat' dir='ltr'>hujus</span> <span class='ocrx_word' id='word_1_236' title='bbox 790 2333 904 2395; x_wconf 93' lang='lat' dir='ltr'>mundi</span> <span class='ocrx_word' id='word_1_237' title='bbox 961 2332 1090 2395; x_wconf 81' lang='lat' dir='ltr'>suflicit</span> <span class='ocrx_word' id='word_1_238' title='bbox 1112 2332 1181 2407; x_wconf 91' lang='lat' dir='ltr'>tibi,</span> <span class='ocrx_word' id='word_1_239' title='bbox 1211 2333 1326 2397; x_wconf 87' lang='lat' dir='ltr'>Paule.</span> <span class='ocrx_word' id='word_1_240' title='bbox 1349 2335 1457 2410; x_wconf 87' lang='lat' dir='ltr'>gratia</span> <span class='ocrx_word' id='word_1_241' title='bbox 1473 2351 1558 2406; x_wconf 90' lang='lat' dir='ltr'>mea,</span> <span class='ocrx_word' id='word_1_242' title='bbox 1575 2334 1611 2396; x_wconf 93' lang='lat' dir='ltr'>in</span> <span class='ocrx_word' id='word_1_243' title='bbox 1632 2336 1760 2398; x_wconf 89' lang='lat' dir='ltr'>tantum</span> <span class='ocrx_word' id='word_1_244' title='bbox 1786 2403 1789 2409; x_wconf 57' lang='grc'><strong>,</strong></span> 
     </span>
     <span class='ocr_line' id='line_1_22' title="bbox 99 2429 1761 2508; baseline 0.002 -15"><span class='ocrx_word' id='word_1_245' title='bbox 99 2431 159 2493; x_wconf 75' lang='lat' dir='ltr'>uel</span> <span class='ocrx_word' id='word_1_246' title='bbox 173 2431 399 2508; x_wconf 79' lang='lat' dir='ltr'>voluptatibus</span> <span class='ocrx_word' id='word_1_247' title='bbox 418 2429 567 2507; x_wconf 86' lang='lat' dir='ltr'>obligati,</span> <span class='ocrx_word' id='word_1_248' title='bbox 596 2431 826 2507; x_wconf 79' lang='lat' dir='ltr'>ingruentibus</span> <span class='ocrx_word' id='word_1_249' title='bbox 844 2446 904 2494; x_wconf 91' lang='lat' dir='ltr'>re-</span> <span class='ocrx_word' id='word_1_250' title='bbox 960 2430 1045 2507; x_wconf 90' lang='lat' dir='ltr'>quod</span> <span class='ocrx_word' id='word_1_251' title='bbox 1064 2430 1168 2492; x_wconf 87' lang='lat' dir='ltr'>sames</span> <span class='ocrx_word' id='word_1_252' title='bbox 1183 2431 1256 2492; x_wconf 87' lang='lat' dir='ltr'>erat</span> <span class='ocrx_word' id='word_1_253' title='bbox 1268 2431 1300 2493; x_wconf 93' lang='lat' dir='ltr'>ei</span> <span class='ocrx_word' id='word_1_254' title='bbox 1314 2430 1464 2500; x_wconf 86' lang='lat' dir='ltr'>relectio,</span> <span class='ocrx_word' id='word_1_255' title='bbox 1491 2433 1525 2494; x_wconf 93' lang='lat' dir='ltr'>et</span> <span class='ocrx_word' id='word_1_256' title='bbox 1543 2435 1761 2497; x_wconf 89' lang='lat' dir='ltr'>necessitates</span> 
     </span>
     <span class='ocr_line' id='line_1_23' title="bbox 99 2527 1759 2609; baseline 0.002 -19"><span class='ocrx_word' id='word_1_257' title='bbox 99 2531 204 2607; x_wconf 86' lang='lat' dir='ltr'>pente</span> <span class='ocrx_word' id='word_1_258' title='bbox 216 2528 457 2590; x_wconf 89' lang='lat' dir='ltr'>tentationibus</span> <span class='ocrx_word' id='word_1_259' title='bbox 472 2545 546 2606; x_wconf 88' lang='lat' dir='ltr'>quae</span> <span class='ocrx_word' id='word_1_260' title='bbox 560 2529 614 2590; x_wconf 87' lang='lat' dir='ltr'>vel</span> <span class='ocrx_word' id='word_1_261' title='bbox 629 2529 744 2590; x_wconf 89' lang='lat' dir='ltr'>mortis</span> <span class='ocrx_word' id='word_1_262' title='bbox 757 2529 904 2607; x_wconf 87' lang='lat' dir='ltr'>pericula</span> <span class='ocrx_word' id='word_1_263' title='bbox 959 2527 1181 2605; x_wconf 78' lang='lat' dir='ltr'>refrigeratio,</span> <span class='ocrx_word' id='word_1_264' title='bbox 1195 2529 1229 2590; x_wconf 89' lang='lat' dir='ltr'>et</span> <span class='ocrx_word' id='word_1_265' title='bbox 1241 2530 1363 2591; x_wconf 87' lang='lat' dir='ltr'>caetera</span> <span class='ocrx_word' id='word_1_266' title='bbox 1374 2531 1540 2591; x_wconf 86' lang='lat' dir='ltr'>tormenta</span> <span class='ocrx_word' id='word_1_267' title='bbox 1553 2532 1649 2608; x_wconf 87' lang='lat' dir='ltr'>qnasi</span> <span class='ocrx_word' id='word_1_268' title='bbox 1664 2548 1759 2609; x_wconf 83' lang='lat' dir='ltr'>quoe-</span> 
     </span>
     <span class='ocr_line' id='line_1_24' title="bbox 100 2626 1761 2705; baseline 0.002 -17"><span class='ocrx_word' id='word_1_269' title='bbox 100 2626 364 2699; x_wconf 88' lang='lat' dir='ltr'>comminantur,</span> <span class='ocrx_word' id='word_1_270' title='bbox 380 2626 433 2688; x_wconf 88' lang='lat' dir='ltr'>vel</span> <span class='ocrx_word' id='word_1_271' title='bbox 449 2627 663 2689; x_wconf 88' lang='lat' dir='ltr'>amissionem</span> <span class='ocrx_word' id='word_1_272' title='bbox 677 2626 839 2688; x_wconf 88' lang='lat' dir='ltr'>bonorum</span> <span class='ocrx_word' id='word_1_273' title='bbox 851 2628 904 2690; x_wconf 89' lang='lat' dir='ltr'>vel</span> <span class='ocrx_word' id='word_1_274' title='bbox 959 2626 1035 2688; x_wconf 88' lang='lat' dir='ltr'>dam</span> <span class='ocrx_word' id='word_1_275' title='bbox 1048 2626 1159 2688; x_wconf 90' lang='lat' dir='ltr'>dulcia</span> <span class='ocrx_word' id='word_1_276' title='bbox 1173 2627 1307 2702; x_wconf 87' lang='lat' dir='ltr'>gaudia.</span> <span class='ocrx_word' id='word_1_277' title='bbox 1321 2627 1415 2689; x_wconf 89' lang='lat' dir='ltr'>Unde</span> <span class='ocrx_word' id='word_1_278' title='bbox 1428 2627 1499 2705; x_wconf 92' lang='lat' dir='ltr'>ipse</span> <span class='ocrx_word' id='word_1_279' title='bbox 1513 2644 1573 2705; x_wconf 91' lang='lat' dir='ltr'>pro</span> <span class='ocrx_word' id='word_1_280' title='bbox 1588 2629 1649 2691; x_wconf 89' lang='lat' dir='ltr'>tali</span> <span class='ocrx_word' id='word_1_281' title='bbox 1664 2630 1761 2692; x_wconf 90' lang='lat' dir='ltr'>mise·</span> 
     </span>
     <span class='ocr_line' id='line_1_25' title="bbox 100 2724 1756 2805; baseline 0.002 -19"><span class='ocrx_word' id='word_1_282' title='bbox 100 2724 383 2804; x_wconf 89' lang='lat' dir='ltr'>proscriptionem</span> <span class='ocrx_word' id='word_1_283' title='bbox 417 2725 607 2802; x_wconf 88' lang='lat' dir='ltr'>percutiunt</span> <span class='ocrx_word' id='word_1_284' title='bbox 641 2725 694 2786; x_wconf 89' lang='lat' dir='ltr'>vel</span> <span class='ocrx_word' id='word_1_285' title='bbox 727 2725 905 2789; x_wconf 90' lang='lat' dir='ltr'>charorum</span> <span class='ocrx_word' id='word_1_286' title='bbox 959 2724 1311 2802; x_wconf 83' lang='lat' dir='ltr'>ricordiadixit,quod</span> <span class='ocrx_word' id='word_1_287' title='bbox 1328 2728 1756 2805; x_wconf 74' lang='lat' dir='ltr'>nequemnrsnoquerita,</span> 
     </span>
     <span class='ocr_line' id='line_1_26' title="bbox 101 2814 1763 2902; baseline 0.002 -18"><span class='ocrx_word' id='word_1_288' title='bbox 101 2823 211 2884; x_wconf 88' lang='lat' dir='ltr'>morte</span> <span class='ocrx_word' id='word_1_289' title='bbox 235 2824 472 2900; x_wconf 91' lang='lat' dir='ltr'>compungunt,</span> <span class='ocrx_word' id='word_1_290' title='bbox 495 2825 533 2884; x_wconf 91' lang='lat' dir='ltr'>ut</span> <span class='ocrx_word' id='word_1_291' title='bbox 553 2823 594 2884; x_wconf 90' lang='lat' dir='ltr'>ad</span> <span class='ocrx_word' id='word_1_292' title='bbox 619 2826 722 2885; x_wconf 92' lang='lat' dir='ltr'>Deum</span> <span class='ocrx_word' id='word_1_293' title='bbox 746 2841 844 2902; x_wconf 83' lang='lat' dir='ltr'>quem</span> <span class='ocrx_word' id='word_1_294' title='bbox 869 2814 913 2886; x_wconf 84' lang='lat' dir='ltr'>in&#39;</span> <span class='ocrx_word' id='word_1_295' title='bbox 959 2839 1067 2900; x_wconf 87' lang='lat' dir='ltr'>neque</span> <span class='ocrx_word' id='word_1_296' title='bbox 1082 2823 1272 2900; x_wconf 86' lang='lat' dir='ltr'>praesentia,</span> <span class='ocrx_word' id='word_1_297' title='bbox 1290 2839 1398 2901; x_wconf 86' lang='lat' dir='ltr'>neque</span> <span class='ocrx_word' id='word_1_298' title='bbox 1412 2823 1523 2885; x_wconf 89' lang='lat' dir='ltr'>lutura</span> <span class='ocrx_word' id='word_1_299' title='bbox 1538 2826 1695 2902; x_wconf 89' lang='lat' dir='ltr'>poterunt</span> <span class='ocrx_word' id='word_1_300' title='bbox 1710 2841 1763 2889; x_wconf 90' lang='lat' dir='ltr'>se·</span> 
     </span>
     <span class='ocr_line' id='line_1_27' title="bbox 103 2919 1761 3000; baseline 0.002 -16"><span class='ocrx_word' id='word_1_301' title='bbox 103 2921 327 3000; x_wconf 84' lang='lat' dir='ltr'>prosperitate</span> <span class='ocrx_word' id='word_1_302' title='bbox 353 2921 448 2999; x_wconf 85' lang='lat' dir='ltr'>sequi</span> <span class='ocrx_word' id='word_1_303' title='bbox 478 2922 751 3000; x_wconf 88' lang='lat' dir='ltr'>contempsimus,</span> <span class='ocrx_word' id='word_1_304' title='bbox 786 2924 905 2986; x_wconf 86' lang='lat' dir='ltr'>saltem</span> <span class='ocrx_word' id='word_1_305' title='bbox 960 2935 1113 2998; x_wconf 81' lang='lat' dir='ltr'>parares</span> <span class='ocrx_word' id='word_1_306' title='bbox 1129 2919 1291 2982; x_wconf 88' lang='lat' dir='ltr'>charitate</span> <span class='ocrx_word' id='word_1_307' title='bbox 1312 2920 1383 2995; x_wconf 86' lang='lat' dir='ltr'>Dei,</span> <span class='ocrx_word' id='word_1_308' title='bbox 1409 2937 1484 2999; x_wconf 78' lang='lat' dir='ltr'>qrrae</span> <span class='ocrx_word' id='word_1_309' title='bbox 1505 2922 1555 2985; x_wconf 88' lang='lat' dir='ltr'>est</span> <span class='ocrx_word' id='word_1_310' title='bbox 1578 2922 1761 2987; x_wconf 76' lang='lat' dir='ltr'>inebriato</span> 
     </span>
     <span class='ocr_line' id='line_1_28' title="bbox 104 3020 1051 3098; baseline -0.003 -17"><span class='ocrx_word' id='word_1_311' title='bbox 104 3020 203 3081; x_wconf 80' lang='lat' dir='ltr'>inviti</span> <span class='ocrx_word' id='word_1_312' title='bbox 218 3034 400 3097; x_wconf 88' lang='lat' dir='ltr'>properare</span> <span class='ocrx_word' id='word_1_313' title='bbox 414 3020 663 3098; x_wconf 88' lang='lat' dir='ltr'>compellamur.</span> <span class='ocrx_word' id='word_1_314' title='bbox 687 3022 748 3084; x_wconf 79' lang='lat' dir='ltr'>Ast</span> <span class='ocrx_word' id='word_1_315' title='bbox 763 3021 816 3084; x_wconf 83' lang='lat' dir='ltr'>bae</span> <span class='ocrx_word' id='word_1_316' title='bbox 830 3022 905 3084; x_wconf 86' lang='lat' dir='ltr'>duae</span> <span class='ocrx_word' id='word_1_317' title='bbox 959 3021 1051 3082; x_wconf 87' lang='lat' dir='ltr'>Jesu.</span> 
     </span>
     <span class='ocr_line' id='line_1_29' title="bbox 104 3115 1760 3197; baseline 0.003 -21"><span class='ocrx_word' id='word_1_318' title='bbox 104 3116 301 3178; x_wconf 80' lang='lat' dir='ltr'>uacationes</span> <span class='ocrx_word' id='word_1_319' title='bbox 327 3116 497 3194; x_wconf 89' lang='lat' dir='ltr'>decipiunt</span> <span class='ocrx_word' id='word_1_320' title='bbox 524 3119 558 3178; x_wconf 89' lang='lat' dir='ltr'>et</span> <span class='ocrx_word' id='word_1_321' title='bbox 582 3117 803 3195; x_wconf 89' lang='lat' dir='ltr'>decipiuntur,</span> <span class='ocrx_word' id='word_1_322' title='bbox 831 3135 905 3197; x_wconf 81' lang='lat' dir='ltr'>qrrae</span> <span class='ocrx_word' id='word_1_323' title='bbox 1001 3115 1095 3180; x_wconf 92' lang='lat' dir='ltr'>Unde</span> <span class='ocrx_word' id='word_1_324' title='bbox 1116 3115 1232 3178; x_wconf 89' lang='lat' dir='ltr'>beatus</span> <span class='ocrx_word' id='word_1_325' title='bbox 1254 3117 1435 3194; x_wconf 86' lang='lat' dir='ltr'>Gregorius</span> <span class='ocrx_word' id='word_1_326' title='bbox 1453 3139 1461 3179; x_wconf 72' lang='grc' dir='ltr'><em>ι</em></span> <span class='ocrx_word' id='word_1_327' title='bbox 1478 3134 1497 3178; x_wconf 90' lang='lat'>‹</span> <span class='ocrx_word' id='word_1_328' title='bbox 1516 3119 1669 3192; x_wconf 88' lang='lat' dir='ltr'>Pensate,</span> <span class='ocrx_word' id='word_1_329' title='bbox 1686 3119 1760 3181; x_wconf 82' lang='lat' dir='ltr'>lra-</span> 
     </span>
     <span class='ocr_line' id='line_1_30' title="bbox 104 3212 1762 3295; baseline 0.004 -22"><span class='ocrx_word' id='word_1_330' title='bbox 104 3212 232 3275; x_wconf 84' lang='lat' dir='ltr'>luerint</span> <span class='ocrx_word' id='word_1_331' title='bbox 255 3228 317 3290; x_wconf 89' lang='lat' dir='ltr'>per</span> <span class='ocrx_word' id='word_1_332' title='bbox 341 3212 521 3286; x_wconf 87' lang='lat' dir='ltr'>bominem,</span> <span class='ocrx_word' id='word_1_333' title='bbox 547 3214 605 3276; x_wconf 92' lang='lat' dir='ltr'>aut</span> <span class='ocrx_word' id='word_1_334' title='bbox 628 3230 672 3277; x_wconf 91' lang='lat' dir='ltr'>ex</span> <span class='ocrx_word' id='word_1_335' title='bbox 695 3215 904 3277; x_wconf 84' lang='lat' dir='ltr'>necessitate.</span> <span class='ocrx_word' id='word_1_336' title='bbox 959 3215 1039 3288; x_wconf 89' lang='lat' dir='ltr'>tres,</span> <span class='ocrx_word' id='word_1_337' title='bbox 1053 3214 1177 3293; x_wconf 85' lang='lat' dir='ltr'>quanta</span> <span class='ocrx_word' id='word_1_338' title='bbox 1194 3215 1246 3277; x_wconf 87' lang='lat' dir='ltr'>est</span> <span class='ocrx_word' id='word_1_339' title='bbox 1261 3213 1421 3293; x_wconf 91' lang='lat' dir='ltr'>patientia</span> <span class='ocrx_word' id='word_1_340' title='bbox 1437 3215 1509 3288; x_wconf 83' lang='lat' dir='ltr'>Dei,</span> <span class='ocrx_word' id='word_1_341' title='bbox 1526 3217 1694 3295; x_wconf 82' lang='lat' dir='ltr'>etquanta</span> <span class='ocrx_word' id='word_1_342' title='bbox 1709 3218 1762 3281; x_wconf 86' lang='lat' dir='ltr'>est</span> 
     </span>
     <span class='ocr_line' id='line_1_31' title="bbox 101 3311 1762 3392; baseline 0.004 -21"><span class='ocrx_word' id='word_1_343' title='bbox 101 3311 219 3372; x_wconf 86' lang='lat' dir='ltr'>Tertia</span> <span class='ocrx_word' id='word_1_344' title='bbox 240 3326 320 3373; x_wconf 87' lang='lat' dir='ltr'>vero</span> <span class='ocrx_word' id='word_1_345' title='bbox 342 3327 416 3390; x_wconf 75' lang='lat' dir='ltr'>qum</span> <span class='ocrx_word' id='word_1_346' title='bbox 437 3311 473 3373; x_wconf 88' lang='lat' dir='ltr'>tlt</span> <span class='ocrx_word' id='word_1_347' title='bbox 494 3326 515 3373; x_wconf 90' lang='lat' dir='ltr'>a</span> <span class='ocrx_word' id='word_1_348' title='bbox 536 3313 604 3374; x_wconf 92' lang='lat' dir='ltr'>Deo</span> <span class='ocrx_word' id='word_1_349' title='bbox 618 3328 797 3392; x_wconf 89' lang='lat' dir='ltr'>numquam</span> <span class='ocrx_word' id='word_1_350' title='bbox 821 3312 907 3376; x_wconf 77' lang='lat' dir='ltr'>fallit</span> <span class='ocrx_word' id='word_1_351' title='bbox 960 3312 1169 3390; x_wconf 88' lang='lat' dir='ltr'>impatientia</span> <span class='ocrx_word' id='word_1_352' title='bbox 1185 3313 1310 3374; x_wconf 90' lang='lat' dir='ltr'>nostra.</span> <span class='ocrx_word' id='word_1_353' title='bbox 1323 3329 1341 3373; x_wconf 69' lang='lat' dir='ltr'>a</span> <span class='ocrx_word' id='word_1_354' title='bbox 1356 3314 1425 3375; x_wconf 92' lang='lat' dir='ltr'>Nos</span> <span class='ocrx_word' id='word_1_355' title='bbox 1440 3313 1469 3375; x_wconf 92' lang='lat' dir='ltr'>si</span> <span class='ocrx_word' id='word_1_356' title='bbox 1483 3313 1617 3391; x_wconf 85' lang='lat' dir='ltr'>injuriis</span> <span class='ocrx_word' id='word_1_357' title='bbox 1630 3316 1688 3376; x_wconf 91' lang='lat' dir='ltr'>aut</span> <span class='ocrx_word' id='word_1_358' title='bbox 1701 3313 1762 3377; x_wconf 90' lang='lat' dir='ltr'>ali·</span> 
     </span>
     <span class='ocr_line' id='line_1_32' title="bbox 103 3408 1761 3488; baseline 0.001 -16"><span class='ocrx_word' id='word_1_359' title='bbox 103 3409 161 3472; x_wconf 79' lang='lat' dir='ltr'>uel</span> <span class='ocrx_word' id='word_1_360' title='bbox 177 3408 315 3471; x_wconf 77' lang='lat' dir='ltr'>fallitur.</span> <span class='ocrx_word' id='word_1_361' title='bbox 960 3427 1025 3488; x_wconf 83' lang='lat' dir='ltr'>qua</span> <span class='ocrx_word' id='word_1_362' title='bbox 1049 3410 1187 3472; x_wconf 91' lang='lat' dir='ltr'>laesione</span> <span class='ocrx_word' id='word_1_363' title='bbox 1215 3426 1446 3488; x_wconf 82' lang='lat' dir='ltr'>provocamur,</span> <span class='ocrx_word' id='word_1_364' title='bbox 1483 3411 1597 3473; x_wconf 78' lang='lat' dir='ltr'>furore</span> <span class='ocrx_word' id='word_1_365' title='bbox 1623 3415 1681 3474; x_wconf 88' lang='lat' dir='ltr'>aut</span> <span class='ocrx_word' id='word_1_366' title='bbox 1708 3413 1761 3475; x_wconf 86' lang='lat' dir='ltr'>ira</span> 
     </span>
     <span class='ocr_line' id='line_1_33' title="bbox 146 3507 1762 3588; baseline 0.001 -18"><span class='ocrx_word' id='word_1_367' title='bbox 146 3507 242 3571; x_wconf 90' lang='lat' dir='ltr'>Unde</span> <span class='ocrx_word' id='word_1_368' title='bbox 257 3509 290 3569; x_wconf 88' lang='lat' dir='ltr'>et</span> <span class='ocrx_word' id='word_1_369' title='bbox 309 3508 344 3569; x_wconf 93' lang='lat' dir='ltr'>in</span> <span class='ocrx_word' id='word_1_370' title='bbox 366 3524 406 3570; x_wconf 91' lang='lat' dir='ltr'>eo</span> <span class='ocrx_word' id='word_1_371' title='bbox 422 3508 619 3585; x_wconf 88' lang='lat' dir='ltr'>completum</span> <span class='ocrx_word' id='word_1_372' title='bbox 639 3510 723 3588; x_wconf 86' lang='lat' dir='ltr'>qnod</span> <span class='ocrx_word' id='word_1_373' title='bbox 747 3511 906 3572; x_wconf 88' lang='lat' dir='ltr'>Dominus</span> <span class='ocrx_word' id='word_1_374' title='bbox 961 3508 1116 3570; x_wconf 89' lang='lat' dir='ltr'>commoti</span> <span class='ocrx_word' id='word_1_375' title='bbox 1140 3507 1198 3568; x_wconf 89' lang='lat' dir='ltr'>aut</span> <span class='ocrx_word' id='word_1_376' title='bbox 1224 3507 1383 3584; x_wconf 86' lang='lat' dir='ltr'>quantum</span> <span class='ocrx_word' id='word_1_377' title='bbox 1402 3524 1590 3585; x_wconf 90' lang='lat' dir='ltr'>possumus,</span> <span class='ocrx_word' id='word_1_378' title='bbox 1615 3510 1762 3572; x_wconf 89' lang='lat' dir='ltr'>nosmet-</span> 
     </span>
     <span class='ocr_line' id='line_1_34' title="bbox 103 3604 1761 3685; baseline 0.001 -20"><span class='ocrx_word' id='word_1_379' title='bbox 103 3605 308 3685; x_wconf 85' lang='lat' dir='ltr'>promiserat</span> <span class='ocrx_word' id='word_1_380' title='bbox 339 3622 399 3683; x_wconf 86' lang='lat' dir='ltr'>per</span> <span class='ocrx_word' id='word_1_381' title='bbox 428 3606 623 3684; x_wconf 87' lang='lat' dir='ltr'>prophetam</span> <span class='ocrx_word' id='word_1_382' title='bbox 660 3608 864 3670; x_wconf 80' lang='lat' dir='ltr'>Ezechielem</span> <span class='ocrx_word' id='word_1_383' title='bbox 897 3630 904 3669; x_wconf 89' lang='lat'><strong>:</strong></span> <span class='ocrx_word' id='word_1_384' title='bbox 961 3606 1051 3684; x_wconf 87' lang='lat' dir='ltr'>ipsos</span> <span class='ocrx_word' id='word_1_385' title='bbox 1073 3605 1281 3676; x_wconf 87' lang='lat' dir='ltr'>ulciscimur,</span> <span class='ocrx_word' id='word_1_386' title='bbox 1305 3605 1363 3666; x_wconf 90' lang='lat' dir='ltr'>aut</span> <span class='ocrx_word' id='word_1_387' title='bbox 1384 3604 1470 3682; x_wconf 88' lang='lat' dir='ltr'>quod</span> <span class='ocrx_word' id='word_1_388' title='bbox 1495 3620 1562 3666; x_wconf 93' lang='lat' dir='ltr'>non</span> <span class='ocrx_word' id='word_1_389' title='bbox 1586 3622 1761 3682; x_wconf 88' lang='lat' dir='ltr'>possumus</span> 
     </span>
     <span class='ocr_line' id='line_1_35' title="bbox 113 3702 1763 3781; baseline 0.001 -16"><span class='ocrx_word' id='word_1_390' title='bbox 113 3708 198 3766; x_wconf 79' lang='lat' dir='ltr'>Vivo</span> <span class='ocrx_word' id='word_1_391' title='bbox 225 3719 303 3781; x_wconf 78' lang='lat' dir='ltr'>epo,</span> <span class='ocrx_word' id='word_1_392' title='bbox 339 3704 420 3766; x_wconf 88' lang='lat' dir='ltr'>dicit</span> <span class='ocrx_word' id='word_1_393' title='bbox 447 3705 622 3778; x_wconf 86' lang='lat' dir='ltr'>Dominus,</span> <span class='ocrx_word' id='word_1_394' title='bbox 657 3712 732 3768; x_wconf 84' lang='lat' dir='ltr'>nolo</span> <span class='ocrx_word' id='word_1_395' title='bbox 758 3707 906 3768; x_wconf 71' lang='lat' dir='ltr'>istoriam</span> <span class='ocrx_word' id='word_1_396' title='bbox 960 3704 1082 3775; x_wconf 86' lang='lat' dir='ltr'>iacere,</span> <span class='ocrx_word' id='word_1_397' title='bbox 1110 3702 1318 3765; x_wconf 89' lang='lat' dir='ltr'>mandamus.</span> <span class='ocrx_word' id='word_1_398' title='bbox 1345 3702 1450 3775; x_wconf 89' lang='lat' dir='ltr'>Unde,</span> <span class='ocrx_word' id='word_1_399' title='bbox 1471 3702 1684 3779; x_wconf 91' lang='lat' dir='ltr'>adimpletum</span> <span class='ocrx_word' id='word_1_400' title='bbox 1711 3704 1763 3766; x_wconf 86' lang='lat' dir='ltr'>est</span> 
     </span>
     <span class='ocr_line' id='line_1_36' title="bbox 96 3799 1762 3880; baseline -0.001 -15"><span class='ocrx_word' id='word_1_401' title='bbox 96 3802 307 3879; x_wconf 81' lang='lat' dir='ltr'>peccatoris.</span> <span class='ocrx_word' id='word_1_402' title='bbox 325 3802 475 3863; x_wconf 87' lang='lat' dir='ltr'>Mortuus</span> <span class='ocrx_word' id='word_1_403' title='bbox 494 3803 582 3864; x_wconf 90' lang='lat' dir='ltr'>enim</span> <span class='ocrx_word' id='word_1_404' title='bbox 597 3805 670 3865; x_wconf 88' lang='lat' dir='ltr'>erat</span> <span class='ocrx_word' id='word_1_405' title='bbox 682 3803 798 3867; x_wconf 89' lang='lat' dir='ltr'>beatus</span> <span class='ocrx_word' id='word_1_406' title='bbox 813 3807 907 3867; x_wconf 88' lang='lat' dir='ltr'>Pau·</span> <span class='ocrx_word' id='word_1_407' title='bbox 961 3802 1061 3866; x_wconf 86' lang='lat' dir='ltr'>etiarn</span> <span class='ocrx_word' id='word_1_408' title='bbox 1076 3801 1111 3862; x_wconf 93' lang='lat' dir='ltr'>in</span> <span class='ocrx_word' id='word_1_409' title='bbox 1128 3801 1202 3878; x_wconf 90' lang='lat' dir='ltr'>ipso</span> <span class='ocrx_word' id='word_1_410' title='bbox 1217 3799 1304 3878; x_wconf 85' lang='lat' dir='ltr'>quod</span> <span class='ocrx_word' id='word_1_411' title='bbox 1319 3800 1398 3862; x_wconf 91' lang='lat' dir='ltr'>olim</span> <span class='ocrx_word' id='word_1_412' title='bbox 1413 3800 1573 3862; x_wconf 90' lang='lat' dir='ltr'>Dominus</span> <span class='ocrx_word' id='word_1_413' title='bbox 1586 3816 1646 3878; x_wconf 91' lang='lat' dir='ltr'>per</span> <span class='ocrx_word' id='word_1_414' title='bbox 1663 3803 1762 3880; x_wconf 83' lang='lat' dir='ltr'>Moy-</span> 
     </span>
     <span class='ocr_line' id='line_1_37' title="bbox 103 3898 1762 3977; baseline 0 -16"><span class='ocrx_word' id='word_1_415' title='bbox 103 3902 160 3961; x_wconf 87' lang='lat' dir='ltr'>lus</span> <span class='ocrx_word' id='word_1_416' title='bbox 176 3900 298 3972; x_wconf 89' lang='lat' dir='ltr'>mente,</span> <span class='ocrx_word' id='word_1_417' title='bbox 315 3902 465 3962; x_wconf 85' lang='lat' dir='ltr'>mortuus</span> <span class='ocrx_word' id='word_1_418' title='bbox 480 3901 605 3977; x_wconf 88' lang='lat' dir='ltr'>lingua,</span> <span class='ocrx_word' id='word_1_419' title='bbox 622 3903 655 3964; x_wconf 91' lang='lat' dir='ltr'>et</span> <span class='ocrx_word' id='word_1_420' title='bbox 670 3904 820 3965; x_wconf 88' lang='lat' dir='ltr'>mortuus</span> <span class='ocrx_word' id='word_1_421' title='bbox 835 3903 907 3965; x_wconf 89' lang='lat' dir='ltr'>erat</span> <span class='ocrx_word' id='word_1_422' title='bbox 961 3917 1020 3961; x_wconf 91' lang='lat' dir='ltr'>sen</span> <span class='ocrx_word' id='word_1_423' title='bbox 1041 3898 1241 3977; x_wconf 87' lang='lat' dir='ltr'>protestatus</span> <span class='ocrx_word' id='word_1_424' title='bbox 1256 3898 1316 3970; x_wconf 90' lang='grc' dir='ltr'><strong>θεῖ,</strong></span> <span class='ocrx_word' id='word_1_425' title='bbox 1340 3898 1455 3959; x_wconf 90' lang='lat' dir='ltr'>dicens</span> <span class='ocrx_word' id='word_1_426' title='bbox 1473 3919 1480 3958; x_wconf 91' lang='lat'>:</span> <span class='ocrx_word' id='word_1_427' title='bbox 1496 3902 1583 3960; x_wconf 84' lang='lat' dir='ltr'>Ecce</span> <span class='ocrx_word' id='word_1_428' title='bbox 1609 3902 1762 3961; x_wconf 79' lang='lat' dir='ltr'>occidam</span> 
     </span>
     <span class='ocr_line' id='line_1_38' title="bbox 103 3996 1761 4083; baseline 0 -23"><span class='ocrx_word' id='word_1_429' title='bbox 103 4014 227 4071; x_wconf 90' lang='lat' dir='ltr'>manu,</span> <span class='ocrx_word' id='word_1_430' title='bbox 258 3998 359 4069; x_wconf 86' lang='lat' dir='ltr'>idest,</span> <span class='ocrx_word' id='word_1_431' title='bbox 390 4014 500 4076; x_wconf 89' lang='lat' dir='ltr'>opere.</span> <span class='ocrx_word' id='word_1_432' title='bbox 538 4000 687 4061; x_wconf 83' lang='lat' dir='ltr'>Mortuus</span> <span class='ocrx_word' id='word_1_433' title='bbox 722 4003 812 4083; x_wconf 85' lang='lat' dir='ltr'>certe</span> <span class='ocrx_word' id='word_1_434' title='bbox 835 4001 907 4063; x_wconf 85' lang='lat' dir='ltr'>erat</span> <span class='ocrx_word' id='word_1_435' title='bbox 962 3999 995 4060; x_wconf 87' lang='lat' dir='ltr'>ct</span> <span class='ocrx_word' id='word_1_436' title='bbox 1007 4002 1126 4059; x_wconf 83' lang='lat' dir='ltr'>cicera</span> <span class='ocrx_word' id='word_1_437' title='bbox 1139 3999 1278 4072; x_wconf 62' lang='lat' dir='ltr'>faciam</span> <span class='ocrx_word' id='word_1_438' title='bbox 1300 3996 1543 4071; x_wconf 70' lang='lat' dir='ltr'>perculsorum</span> <span class='ocrx_word' id='word_1_439' title='bbox 1556 4011 1620 4073; x_wconf 80' lang='lat' dir='ltr'>epo</span> <span class='ocrx_word' id='word_1_440' title='bbox 1632 4000 1761 4060; x_wconf 66' lang='lat' dir='ltr'>satiabo</span> 
     </span>
     <span class='ocr_line' id='line_1_39' title="bbox 104 4093 1760 4175; baseline 0 -18"><span class='ocrx_word' id='word_1_441' title='bbox 104 4096 234 4169; x_wconf 88' lang='lat' dir='ltr'>mente,</span> <span class='ocrx_word' id='word_1_442' title='bbox 266 4096 423 4173; x_wconf 87' lang='lat' dir='ltr'>quoniam</span> <span class='ocrx_word' id='word_1_443' title='bbox 451 4097 659 4161; x_wconf 90' lang='lat' dir='ltr'>sicutmodo</span> <span class='ocrx_word' id='word_1_444' title='bbox 688 4114 731 4160; x_wconf 85' lang='lat' dir='ltr'>ex</span> <span class='ocrx_word' id='word_1_445' title='bbox 765 4099 907 4161; x_wconf 88' lang='lat' dir='ltr'>lectione</span> <span class='ocrx_word' id='word_1_446' title='bbox 963 4095 1071 4175; x_wconf 87' lang='lat' dir='ltr'>(Dent.</span> <span class='ocrx_word' id='word_1_447' title='bbox 1088 4093 1512 4174; x_wconf 87' lang='lat' dir='ltr'>xxx11,39).0cciditenim</span> <span class='ocrx_word' id='word_1_448' title='bbox 1528 4095 1760 4172; x_wconf 83' lang='lat' dir='ltr'>enn1,quando</span> 
     </span>
     <span class='ocr_line' id='line_1_40' title="bbox 103 4176 1811 4270; baseline -0.001 -14"><span class='ocrx_word' id='word_1_449' title='bbox 103 4195 250 4256; x_wconf 74' lang='lat' dir='ltr'>actuum</span> <span class='ocrx_word' id='word_1_450' title='bbox 263 4194 495 4270; x_wconf 84' lang='lat' dir='ltr'>Apostolorum</span> <span class='ocrx_word' id='word_1_451' title='bbox 511 4194 650 4257; x_wconf 88' lang='lat' dir='ltr'>audistis</span> <span class='ocrx_word' id='word_1_452' title='bbox 672 4217 680 4256; x_wconf 76' lang='grc' dir='ltr'><strong>ε</strong></span> <span class='ocrx_word' id='word_1_453' title='bbox 703 4200 906 4259; x_wconf 84' lang='lat' dir='ltr'>Saulusad-</span> <span class='ocrx_word' id='word_1_454' title='bbox 962 4194 1039 4254; x_wconf 92' lang='lat' dir='ltr'>dum</span> <span class='ocrx_word' id='word_1_455' title='bbox 1057 4193 1121 4255; x_wconf 90' lang='lat' dir='ltr'>iter</span> <span class='ocrx_word' id='word_1_456' title='bbox 1140 4193 1268 4269; x_wconf 89' lang='lat' dir='ltr'>ageret,</span> <span class='ocrx_word' id='word_1_457' title='bbox 1299 4190 1519 4253; x_wconf 74' lang='lat' dir='ltr'>circummisit</span> <span class='ocrx_word' id='word_1_458' title='bbox 1542 4207 1617 4255; x_wconf 88' lang='lat' dir='ltr'>eum</span> <span class='ocrx_word' id='word_1_459' title='bbox 1638 4191 1698 4253; x_wconf 87' lang='lat' dir='ltr'>lux</span> <span class='ocrx_word' id='word_1_460' title='bbox 1718 4191 1760 4255; x_wconf 89' lang='lat' dir='ltr'>de</span> <span class='ocrx_word' id='word_1_461' title='bbox 1801 4176 1811 4196; x_wconf 78' lang='lat'><em>⁰</em></span> 
     </span>
     <span class='ocr_line' id='line_1_41' title="bbox 105 4288 1762 4366; baseline -0.001 -12"><span class='ocrx_word' id='word_1_462' title='bbox 105 4297 175 4354; x_wconf 81' lang='lat' dir='ltr'>lum</span> <span class='ocrx_word' id='word_1_463' title='bbox 192 4294 332 4366; x_wconf 79' lang='lat' dir='ltr'>spirans</span> <span class='ocrx_word' id='word_1_464' title='bbox 352 4295 541 4365; x_wconf 67' lang='lat' dir='ltr'>initiarum,</span> <span class='ocrx_word' id='word_1_465' title='bbox 565 4296 598 4354; x_wconf 84' lang='lat' dir='ltr'>ei</span> <span class='ocrx_word' id='word_1_466' title='bbox 619 4297 722 4355; x_wconf 79' lang='lat' dir='ltr'>credis</span> <span class='ocrx_word' id='word_1_467' title='bbox 743 4298 780 4355; x_wconf 83' lang='lat' dir='ltr'>tn</span> <span class='ocrx_word' id='word_1_468' title='bbox 800 4298 907 4356; x_wconf 81' lang='lat' dir='ltr'>disci-</span> <span class='ocrx_word' id='word_1_469' title='bbox 963 4292 1057 4364; x_wconf 91' lang='lat' dir='ltr'>coelo,</span> <span class='ocrx_word' id='word_1_470' title='bbox 1086 4292 1118 4352; x_wconf 91' lang='lat' dir='ltr'>et</span> <span class='ocrx_word' id='word_1_471' title='bbox 1140 4289 1262 4351; x_wconf 88' lang='lat' dir='ltr'>cadens</span> <span class='ocrx_word' id='word_1_472' title='bbox 1288 4289 1323 4349; x_wconf 94' lang='lat' dir='ltr'>in</span> <span class='ocrx_word' id='word_1_473' title='bbox 1349 4292 1473 4350; x_wconf 89' lang='lat' dir='ltr'>terram</span> <span class='ocrx_word' id='word_1_474' title='bbox 1501 4288 1628 4350; x_wconf 86' lang='lat' dir='ltr'>audivit</span> <span class='ocrx_word' id='word_1_475' title='bbox 1645 4306 1762 4352; x_wconf 83' lang='lat' dir='ltr'>rocem</span> 
     </span>
     <span class='ocr_line' id='line_1_42' title="bbox 31 4376 1764 4469; baseline -0.001 -18"><span class='ocrx_word' id='word_1_476' title='bbox 31 4376 43 4391; x_wconf 83' lang='grc'><strong>’</strong></span> <span class='ocrx_word' id='word_1_477' title='bbox 102 4395 206 4466; x_wconf 73' lang='lat' dir='ltr'>pulos</span> <span class='ocrx_word' id='word_1_478' title='bbox 231 4392 370 4451; x_wconf 81' lang='lat' dir='ltr'>Domini</span> <span class='ocrx_word' id='word_1_479' title='bbox 398 4389 483 4469; x_wconf 83' lang='lat' dir='ltr'>(Act.</span> <span class='ocrx_word' id='word_1_480' title='bbox 513 4405 560 4463; x_wconf 85' lang='lat' dir='ltr'>rx,</span> <span class='ocrx_word' id='word_1_481' title='bbox 585 4388 629 4469; x_wconf 90' lang='lat'>1).</span> <span class='ocrx_word' id='word_1_482' title='bbox 659 4392 811 4454; x_wconf 89' lang='lat' dir='ltr'>Mortuus</span> <span class='ocrx_word' id='word_1_483' title='bbox 837 4394 909 4455; x_wconf 88' lang='lat' dir='ltr'>erat</span> <span class='ocrx_word' id='word_1_484' title='bbox 962 4390 1126 4451; x_wconf 91' lang='lat' dir='ltr'>dicentem</span> <span class='ocrx_word' id='word_1_485' title='bbox 1140 4387 1204 4448; x_wconf 89' lang='lat' dir='ltr'>sibi</span> <span class='ocrx_word' id='word_1_486' title='bbox 1219 4389 1351 4458; x_wconf 73' lang='lat' dir='ltr'>esaiae,</span> <span class='ocrx_word' id='word_1_487' title='bbox 1364 4389 1477 4458; x_wconf 84' lang='lat' dir='ltr'>Saule,</span> <span class='ocrx_word' id='word_1_488' title='bbox 1489 4390 1570 4462; x_wconf 78' lang='lat' dir='ltr'>auid</span> <span class='ocrx_word' id='word_1_489' title='bbox 1580 4403 1634 4448; x_wconf 73' lang='lat' dir='ltr'>inc</span> <span class='ocrx_word' id='word_1_490' title='bbox 1646 4402 1764 4463; x_wconf 82' lang='lat' dir='ltr'>porse-</span> 
     </span>
     <span class='ocr_line' id='line_1_43' title="bbox 105 4472 1855 4568; baseline -0.001 -21"><span class='ocrx_word' id='word_1_491' title='bbox 105 4488 241 4563; x_wconf 75' lang='lat' dir='ltr'>lingua,</span> <span class='ocrx_word' id='word_1_492' title='bbox 273 4488 429 4564; x_wconf 86' lang='lat' dir='ltr'>quoniam</span> <span class='ocrx_word' id='word_1_493' title='bbox 468 4488 608 4550; x_wconf 88' lang='lat' dir='ltr'>accessit</span> <span class='ocrx_word' id='word_1_494' title='bbox 642 4490 682 4550; x_wconf 89' lang='lat' dir='ltr'>ad</span> <span class='ocrx_word' id='word_1_495' title='bbox 719 4490 908 4568; x_wconf 91' lang='lat' dir='ltr'>Principem</span> <span class='ocrx_word' id='word_1_496' title='bbox 962 4489 1101 4563; x_wconf 73' lang='lat' dir='ltr'>arteris?</span> <span class='ocrx_word' id='word_1_497' title='bbox 1123 4490 1260 4548; x_wconf 75' lang='lat' dir='ltr'>Dumana</span> <span class='ocrx_word' id='word_1_498' title='bbox 1285 4486 1337 4547; x_wconf 84' lang='lat' dir='ltr'>est</span> <span class='ocrx_word' id='word_1_499' title='bbox 1359 4483 1419 4545; x_wconf 84' lang='lat' dir='ltr'>tibi</span> <span class='ocrx_word' id='word_1_500' title='bbox 1440 4486 1563 4546; x_wconf 82' lang='lat' dir='ltr'>contra</span> <span class='ocrx_word' id='word_1_501' title='bbox 1582 4486 1763 4547; x_wconf 79' lang='lat' dir='ltr'>siinudam</span> <span class='ocrx_word' id='word_1_502' title='bbox 1850 4472 1855 4487; x_wconf 85' lang='lat'>&#39;</span> 
     </span>
     <span class='ocr_line' id='line_1_44' title="bbox 106 4582 1762 4662; baseline 0 -19"><span class='ocrx_word' id='word_1_503' title='bbox 106 4582 331 4655; x_wconf 84' lang='lat' dir='ltr'>sacerdotum,</span> <span class='ocrx_word' id='word_1_504' title='bbox 354 4582 388 4644; x_wconf 93' lang='lat' dir='ltr'>et</span> <span class='ocrx_word' id='word_1_505' title='bbox 401 4582 497 4660; x_wconf 89' lang='lat' dir='ltr'>petiit</span> <span class='ocrx_word' id='word_1_506' title='bbox 509 4583 550 4644; x_wconf 90' lang='lat' dir='ltr'>ab</span> <span class='ocrx_word' id='word_1_507' title='bbox 565 4600 604 4645; x_wconf 90' lang='lat' dir='ltr'>eo</span> <span class='ocrx_word' id='word_1_508' title='bbox 620 4584 778 4662; x_wconf 85' lang='lat' dir='ltr'>epistolas</span> <span class='ocrx_word' id='word_1_509' title='bbox 793 4585 827 4646; x_wconf 94' lang='lat' dir='ltr'>in</span> <span class='ocrx_word' id='word_1_510' title='bbox 842 4588 910 4647; x_wconf 90' lang='lat' dir='ltr'>Da·</span> <span class='ocrx_word' id='word_1_511' title='bbox 962 4585 1156 4648; x_wconf 84' lang='lat' dir='ltr'>calcitrare.</span> <span class='ocrx_word' id='word_1_512' title='bbox 1181 4584 1227 4644; x_wconf 82' lang='lat' dir='ltr'>at</span> <span class='ocrx_word' id='word_1_513' title='bbox 1247 4583 1399 4644; x_wconf 81' lang='lat' dir='ltr'>tremens</span> <span class='ocrx_word' id='word_1_514' title='bbox 1418 4598 1459 4643; x_wconf 91' lang='lat' dir='ltr'>ac</span> <span class='ocrx_word' id='word_1_515' title='bbox 1478 4583 1621 4655; x_wconf 68' lang='lat' dir='ltr'>strapas</span> <span class='ocrx_word' id='word_1_516' title='bbox 1641 4582 1762 4644; x_wconf 79' lang='lat' dir='ltr'>clia-it:</span> 
     </span>
     <span class='ocr_line' id='line_1_45' title="bbox 106 4680 1762 4758; baseline 0.001 -18"><span class='ocrx_word' id='word_1_517' title='bbox 106 4695 257 4741; x_wconf 86' lang='lat' dir='ltr'>rnascum</span> <span class='ocrx_word' id='word_1_518' title='bbox 273 4680 314 4741; x_wconf 90' lang='lat' dir='ltr'>ad</span> <span class='ocrx_word' id='word_1_519' title='bbox 333 4696 531 4758; x_wconf 75' lang='lat' dir='ltr'>synagogas.</span> <span class='ocrx_word' id='word_1_520' title='bbox 545 4682 695 4744; x_wconf 89' lang='lat' dir='ltr'>Mortuus</span> <span class='ocrx_word' id='word_1_521' title='bbox 711 4684 783 4745; x_wconf 88' lang='lat' dir='ltr'>erat</span> <span class='ocrx_word' id='word_1_522' title='bbox 796 4699 906 4756; x_wconf 89' lang='lat' dir='ltr'>manu,</span> <span class='ocrx_word' id='word_1_523' title='bbox 964 4687 1045 4752; x_wconf 75' lang='lat' dir='ltr'>Dicis</span> <span class='ocrx_word' id='word_1_524' title='bbox 1071 4698 1118 4755; x_wconf 83' lang='lat' dir='ltr'>es,</span> <span class='ocrx_word' id='word_1_525' title='bbox 1143 4684 1309 4744; x_wconf 75' lang='lat' dir='ltr'>Dareine?</span> <span class='ocrx_word' id='word_1_526' title='bbox 1329 4682 1376 4741; x_wconf 80' lang='lat' dir='ltr'>at</span> <span class='ocrx_word' id='word_1_527' title='bbox 1397 4683 1568 4742; x_wconf 83' lang='lat' dir='ltr'>Dominus</span> <span class='ocrx_word' id='word_1_528' title='bbox 1588 4681 1633 4739; x_wconf 77' lang='lat' dir='ltr'>aci</span> <span class='ocrx_word' id='word_1_529' title='bbox 1655 4694 1762 4742; x_wconf 74' lang='lat' dir='ltr'>erem:</span> 
     </span>
     <span class='ocr_line' id='line_1_46' title="bbox 106 4776 1764 4859; baseline 0.001 -20"><span class='ocrx_word' id='word_1_530' title='bbox 106 4777 206 4850; x_wconf 86' lang='lat' dir='ltr'>idest,</span> <span class='ocrx_word' id='word_1_531' title='bbox 232 4779 374 4851; x_wconf 89' lang='lat' dir='ltr'>actione,</span> <span class='ocrx_word' id='word_1_532' title='bbox 400 4779 556 4856; x_wconf 84' lang='lat' dir='ltr'>quoniam</span> <span class='ocrx_word' id='word_1_533' title='bbox 574 4779 648 4840; x_wconf 90' lang='lat' dir='ltr'>ideo</span> <span class='ocrx_word' id='word_1_534' title='bbox 670 4781 765 4857; x_wconf 88' lang='lat' dir='ltr'>petiit</span> <span class='ocrx_word' id='word_1_535' title='bbox 786 4782 911 4858; x_wconf 87' lang='lat' dir='ltr'>episto-</span> <span class='ocrx_word' id='word_1_536' title='bbox 963 4783 1240 4859; x_wconf 74' lang='lat' dir='ltr'>Eposurnlcsus</span> <span class='ocrx_word' id='word_1_537' title='bbox 1255 4782 1577 4850; x_wconf 76' lang='lat' dir='ltr'>Nazarannsqaem</span> <span class='ocrx_word' id='word_1_538' title='bbox 1592 4776 1630 4837; x_wconf 84' lang='lat' dir='ltr'>in</span> <span class='ocrx_word' id='word_1_539' title='bbox 1642 4792 1764 4851; x_wconf 85' lang='lat' dir='ltr'>perse-</span> 
     </span>
     <span class='ocr_line' id='line_1_47' title="bbox 106 4874 1765 4956; baseline 0.001 -20"><span class='ocrx_word' id='word_1_540' title='bbox 106 4878 174 4944; x_wconf 90' lang='lat' dir='ltr'>las,</span> <span class='ocrx_word' id='word_1_541' title='bbox 191 4877 237 4948; x_wconf 93' lang='lat' dir='ltr'>ut,</span> <span class='ocrx_word' id='word_1_542' title='bbox 264 4876 391 4954; x_wconf 86' lang='lat' dir='ltr'>siquos</span> <span class='ocrx_word' id='word_1_543' title='bbox 408 4876 589 4939; x_wconf 83' lang='lat' dir='ltr'>invenisset</span> <span class='ocrx_word' id='word_1_544' title='bbox 605 4877 794 4954; x_wconf 87' lang='lat' dir='ltr'>hujusviae,</span> <span class='ocrx_word' id='word_1_545' title='bbox 812 4880 907 4952; x_wconf 89' lang='lat' dir='ltr'>idest,</span> <span class='ocrx_word' id='word_1_546' title='bbox 964 4883 1081 4955; x_wconf 72' lang='lat' dir='ltr'>alacris</span> <span class='ocrx_word' id='word_1_547' title='bbox 1106 4876 1190 4956; x_wconf 77' lang='lat' dir='ltr'>(Act.</span> <span class='ocrx_word' id='word_1_548' title='bbox 1214 4893 1260 4949; x_wconf 86' lang='lat' dir='ltr'>rx,</span> <span class='ocrx_word' id='word_1_549' title='bbox 1284 4874 1329 4954; x_wconf 81' lang='grc'>4).</span> <span class='ocrx_word' id='word_1_550' title='bbox 1358 4876 1430 4936; x_wconf 86' lang='lat' dir='ltr'>Lux</span> <span class='ocrx_word' id='word_1_551' title='bbox 1454 4890 1528 4951; x_wconf 85' lang='lat' dir='ltr'>quae</span> <span class='ocrx_word' id='word_1_552' title='bbox 1550 4876 1599 4936; x_wconf 85' lang='lat' dir='ltr'>est</span> <span class='ocrx_word' id='word_1_553' title='bbox 1621 4874 1765 4952; x_wconf 89' lang='lat' dir='ltr'>desuper</span> 
     </span>
     <span class='ocr_line' id='line_1_48' title="bbox 106 4972 1765 5050; baseline 0 -16"><span class='ocrx_word' id='word_1_554' title='bbox 106 4973 303 5035; x_wconf 87' lang='lat' dir='ltr'>christianae</span> <span class='ocrx_word' id='word_1_555' title='bbox 328 4974 502 5050; x_wconf 86' lang='lat' dir='ltr'>religionis</span> <span class='ocrx_word' id='word_1_556' title='bbox 528 4976 727 5049; x_wconf 86' lang='lat' dir='ltr'>sectatores,</span> <span class='ocrx_word' id='word_1_557' title='bbox 755 4977 846 5038; x_wconf 89' lang='lat' dir='ltr'>viros</span> <span class='ocrx_word' id='word_1_558' title='bbox 871 4992 910 5039; x_wconf 93' lang='lat' dir='ltr'>ac</span> <span class='ocrx_word' id='word_1_559' title='bbox 965 4975 1146 5040; x_wconf 83' lang='lat' dir='ltr'>excaecarit</span> <span class='ocrx_word' id='word_1_560' title='bbox 1161 4974 1254 5034; x_wconf 91' lang='lat' dir='ltr'>illum</span> <span class='ocrx_word' id='word_1_561' title='bbox 1268 4972 1304 5033; x_wconf 89' lang='lat' dir='ltr'>in</span> <span class='ocrx_word' id='word_1_562' title='bbox 1316 4986 1465 5048; x_wconf 90' lang='lat' dir='ltr'>corpore,</span> <span class='ocrx_word' id='word_1_563' title='bbox 1479 4972 1516 5032; x_wconf 94' lang='lat' dir='ltr'>ut</span> <span class='ocrx_word' id='word_1_564' title='bbox 1529 4972 1589 5033; x_wconf 82' lang='lat' dir='ltr'>lux</span> <span class='ocrx_word' id='word_1_565' title='bbox 1603 4988 1675 5050; x_wconf 86' lang='lat' dir='ltr'>quae</span> <span class='ocrx_word' id='word_1_566' title='bbox 1689 4973 1765 5035; x_wconf 93' lang='lat' dir='ltr'>illu·</span> 
     </span>
     <span class='ocr_line' id='line_1_49' title="bbox 106 5068 1763 5150; baseline 0.001 -18"><span class='ocrx_word' id='word_1_567' title='bbox 106 5069 269 5132; x_wconf 89' lang='lat' dir='ltr'>mulieres</span> <span class='ocrx_word' id='word_1_568' title='bbox 280 5071 476 5147; x_wconf 90' lang='lat' dir='ltr'>perduceret</span> <span class='ocrx_word' id='word_1_569' title='bbox 485 5072 520 5132; x_wconf 92' lang='lat' dir='ltr'>in</span> <span class='ocrx_word' id='word_1_570' title='bbox 530 5074 725 5134; x_wconf 88' lang='lat' dir='ltr'>Jerusalem.</span> <span class='ocrx_word' id='word_1_571' title='bbox 738 5075 811 5150; x_wconf 90' lang='lat' dir='ltr'>Ipse</span> <span class='ocrx_word' id='word_1_572' title='bbox 821 5074 910 5136; x_wconf 90' lang='lat' dir='ltr'>enim</span> <span class='ocrx_word' id='word_1_573' title='bbox 965 5075 1071 5138; x_wconf 86' lang='lat' dir='ltr'>minat</span> <span class='ocrx_word' id='word_1_574' title='bbox 1095 5087 1225 5134; x_wconf 88' lang='lat' dir='ltr'>omnem</span> <span class='ocrx_word' id='word_1_575' title='bbox 1246 5069 1414 5131; x_wconf 92' lang='lat' dir='ltr'>bominem</span> <span class='ocrx_word' id='word_1_576' title='bbox 1438 5068 1643 5133; x_wconf 89' lang='lat' dir='ltr'>illuminaret</span> <span class='ocrx_word' id='word_1_577' title='bbox 1668 5071 1763 5133; x_wconf 91' lang='lat' dir='ltr'>illum</span> 
     </span>
     <span class='ocr_line' id='line_1_50' title="bbox 106 5166 1766 5249; baseline 0.002 -22"><span class='ocrx_word' id='word_1_578' title='bbox 106 5169 185 5247; x_wconf 89' lang='lat' dir='ltr'>post</span> <span class='ocrx_word' id='word_1_579' title='bbox 206 5170 347 5230; x_wconf 90' lang='lat' dir='ltr'>mortem</span> <span class='ocrx_word' id='word_1_580' title='bbox 367 5170 466 5246; x_wconf 89' lang='lat' dir='ltr'>primi</span> <span class='ocrx_word' id='word_1_581' title='bbox 487 5171 643 5249; x_wconf 80' lang='lat' dir='ltr'>martyris</span> <span class='ocrx_word' id='word_1_582' title='bbox 664 5171 823 5249; x_wconf 85' lang='lat' dir='ltr'>Stephani</span> <span class='ocrx_word' id='word_1_583' title='bbox 847 5170 909 5234; x_wconf 93' lang='lat' dir='ltr'>de·</span> <span class='ocrx_word' id='word_1_584' title='bbox 967 5176 1000 5236; x_wconf 93' lang='lat' dir='ltr'>in</span> <span class='ocrx_word' id='word_1_585' title='bbox 1015 5172 1135 5234; x_wconf 89' lang='lat' dir='ltr'>mente.</span> <span class='ocrx_word' id='word_1_586' title='bbox 1152 5172 1234 5242; x_wconf 89' lang='lat' dir='ltr'>Lux,</span> <span class='ocrx_word' id='word_1_587' title='bbox 1254 5166 1339 5230; x_wconf 90' lang='lat' dir='ltr'>idest</span> <span class='ocrx_word' id='word_1_588' title='bbox 1353 5167 1516 5240; x_wconf 88' lang='lat' dir='ltr'>Christus,</span> <span class='ocrx_word' id='word_1_589' title='bbox 1537 5168 1652 5230; x_wconf 90' lang='lat' dir='ltr'>intulit</span> <span class='ocrx_word' id='word_1_590' title='bbox 1665 5170 1766 5231; x_wconf 81' lang='lat' dir='ltr'>caeci-</span> 
     </span>
     <span class='ocr_line' id='line_1_51' title="bbox 105 5264 1765 5345; baseline 0.001 -17"><span class='ocrx_word' id='word_1_591' title='bbox 105 5264 264 5328; x_wconf 76' lang='lat' dir='ltr'>uastabat</span> <span class='ocrx_word' id='word_1_592' title='bbox 285 5267 480 5340; x_wconf 83' lang='lat' dir='ltr'>Ecclesiam,</span> <span class='ocrx_word' id='word_1_593' title='bbox 507 5284 568 5345; x_wconf 91' lang='lat' dir='ltr'>per</span> <span class='ocrx_word' id='word_1_594' title='bbox 593 5269 707 5331; x_wconf 92' lang='lat' dir='ltr'>domos</span> <span class='ocrx_word' id='word_1_595' title='bbox 729 5269 857 5331; x_wconf 88' lang='lat' dir='ltr'>intrans</span> <span class='ocrx_word' id='word_1_596' title='bbox 878 5271 912 5333; x_wconf 88' lang='lat' dir='ltr'>et</span> <span class='ocrx_word' id='word_1_597' title='bbox 964 5273 1077 5343; x_wconf 86' lang='lat' dir='ltr'>tatem,</span> <span class='ocrx_word' id='word_1_598' title='bbox 1106 5270 1139 5330; x_wconf 90' lang='lat' dir='ltr'>et</span> <span class='ocrx_word' id='word_1_599' title='bbox 1163 5266 1297 5329; x_wconf 83' lang='lat' dir='ltr'>caecitas</span> <span class='ocrx_word' id='word_1_600' title='bbox 1324 5265 1438 5330; x_wconf 89' lang='lat' dir='ltr'>intulit</span> <span class='ocrx_word' id='word_1_601' title='bbox 1463 5266 1582 5337; x_wconf 89' lang='lat' dir='ltr'>lucem,</span> <span class='ocrx_word' id='word_1_602' title='bbox 1617 5266 1694 5343; x_wconf 83' lang='lat' dir='ltr'>quia</span> <span class='ocrx_word' id='word_1_603' title='bbox 1724 5267 1765 5331; x_wconf 90' lang='lat' dir='ltr'>de</span> 
     </span>
     <span class='ocr_line' id='line_1_52' title="bbox 106 5363 1764 5446; baseline 0 -19"><span class='ocrx_word' id='word_1_604' title='bbox 106 5365 250 5427; x_wconf 88' lang='lat' dir='ltr'>trabeas</span> <span class='ocrx_word' id='word_1_605' title='bbox 269 5364 360 5425; x_wconf 88' lang='lat' dir='ltr'>viros</span> <span class='ocrx_word' id='word_1_606' title='bbox 386 5381 426 5425; x_wconf 89' lang='lat' dir='ltr'>ac</span> <span class='ocrx_word' id='word_1_607' title='bbox 447 5366 616 5440; x_wconf 89' lang='lat' dir='ltr'>mulieres,</span> <span class='ocrx_word' id='word_1_608' title='bbox 641 5366 857 5446; x_wconf 87' lang='lat' dir='ltr'>tradebatque</span> <span class='ocrx_word' id='word_1_609' title='bbox 875 5369 911 5430; x_wconf 90' lang='lat' dir='ltr'>in</span> <span class='ocrx_word' id='word_1_610' title='bbox 967 5369 1068 5431; x_wconf 88' lang='lat' dir='ltr'>saulo</span> <span class='ocrx_word' id='word_1_611' title='bbox 1096 5367 1204 5428; x_wconf 80' lang='lat' dir='ltr'>factus</span> <span class='ocrx_word' id='word_1_612' title='bbox 1228 5365 1279 5426; x_wconf 90' lang='lat' dir='ltr'>est</span> <span class='ocrx_word' id='word_1_613' title='bbox 1306 5364 1448 5436; x_wconf 88' lang='lat' dir='ltr'>Paulus,</span> <span class='ocrx_word' id='word_1_614' title='bbox 1485 5363 1526 5424; x_wconf 91' lang='lat' dir='ltr'>de</span> <span class='ocrx_word' id='word_1_615' title='bbox 1552 5374 1764 5440; x_wconf 84' lang='lat' dir='ltr'>persecutore</span> 
     </span>
     <span class='ocr_line' id='line_1_53' title="bbox 106 5461 1766 5544; baseline 0 -19"><span class='ocrx_word' id='word_1_616' title='bbox 106 5461 309 5525; x_wconf 89' lang='lat' dir='ltr'>custodiam.</span> <span class='ocrx_word' id='word_1_617' title='bbox 327 5463 454 5524; x_wconf 84' lang='lat' dir='ltr'>Etcum</span> <span class='ocrx_word' id='word_1_618' title='bbox 469 5463 674 5526; x_wconf 89' lang='lat' dir='ltr'>tnmcrudeli</span> <span class='ocrx_word' id='word_1_619' title='bbox 687 5466 791 5527; x_wconf 85' lang='lat' dir='ltr'>morte</span> <span class='ocrx_word' id='word_1_620' title='bbox 807 5467 911 5544; x_wconf 91' lang='lat' dir='ltr'>spiri·</span> <span class='ocrx_word' id='word_1_621' title='bbox 967 5469 1072 5530; x_wconf 83' lang='lat' dir='ltr'>iactus</span> <span class='ocrx_word' id='word_1_622' title='bbox 1093 5465 1144 5527; x_wconf 92' lang='grc' dir='ltr'><strong>θεῖ</strong></span> <span class='ocrx_word' id='word_1_623' title='bbox 1170 5463 1380 5541; x_wconf 88' lang='lat' dir='ltr'>praedicator,</span> <span class='ocrx_word' id='word_1_624' title='bbox 1410 5461 1452 5522; x_wconf 92' lang='lat' dir='ltr'>de</span> <span class='ocrx_word' id='word_1_625' title='bbox 1480 5461 1558 5539; x_wconf 92' lang='lat' dir='ltr'>lupo</span> <span class='ocrx_word' id='word_1_626' title='bbox 1582 5462 1689 5523; x_wconf 86' lang='lat' dir='ltr'>lactus</span> <span class='ocrx_word' id='word_1_627' title='bbox 1715 5464 1766 5526; x_wconf 88' lang='lat' dir='ltr'>est</span> 
     </span>
     <span class='ocr_line' id='line_1_54' title="bbox 106 5546 1766 5643; baseline -0.001 -18"><span class='ocrx_word' id='word_1_628' title='bbox 106 5560 195 5625; x_wconf 85' lang='lat' dir='ltr'>tuali</span> <span class='ocrx_word' id='word_1_629' title='bbox 209 5560 362 5621; x_wconf 89' lang='lat' dir='ltr'>mortuus</span> <span class='ocrx_word' id='word_1_630' title='bbox 377 5562 476 5632; x_wconf 90' lang='lat' dir='ltr'>esset,</span> <span class='ocrx_word' id='word_1_631' title='bbox 502 5562 544 5625; x_wconf 90' lang='lat' dir='ltr'>ad</span> <span class='ocrx_word' id='word_1_632' title='bbox 564 5562 667 5624; x_wconf 81' lang='lat' dir='ltr'>ritum</span> <span class='ocrx_word' id='word_1_633' title='bbox 691 5563 751 5638; x_wconf 87' lang='lat' dir='ltr'>est,</span> <span class='ocrx_word' id='word_1_634' title='bbox 773 5565 913 5628; x_wconf 77' lang='lat' dir='ltr'>vocante</span> <span class='ocrx_word' id='word_1_635' title='bbox 967 5546 1088 5643; x_wconf 86' lang='lat' dir='ltr'>agnus,</span> <span class='ocrx_word' id='word_1_636' title='bbox 1114 5563 1155 5624; x_wconf 91' lang='lat' dir='ltr'>de</span> <span class='ocrx_word' id='word_1_637' title='bbox 1174 5561 1441 5640; x_wconf 88' lang='lat' dir='ltr'>blasphematore</span> <span class='ocrx_word' id='word_1_638' title='bbox 1465 5558 1571 5622; x_wconf 84' lang='lat' dir='ltr'>lacius</span> <span class='ocrx_word' id='word_1_639' title='bbox 1594 5560 1645 5621; x_wconf 92' lang='lat' dir='ltr'>est</span> <span class='ocrx_word' id='word_1_640' title='bbox 1665 5575 1766 5623; x_wconf 86' lang='lat' dir='ltr'>verus</span> 
     </span>
     <span class='ocr_line' id='line_1_55' title="bbox 106 5657 1131 5729; baseline -0.003 -6"><span class='ocrx_word' id='word_1_641' title='bbox 106 5657 466 5729; x_wconf 67' lang='lat' dir='ltr'>Dominurerocatus.</span> <span class='ocrx_word' id='word_1_642' title='bbox 967 5660 1131 5724; x_wconf 89' lang='lat' dir='ltr'>laudator.</span> 
     </span>
    </p>
   </div>
   <div class='ocr_carea' id='block_1_3' title="bbox 0 0 1911 6164">
    <p class='ocr_par' dir='ltr' id='par_1_3' title="bbox 0 0 1911 6164">
     <span class='ocr_line' id='line_1_56' title="bbox 0 0 1911 6164; baseline 0 0"><span class='ocrx_word' id='word_1_643' title='bbox 0 0 1911 6164; x_wconf 95' lang='lat' dir='ltr'> </span> 
     </span>
    </p>
   </div>
  </div>
 </body>
</html>
