3794 6166
116 315 176 379 311
582 317 761 382 nononu
781 321 828 381 111
848 319 998 381 ornan.
1012 347 1054 365 -
1068 319 1300 381 sumuouus.
1342 286 1345 291 ’
1706 323 1769 383 312

118 474 175 554 qul
190 476 305 553 gentes
319 477 534 543 introducunt
546 477 588 541 ad
602 478 712 542 fldem.
725 482 772 542 be
793 479 912 560 quibus
968 479 1003 541 in
1017 479 1125 543 modio
1139 466 1428 559 luporum,·idost,
1451 480 1486 541 in
1508 478 1617 540 medio
1632 481 1651 541 J
1654 479 1770 542 udasc-

117 574 227 652 inquit
249 576 449 638 Psalmista:
469 578 599 656 Dtrtptt
613 582 780 640 Dominus
789 580 914 654 portas
967 593 1051 650 rum,
1068 579 1186 656 quibus
1200 581 1347 642 loannes
1367 578 1514 655 Baptista
1533 577 1675 650 dicebat,
1693 594 1769 640 cum

116 675 199 735 Stoa
222 689 329 749 suaper
347 678 462 736 emota
487 676 705 738 tabernacula
718 680 821 739 Jacob
842 675 911 755 (Ps.
968 691 988 736 a
1010 675 1137 738 Judaeis
1155 677 1435 752 interrogaretur,
1453 676 1527 752 quis
1553 676 1651 747 esset,
1681 675 1769 752 quod

117 772 167 842 86,
183 769 228 849 2).
245 771 308 833 Sed
330 773 363 834 et
376 773 525 836 Christus
539 775 663 837 ostium
675 776 725 837 est
739 774 911 847 ostiorum,
967 773 1090 850 putatis
1115 789 1167 835 me
1181 789 1265 845 esse,
1282 789 1349 834 non
1371 789 1444 833 sum
1463 789 1535 848 ego,
1552 776 1688 834 enodius
1704 789 1771 834 etc-

118 867 174 949 qui
190 869 230 930 de
252 885 287 931 se
302 869 369 932 ait:
385 876 551 949 Egestam
573 873 727 935 ostium..
751 871 860 950 (toan.
877 888 910 943 ι,
968 871 1038 931 tem
1072 871 1228 932 vestitam
1260 871 1373 942 stetit,
1399 885 1500 944 quem
1532 886 1592 932 cos
1628 871 1771 931 rtescttts

116 963 163 1044 9).
175 968 334 1030 Custodes
345 970 489 1032 civitatis
500 973 576 1032 sunt
585 971 731 1032 rectores
743 969 911 1041 Ecclesiae,
969 965 1079 1045 (dean.
1093 984 1116 1041 1,
1131 967 1200 1046 26).
1214 970 1250 1028 ln
1265 983 1379 1029 eorum
1404 968 1513 1028 medio
1538 968 1629 1029 misit
1651 968 1769 1028 Domi-

118 1062 246 1127 scilicet
259 1067 452 1143 Apostoliet
463 1068 636 1145 apostolici
651 1067 731 1139 viri,
744 1065 913 1145 dequibus
968 1082 1030 1126 nus
1057 1066 1242 1142 Apostolos,
1273 1067 1368 1143 quasi
1394 1066 1428 1125 in
1463 1065 1571 1127 medio
1601 1066 1769 1141 luporum.

118 1176 240 1239 sponsa
264 1163 344 1226 dicit
362 1165 396 1225 in
423 1165 593 1228 Canticis:
620 1164 834 1226 [revenerunt
858 1179 913 1225 me
967 1165 1048 1223 Tres
1084 1163 1173 1225 enim
1201 1163 1279 1224 sunt
1310 1163 1437 1240 species
1472 1163 1647 1240 luporum,
1683 1162 1772 1225 inter

117 1262 238 1337 ctgttes
256 1266 315 1335 qut
328 1263 523 1324 custodiunt
542 1262 718 1324 civitatem
731 1261 838 1339 (Cant.
864 1277 911 1332 ιιι,
968 1278 1050 1338 quos
1076 1262 1167 1323 misit
1189 1261 1348 1323 Dominus
1377 1277 1455 1322 oves
1479 1276 1578 1322 suas:
1595 1261 1704 1337 prima
1719 1263 1773 1322 est

119 1355 162 1435 1).
180 1359 243 1420 Sed
263 1359 296 1420 et
308 1359 460 1420 Christus
475 1361 525 1422 est
544 1360 655 1421 custos
671 1358 857 1428 custodum,
873 1358 913 1420 de
967 1357 1227 1431 daemoniorum,
1272 1358 1416 1419 secunda
1443 1359 1712 1434 persecutorum,
1738 1360 1772 1420 ct

117 1470 182 1531 quo
198 1454 337 1531 legitur:
354 1460 406 1518 Ad
421 1473 477 1519 me
492 1458 617 1520 clamat
632 1472 679 1519 ecc
693 1458 783 1527 Setr,
799 1457 913 1518 custos
966 1456 1066 1518 tertia
1095 1456 1339 1518 haereticorum.
1368 1456 1482 1517 Pri-ma
1511 1456 1640 1533 species
1669 1456 1770 1532 lupo-

117 1555 198 1629 qm‘d
220 1557 262 1614 de
278 1553 399 1615 nectet
414 1555 529 1616 costos
549 1557 630 1629 quid
652 1557 693 1616 de
714 1554 833 1615 nectet
854 1552 911 1632 (ls.
967 1569 1041 1614 rum
1062 1554 1151 1631 rapit
1165 1555 1198 1616 et
1216 1553 1377 1632 dispergit
1399 1569 1478 1615 oves
1493 1553 1628 1626 Christi,
1644 1553 1769 1630 volup-

117 1642 190 1720 ιιι,
209 1650 270 1728 11).
297 1651 455 1712 Custodes
477 1651 663 1712 animarum
689 1652 767 1711 sunt
789 1650 911 1726 angeli,
966 1651 1052 1714 tates
1074 1651 1189 1712 saeculi
1215 1651 1444 1728 suggerendo;
1462 1650 1607 1712 secunda
1628 1649 1774 1711 iraudu-

118 1743 914 1826 dequibusVeritasait:Anpetteorumsempcr
967 1748 1075 1810 lenter
1085 1750 1118 1810 et
1128 1749 1290 1811 violenter
1300 1749 1424 1827 iniquis
1434 1747 1775 1823 manibuslaniand03

117 1846 368 1918 videntseciem
380 1844 642 1917 Potrtsfflatth.
657 1862 752 1919 xvur,
768 1847 831 1916 10).
845 1846 913 1906 Nos
966 1846 1066 1908 tertia
1091 1846 1320 1908 fraudulenter
1347 1846 1459 1908 verbis
1481 1845 1659 1906 fallacibus
1690 1861 1774 1906 sua-

118 1955 209 2017 ergo,
227 1943 337 2019 patres
357 1946 390 2005 et
408 1943 539 2016 fratres,
556 1945 702 2022 episcopi
718 1946 750 2006 et
765 1942 911 2014 abbates,
968 1944 1087 2006 dendo.
1117 1946 1163 2006 De
1187 1945 1295 2022 prima
1324 1943 1406 2006 dicit
1431 1944 1590 2005 Dominus
1605 1943 1640 2004 in
1665 1946 1779 2004 Evan-

118 2040 913 2117 nospraelatisumusturrismurorumquiipsos
967 2041 1342 2117 geli0:Lupusrepttet
1352 2043 1521 2117 euperpa
1531 2040 1731 2120 oves(Joan.
1742 2057 1777 2112 ι,

118 2152 231 2198 muros
259 2140 374 2201 contra
397 2138 572 2200 haereticos
594 2140 724 2200 munire
744 2138 911 2208 dehemus
971 2137 1034 2208 12).
1063 2140 1174 2215 Lupus
1200 2138 1290 2214 rapit
1326 2153 1428 2210 eree,
1455 2138 1586 2214 quando
1621 2137 1777 2199 diabolus

118 2233 196 2312 quia
218 2236 348 2311 praelati
375 2235 532 2297 Ecclesiae
558 2237 786 2298 ecclesiastica
806 2251 914 2296 sacra·
969 2236 1075 2297 tentat
1090 2238 1123 2297 et
1138 2235 1302 2297 subvertit
1312 2237 1423 2313 justos
1438 2235 1554 2296 fideles
1567 2236 1600 2297 et
1619 2236 1777 2297 timentes

118 2333 227 2393 menta
250 2332 369 2394 debent
394 2333 539 2395 viriliter
559 2333 744 2396 defensare.
767 2336 846 2394 Haec
865 2333 915 2393 est
969 2334 1086 2405 Deum,
1103 2333 1192 2394 sicut
1206 2332 1286 2394 dicit
1302 2333 1420 2396 beatus
1436 2334 1617 2410 Gregorius
1633 2356 1640 2392 :
1657 2351 1675 2393 c
1692 2333 1780 2394 Nul-

118 2428 207 2490 enim
220 2429 322 2491 turris
336 2431 439 2491 David
454 2432 558 2508 posita
574 2432 690 2493 contra
704 2434 912 2501 Damascum,
968 2429 1022 2490 lus
1036 2430 1072 2490 in
1087 2430 1150 2491 bac
1165 2430 1411 2507 vitajustorum
1424 2431 1526 2503 venit,
1550 2431 1607 2508 qui
1623 2447 1689 2492 non
1710 2447 1778 2492 an-

118 2525 216 2598 idest,
237 2528 352 2589 contra
377 2528 562 2601 haereticos,
592 2544 612 2590 a
642 2544 706 2606 qua
731 2527 915 2604 dependent
969 2527 1055 2604 tiqui
1078 2526 1184 2589 hostis
1207 2527 1350 2589 insidias
1365 2544 1484 2604 passus
1500 2529 1585 2590 sit».
1603 2530 1690 2590 Nam
1705 2529 1777 2590 dae-

118 2621 210 2684 mille
238 2623 347 2700 clypei
375 2624 543 2697 deaurati,
564 2625 672 2687 omnis
701 2625 829 2686 scilicet
854 2639 913 2685 ar·
969 2639 1085 2685 mones
1100 2624 1266 2685 neminem
1278 2623 1476 2686 intentatum
1488 2625 1694 2702 relinquunt,
1710 2626 1776 2686 nisi

119 2720 249 2782 matura
267 2721 413 2795 fortium,
441 2722 537 2795 idest,
562 2723 777 2786 auctoritates
804 2724 914 2783 Sacrae
968 2719 1064 2780 illum
1080 2737 1177 2799 quem
1193 2721 1264 2781 suis
1279 2722 1548 2798 suggestionibus
1567 2722 1776 2785 obedientem

120 2817 317 2894 Scripturas,
349 2819 468 2897 quibus
498 2820 612 2880 contra
641 2819 818 2880 baereticos
852 2821 916 2879 ltc-
969 2817 1160 2894 inveniunt;
1174 2822 1208 2880 et
1221 2819 1370 2896 ipsorum
1386 2821 1436 2882 est
1450 2835 1571 2896 magna
1593 2820 1723 2892 laetitia,
1750 2820 1779 2880 si

119 2913 232 2975 clesiae
260 2918 468 2978 sacramenta
501 2917 578 2977 sunt
603 2916 820 2989 defendenda,
839 2918 873 2978 et
895 2932 915 2977 a
969 2914 1094 2976 honum
1109 2917 1219 2978 virum
1234 2917 1404 2994 potuerint
1423 2917 1615 2980 subvertere
1631 2933 1651 2978 a
1667 2919 1775 2996 justi-

120 3011 593 3089 quibusetiamauctoritatem
607 3013 714 3092 clypei
729 3014 915 3091 debentju-
970 3014 1028 3075 tia.
1059 3013 1154 3075 Unde
1177 3013 1212 3074 in
1241 3014 1369 3092 psalmo
1398 3018 1491 3083 :out
1515 3016 1684 3077 tributent
1708 3031 1776 3088 one,

118 3108 205 3186 giter
220 3109 420 3187 dependere;
435 3111 471 3172 ut
483 3110 546 3172 etsi
557 3114 767 3188 opponantur
781 3113 916 3174 illorum
970 3111 1180 3185 emorraeum,
1196 3115 1228 3173 st
1244 3113 1360 3174 motus
1370 3115 1472 3188 suero
1485 3112 1555 3192 (Ps.
1571 3129 1634 3183 ιιι,
1650 3112 1697 3193 5).
1712 3116 1782 3175 bla-

119 3206 307 3279 tendiculae,
329 3224 468 3285 quorum
486 3224 594 3271 sermo
610 3210 713 3286 serpit
728 3211 764 3272 ut
783 3225 917 3283 cancer,
970 3208 1054 3285 ligni
1068 3209 1236 3271 daemones
1249 3209 1412 3272 tribulant
1432 3225 1503 3282 nos,
1519 3210 1649 3287 quoties
1665 3211 1780 3272 diver·

120 3304 157 3363 ut
171 3305 329 3380 sagittent
343 3306 377 3366 in
388 3305 528 3368 obscuro
542 3308 650 3367 rectos
664 3307 775 3379 corde,
788 3307 916 3384 sagittae
972 3306 1019 3366 sis
1036 3306 1275 3368 tentationibus
1298 3307 1450 3369 lacerant
1471 3309 1598 3368 mentes
1625 3310 1772 3369 nostras.

120 3400 269 3476 ipsorum
286 3404 499 3480 parvulorum
524 3403 605 3464 llant
623 3403 711 3465 sicut
728 3405 835 3482 plagae
855 3421 918 3466 eo·
973 3404 1041 3481 ipsi
1072 3405 1232 3477 exultant,
1261 3405 1290 3466 si
1316 3421 1489 3466 movemur
1520 3405 1773 3476 tentationibus,

120 3513 205 3571 rum,
223 3503 256 3562 et
275 3518 348 3564 cum
369 3498 483 3580 e'repta
503 3501 602 3562 luerit
618 3502 732 3563 anima
749 3504 864 3566 nostra
879 3502 919 3563 de
973 3502 1068 3573 idest,
1079 3502 1304 3563 consentimus
1315 3502 1413 3563 malis
1426 3519 1500 3579 quae
1513 3502 1578 3579 ipsi
1590 3504 1777 3578 suggerunt

119 3594 239 3672 laqueo
252 3600 457 3673 venantium,
470 3599 594 3662 frustra
600 3600 749 3677 jaciatur
757 3602 828 3662 rete
844 3601 919 3661 ante
974 3599 1080 3661 nobis.
1099 3600 1162 3661 Sed
1177 3599 1334 3661 debemus
1350 3600 1517 3660 confidere
1531 3601 1565 3659 in
1581 3600 1781 3660 misericor-

120 3694 234 3756 oculos
247 3699 477 3774 pennatorum.
974 3697 1030 3758 dia
1056 3697 1126 3768 Dei,
1157 3697 1336 3758 secundum
1364 3696 1450 3773 quod
1471 3696 1553 3758 dicit
1568 3696 1750 3758 Psalmisla
1771 3719 1778 3758 :

159 3792 229 3852 Nos
245 3796 344 3856 etlam
358 3795 487 3873 praelati
509 3809 624 3855 sumus
638 3793 793 3854 custodes
808 3810 922 3854 muro·
976 3796 1222 3879 clamaverunt
1241 3798 1285 3855 od
1310 3797 1500 3856 Dominum
1518 3809 1599 3855 cum
1627 3795 1777 3855 tribulo-

121 3903 207 3960 rum,
221 3893 254 3952 et
264 3892 338 3953 ideo
349 3892 504 3954 debemus
516 3892 604 3967 ipsos
617 3905 730 3950 muros
742 3891 921 3951 sollicitius
975 3889 1111 3959 rentur,
1137 3890 1171 3950 et
1199 3893 1240 3951 de
1265 3891 1525 3951 necessitatibus
1549 3905 1672 3951 cerum
1697 3894 1781 3952 ttbc-

121 3987 299 4061 custodire,
311 3990 407 4067 juxta
423 3989 508 4067 quod
521 3987 698 4065 Apostolus
707 3987 923 4050 docetTimo-
976 3987 1069 4047 ravit
1094 4001 1152 4047 eos
1175 3984 1244 4064 (Ps.
1267 3988 1334 4059 106,
1351 3985 1397 4066 6).
1424 3988 1545 4064 Magna
1569 3989 1659 4048 enim
1683 3987 1779 4048 nobis

120 4085 233 4147 theum
251 4109 258 4146 :
274 4088 475 4162 Depositum
500 4087 641 4149 custodi.
658 4086 728 4145 Nos
747 4085 847 4147 etiam
860 4102 921 4146 su·
976 4083 1027 4144 est
1042 4083 1240 4159 persecutio,
1257 4084 1414 4160 Apostolo
1428 4085 1616 4156 attestante,
1633 4085 1690 4160 qui
1705 4086 1776 4146 ait:

122 4198 196 4245 mus
211 4184 329 4261 vigiles
350 4201 532 4258 murorum,
549 4186 582 4246 et
602 4183 678 4244 ideo
693 4182 851 4245 debemus
871 4200 923 4244 su·
975 4184 1054 4243 Non
1069 4182 1120 4241 cst
1135 4183 1230 4242 atobts
1249 4182 1439 4242 coniectatio
1453 4183 1623 4243 adversus
1636 4196 1779 4243 carnem

123 4298 182 4361 per
205 4300 318 4346 muros
348 4283 438 4362 ipsos
462 4283 641 4346 instantius
667 4281 819 4358 vigilare,
845 4283 944 4360 quia·
978 4279 1011 4341 et
1037 4281 1264 4352 sauguinem,
1292 4282 1353 4339 sed
1382 4282 1551 4340 adversus
1581 4281 1780 4353 spirttuelte

124 4382 242 4445 tectus
260 4387 312 4446 ttte
335 4398 471 4456 servus,
485 4398 587 4459 quern
603 4395 682 4443 mem
699 4381 834 4442 venerit
850 4385 922 4442 Do·
978 4377 1140 4450 iteponere
1152 4379 1189 4436 tn
1203 4377 1394 4438 coelestibus
1410 4373 1506 4451 (pr.
1521 4391 1568 4444 ιι,
1585 4377 1649 4454 12).
1668 4378 1778 4452 Lupus

122 4483 239 4543 antaeus
259 4485 345 4555 ejas,
360 4483 533 4544 invenerit
544 4480 746 4556 vigilantem
756 4475 849 4556 (Luc.
861 4494 921 4549 ιιι,
979 4473 1139 4550 dispergit
1154 4489 1233 4535 oves
1248 4473 1378 4551 quando
1392 4473 1494 4536 mittit
1505 4472 1708 4534 discordiam
1724 4473 1778 4532 in·
1835 4518 1845 4532 .

124 4577 189 4660 37).
213 4580 276 4642 Sed
293 4596 470 4642 caveamus
493 4595 554 4640 nos
568 4575 709 4656 praelati,
731 4591 773 4636 ne
793 4576 850 4653 qui
864 4575 924 4636 de·
978 4575 1030 4635 ter
1044 4570 1173 4633 iratres.

124 4677 239 4741 bemus
269 4694 342 4740 esse
368 4678 520 4740 custodes
536 4677 651 4737 contra
670 4673 795 4742 hostes,
820 4673 924 4733 simus
1019 4672 1065 4730 De
1085 4669 1229 4729 secunda
1244 4668 1278 4729 in
1292 4667 1525 4729 Ecclesiastico
1541 4689 1549 4728 :
1566 4667 1602 4729 Si
1626 4681 1778 4728 commu-

124 4779 235 4856 potius
261 4779 407 4840 latrones
429 4793 508 4854 erga
535 4775 634 4846 cives,
652 4788 693 4833 ne
714 4771 787 4849 ipsa
808 4771 924 4833 ciuitas
980 4767 1142 4830 uicaverit
1167 4766 1265 4844 lupus
1293 4782 1392 4842 agno,
1418 4766 1467 4826 sic
1495 4766 1649 4842 peccator
1673 4767 1777 4842 justo.

125 4877 244 4940 merito
273 4876 496 4953 conqueratur
514 4875 548 4936 et
575 4871 662 4933 dicat
682 4892 689 4930 :
710 4870 925 4933 Itooeoeruut
980 4864 1207 4928 Communicat
1220 4865 1316 4941 lupus
1331 4880 1429 4939 agno,
1447 4864 1664 4940 quotiescum
1680 4864 1783 4925 devo-

125 4990 181 5041 ,ηρ
196 4978 352 5053 φήμης...
980 4965 1033 5026 rat
1046 4978 1104 5025 ore
1114 4962 1222 5023 avido.
1237 4964 1308 5022 Hoc
1321 4962 1407 5021 idem
1418 4960 1498 5022 lacit
1512 4963 1777 5038 peccatorjusto,

167 5074 323 5152 Sequitur
337 5095 344 5132 ε
358 5090 377 5133 c
389 5075 471 5133 Ecce
486 5085 548 5146 ego
564 5067 658 5130 mitto
673 5083 733 5128 vos
746 5065 832 5127 sicut
847 5081 926 5127 oves
981 5060 1111 5140 quando
1136 5060 1224 5137 rapit
1249 5061 1282 5120 et
1302 5059 1395 5136 ponit
1416 5058 1556 5119 insidias
1576 5060 1613 5120 in
1635 5059 1777 5130 occulto,

125 5173 195 5234 «in
220 5171 328 5233 medio
353 5170 516 5246 luporum.
544 5168 629 5228 Nam
659 5164 745 5226 sicut
770 5162 860 5224 misit
875 5179 927 5223 me
981 5160 1059 5238 quia
1084 5159 1164 5219 mali
1192 5159 1225 5219 et
1253 5157 1402 5234 perversi
1426 5172 1556 5233 semper
1579 5157 1783 5217 insidiantur

126 5273 263 5333 «Pater
277 5270 310 5330 et
332 5285 393 5343 ego
422 5268 515 5328 mitto
537 5281 596 5326 vos
623 5262 732 5343 (toan.
754 5278 811 5334 ιι,
828 5259 882 5339 21)
896 5279 925 5320 p.
981 5258 1078 5318 bonis
1099 5258 1132 5318 et
1143 5255 1255 5333 justis.
1283 5255 1378 5327 Quia,
1403 5255 1490 5315 sicut
1517 5255 1620 5331 piscis
1642 5270 1782 5330 maguus

128 5370 230 5430 Pater
246 5368 335 5428 misit
349 5382 401 5426 me
415 5365 456 5426 ad
473 5364 672 5442 passionem,
688 5360 728 5421 ad
745 5375 877 5422 crucem
896 5359 928 5419 et
983 5356 1120 5416 devorat
1147 5354 1304 5424 minores
1328 5353 1376 5413 ita
1401 5354 1592 5428 peccatores
1618 5352 1780 5412 devorant

129 5466 171 5527 ad
188 5468 338 5527 mortem.
367 5464 415 5536 llt,
433 5477 494 5540 epo
523 5461 622 5521 mitto
649 5475 710 5521 oos
728 5459 767 5520 ut
783 5459 871 5519 eutis
895 5458 927 5517 et
980 5455 1101 5531 justos.
1127 5451 1217 5513 Unde
1239 5452 1274 5511 iu
1292 5450 1436 5511 canticis
1450 5449 1660 5510 canticorum
1679 5452 1785 5510 :Filii

125 5562 439 5636 tructummuttum
453 5560 611 5636 afferetis
626 5555 929 5631 etsrnctusoester
983 5552 1109 5613 ascetria
1147 5565 1234 5611 artem
1276 5548 1523 5624 properaverunt
1566 5547 1690 5607 contro
1728 5562 1783 5607 one

128 5661 271 5725 molteot
284 5658 393 5740 (Joan.
410 5675 465 5730 xv,
490 5654 554 5737 16).
571 5655 692 5716 Missus
707 5656 758 5716 est
771 5652 929 5714 Dominus
984 5648 1092 5729 (Cant.
1109 5664 1132 5720 1,
1159 5645 1205 5728 5).
1219 5646 1326 5725 Mater
1338 5646 1451 5708 nostra
1467 5644 1517 5706 est
1532 5643 1691 5716 Ecclesia,
1708 5659 1781 5721 quae
