3802 6166
762 275 991 339 EPISTOLAE.
1014 276 1093 336 LIB.
1116 277 1142 337 1.

505 442 554 529 ul
749 576 755 611 ι

198 647 251 704 116
269 646 476 706 obbattsram
491 647 636 721 nattam,
651 650 856 711 marterterae·

442 746 480 804 io
496 746 612 807 Natta.

424 858 457 915 16
471 856 533 915 dec.
550 858 628 917 talo.

189 977 298 1043 [Niesert
310 979 427 1031 blunstcr.
444 982 656 1034 Urlrundenboclr.
670 983 699 1034 Τ.
718 984 748 1041 11,
760 999 785 1048 [1.
796 983 862 1046 tto]

130 1133 214 1187 tutte
229 1131 380 1188 abbatissae
402 1133 567 1190 monasterii
588 1134 616 1191 in
637 1134 721 1191 Nutlo
741 1134 920 1192 advocatiam

167 1221 336 1277 monasterii
356 1221 411 1290 sui,
428 1236 514 1293 qrram
533 1220 652 1279 Adoilus
671 1222 706 1279 de
722 1224 786 1281 liolt
804 1231 833 1281 et
855 1226 921 1281 ltot·

167 1324 252 1382 geras
260 1307 419 1367 deNutloei
428 1311 489 1368 vice
502 1311 545 1369 sui
554 1310 685 1382 coenobii,
695 1313 922 1385 resignaverant,

168 1397 328 1455 eonllrmat.

169 1522 337 1585 Honorius
370 1526 559 1603 episcopua,
598 1542 715 1589 servus
750 1544 923 1589 servorum

129 1619 199 1691 Dei,
228 1619 356 1682 dilectae
380 1622 414 1682 in
436 1623 567 1684 Christo
586 1622 664 1685 tiliae
680 1627 793 1697 Juttaa,
816 1624 923 1686 abba·

128 1717 221 1778 tissae
237 1720 429 1780 monasterii
443 1720 480 1780 in
495 1719 607 1793 Nutlo,
622 1722 763 1783 salutem
778 1724 811 1784 et
825 1737 925 1799 apos-

130 1815 264 1876 tolicam
279 1815 554 1878 benedictionem.

169 1914 250 1972 Cum
270 1928 289 1973 a
311 1913 407 1975 nobis
426 1915 550 1991 petitur
568 1914 654 1993 quod
672 1919 799 1994 justum
816 1919 868 1980 est
890 1918 923 1979 et

129 2009 316 2082 honestum,
334 2011 401 2071 tam
422 2012 519 2087 vigor
535 2013 700 2090 aequitatis
720 2030 817 2091 quam
842 2015 923 2076 ordo

129 2107 234 2181 exigit
252 2108 402 2179 rationis,
420 2110 456 2170 ut
469 2108 503 2170 id
517 2125 576 2186 per
593 2109 850 2174 sollicitudinem
872 2112 925 2174 oi-

128 2203 196 2264 tlcii
218 2205 323 2265 nostri
345 2205 489 2267 debitum
513 2208 735 2285 consequatur
757 2210 921 2271 ellectum.

127 2303 327 2391 Eapropter,¹
347 2302 466 2365 dilecta
481 2304 517 2364 in
529 2305 669 2366 Domino
680 2305 761 2378 lilia,
776 2306 843 2368 tuis
853 2308 925 2384 ius·

128 2398 171 2459 tis
192 2400 470 2474 postulationibus
493 2404 589 2477 grato
604 2406 838 2465 concurrentes
862 2420 921 2466 as-

128 2511 239 2567 sensu,
254 2496 461 2559 advocatiam
477 2500 668 2562 monasterii
682 2501 741 2573 tui,
758 2517 857 2579 quam
867 2518 924 2563 no·

129 2592 207 2653 bilis
224 2593 277 2653 vir
297 2593 434 2656 Adolius
458 2596 498 2656 de
525 2597 603 2658 Holt
630 2599 664 2659 et
691 2600 854 2675 Rotgerus
882 2599 923 2661 de

131 2691 242 2762 Nutlo,
267 2692 469 2753 venerabilis
484 2693 597 2755 fratris
612 2695 717 2756 nostri
729 2696 876 2772 episcopi
890 2697 925 2759 et

130 2787 321 2849 dilectorum
336 2789 480 2850 illiorum
497 2791 634 2868 capituli
648 2793 921 2855 Monasteriensis

131 2885 277 2947 ecclesiae
301 2903 465 2948 consensu
487 2888 547 2950 tibi
570 2889 644 2951 vice
663 2889 711 2951 tui
728 2891 921 2954 monasterii

129 2983 352 3059 resignarunt,
365 2985 619 3064 sicutoamjuste
630 2986 758 3049 obtines
768 2990 802 3051 et
812 2990 921 3067 quiete

128 3096 167 3142 ac
181 3081 217 3142 in
230 3082 335 3159 ipsius
347 3083 494 3160 episcopi
510 3085 700 3147 authentico
721 3087 919 3160 continetur,

127 3177 188 3239 tibi
200 3179 234 3240 et
246 3195 306 3255 per
315 3181 347 3241 te
362 3180 499 3257 praelato
511 3182 712 3244 monasterio
726 3184 922 3246 auctoritate

128 3277 571 3352 Apostolicaconlirmamus
582 3281 795 3356 etpraesentis
807 3282 921 3359 scripti

125 3374 313 3449 patrocinio
335 3376 587 3437 communimus.
618 3377 705 3438 Nulli
733 3394 813 3454 ergo
847 3395 921 3441 om-

125 3473 217 3532 nium
241 3471 410 3534 bominum
432 3474 532 3537 liceat
553 3474 640 3536 hanc
663 3476 819 3552 paginam
843 3493 923 3538 nos-

124 3570 185 3632 trae
196 3569 657 3648 confirmationisinlringere,
669 3574 761 3634 velei
772 3589 855 3635 ausu
866 3577 920 3636 te-

125 3668 270 3729 merario
286 3670 463 3730 contraire.
479 3670 513 3730 Si
529 3670 602 3746 quis
617 3672 726 3732 autem
742 3671 804 3732 boc
820 3673 922 3734 attan·

125 3767 197 3826 tare
219 3768 477 3843 praesumpserit,
489 3768 750 3843 indignationem
770 3771 922 3848 omnipo-

123 3864 225 3925 tentis
243 3864 302 3924 Dei
322 3866 354 3925 et
368 3864 539 3925 beatorum
553 3866 641 3927 Petri
657 3868 690 3927 et
704 3866 799 3927 Pauli
815 3871 923 3944 Apos-

126 3960 269 4021 tolorum
286 3964 357 4037 ejus
373 3977 408 4022 se
424 3963 553 4024 noverit
566 3963 787 4024 incursurum.
803 3966 920 4027 Datum

126 4058 241 4120 Romae
262 4058 347 4133 apud
365 4061 397 4120 S.
415 4061 560 4131 Petrum,
576 4060 744 4122 xvltlral.
757 4063 918 4138 januarii,

125 4155 336 4233 pontificatus
351 4157 456 4219 nostri
471 4173 559 4219 anno
580 4158 697 4235 primo.

488 4373 557 4460 CII

304 4571 355 4629 Ad
369 4569 576 4631 abdritissmn
594 4570 738 4631 lantiunt.

419 4683 451 4739 16
466 4682 528 4740 dec.
545 4683 622 4741 tato.
741 4678 746 4687 ’

228 4796 373 4859 [ti'ilmans.
385 4797 575 4847 Westialisclres
585 4798 799 4850 Urlrundcubncb.

371 4878 417 4929 tur.
433 4878 474 4935 ltl,
486 4895 511 4943 p.
525 4879 671 4943 661111.

121 5012 278 5072 Continuat
291 5012 532 5070 abbatissaetuttae
541 5012 668 5070 decimas
678 5028 750 5086 ‹puas
763 5013 865 5071 nolrilis
877 5014 919 5072 vir

158 5104 273 5171 Simon,
289 5118 386 5159 comes
405 5101 441 5158 de
458 5100 662 5159 tekeneburch
683 5110 712 5159 et
735 5102 852 5174 quidam
871 5104 918 5161 alii

157 5192 254 5263 longis
268 5192 415 5248 retroactis
433 5190 609 5262 temporibus
630 5197 792 5260 tenuerunt,
818 5191 854 5248 de
874 5206 918 5249 as·

158 5294 244 5336 seusu
264 5277 418 5335 diocesani
433 5279 558 5351 episcopi
572 5286 600 5335 et
613 5279 727 5351 caprituli
743 5280 786 5336 sui
802 5294 916 5337 monas-

159 5369 230 5425 terio
247 5376 295 5425 tuo
307 5369 436 5425 collatas.

163 5495 330 5556 llonorius
359 5495 553 5572 episcopus,
593 5510 710 5556 servus
746 5510 918 5558 servorum

121 5592 343 5674 Detdtlectae
359 5592 394 5653 in
405 5593 535 5654 Christo
550 5592 628 5655 illiae
641 5592 752 5665 dulim,
769 5592 919 5656 abbatis-

1716 278 1776 341 tat

980 451 1025 497 saa
1040 436 1234 498 monasterii
1253 436 1289 498 in
1309 436 1421 509 Nullo,
1433 436 1575 500 salutem
1588 438 1621 498 et
1639 440 1775 514 aposto-
1858 510 1865 521 ¹

979 533 1364 597 licambenedictionem.

1017 631 1122 693 Justis
1152 633 1335 710 petentium
1362 631 1537 694 desideriis
1559 630 1696 708 dignum
1722 634 1775 696 est

979 743 1039 788 nos
1067 728 1198 790 facilem
1227 727 1377 808 praebere
1405 745 1594 802 assensum,
1623 730 1657 791 et
1683 730 1772 803 vota,

978 842 1084 903 quasa
1099 827 1239 889 rationis
1253 828 1386 889 tramite
1401 843 1468 889 non
1489 826 1691 899 discordant,
1717 826 1772 889 el-

977 922 1065 985 lectu
1092 927 1312 1003 prosequente
1342 926 1518 1002 complere.
1550 927 1596 985 Ea
1624 925 1770 1002 prepter,

978 1021 1099 1083 dilecta
1116 1021 1151 1083 in
1164 1023 1303 1085 Domino
1319 1022 1406 1094 tilia,
1422 1022 1490 1083 tuis
1501 1022 1603 1099 iustis
1617 1021 1771 1099 precibus

978 1118 1140 1189 inclinati,
1158 1119 1313 1191 decimas,
1331 1136 1413 1198 quas
1437 1118 1558 1181 nobilis
1579 1120 1633 1181 vir
1657 1120 1771 1181 Simon

978 1231 1088 1276 comes
1102 1215 1385 1279 de'relteneburcb
1400 1218 1432 1278 st
1445 1216 1578 1294 quidam
1585 1216 1644 1277 alii
1660 1216 1771 1293 longis

977 1313 1151 1374 retroactis
1161 1314 1363 1392 temporibus
1377 1315 1567 1386 tenuerunt,
1579 1313 1619 1375 de
1631 1330 1771 1376 assensu

978 1410 1157 1472 dioecesani
1189 1411 1335 1488 episcopi
1355 1412 1388 1473 et
1405 1409 1542 1488 capituli
1557 1412 1610 1472 sui
1632 1428 1770 1473 monas·

978 1507 1062 1569 teria
1083 1511 1140 1570 tuo
1161 1507 1310 1580 collatas,
1334 1509 1421 1568 sicut
1443 1523 1500 1569 eas
1516 1510 1606 1585 juste
1622 1507 1772 1585 possides

977 1606 1010 1667 et
1031 1606 1141 1682 quiete
1161 1606 1254 1666 acin
1278 1606 1383 1682 ipsius
1407 1605 1553 1683 episcopi
1582 1605 1773 1668 authentico

978 1704 1175 1774 continetur,
1196 1702 1256 1764 tibi
1281 1704 1314 1764 et
1328 1718 1387 1779 per
1400 1704 1433 1764 te
1448 1702 1587 1780 praefato
1602 1703 1774 1764 monaste-

977 1800 1028 1862 rio
1054 1800 1251 1862 auctoritate
1272 1799 1462 1876 apostolica
1479 1799 1725 1871 confirmamus,
1742 1802 1775 1862 et

978 1898 1151 1974 praesentis
1170 1897 1285 1974 scripti
1309 1896 1494 1973 patrocinio
1514 1897 1771 1958 communimus.

977 1994 1069 2056 Nulli
1095 2010 1173 2072 ergo
1202 1994 1336 2056 omnino
1364 1994 1535 2057 bominum
1559 1993 1658 2056 liceat
1686 1995 1774 2056 hane

977 2093 1133 2170 paginam
1150 2093 1273 2154 nostrae
1293 2091 1556 2154 confirmationis
1575 2091 1770 2168 infringere,

976 2190 1029 2252 vel
1052 2191 1085 2251 ei
1108 2206 1193 2250 ausu
1229 2189 1407 2251 temerario
1440 2189 1617 2251 contraire.
1642 2190 1772 2266 Siquis

978 2288 1087 2349 autem
1110 2286 1174 2348 hoc
1202 2287 1364 2348 attentare
1390 2286 1654 2363 praesumpserit,
1678 2285 1771 2346 11161-

977 2384 1166 2461 gnationem
1191 2384 1250 2446 Dei
1274 2384 1511 2460 omnipotentis
1540 2386 1573 2444 et
1597 2383 1771 2445 beatorum

978 2481 1067 2543 Petri
1083 2484 1117 2544 et
1129 2481 1225 2543 Pauli
1244 2480 1476 2559 Apostolorum
1489 2482 1561 2557 eJus
1583 2496 1619 2541 se
1642 2480 1774 2543 noverit

977 2580 1200 2642 incursurum.
1225 2580 1344 2641 Datum
1368 2580 1482 2641 Romae
1510 2578 1597 2655 apud
1619 2580 1777 2641 Sanctum

977 2680 1122 2749 Petrum,
1147 2678 1239 2739 XVII
1260 2675 1430 2738 kalendas
1446 2676 1615 2754 januarii,
1644 2674 1779 2754 pontili-

977 2775 1071 2837 eatus
1085 2774 1189 2836 nostri
1208 2789 1296 2836 anno
1310 2773 1431 2851 primo.

1331 2987 1422 3075 CIII

1133 3187 1186 3248 Ad
1203 3187 1389 3263 brcrpertscs
1403 3186 1444 3247 de
1458 3186 1609 3258 ariperto.

1277 3295 1387 3355 166111.
1406 3296 1485 3355 tato.

977 3421 1165 3486 [bibliotheque
1178 3421 1208 3472 de
1222 3419 1308 3471 l'ecolo
1326 3421 1371 3471 des
1391 3420 1501 3477 chartea,
1515 3420 1559 3469 16ο
1577 3420 1685 3478 an.,lli⁰
1697 3419 1771 3479 stria,

1229 3500 1330 3560 16661.
1346 3500 1388 3558 tv,
1406 3515 1432 3564 p.
1448 3499 1513 3565 tettp

976 3641 1171 3717 burgensibus
1196 3642 1232 3700 de
1271 3642 1389 3715 Rupclla
1423 3642 1549 3710 intimet,
1574 3656 1770 3714 quoscumque

1011 3747 1110 3789 eorum
1134 3733 1182 3804 qui
1206 3739 1320 3804 propter
1340 3732 1420 3788 varia
1439 3728 1642 3802 impedimenta
1662 3730 1691 3786 in
1710 3744 1770 3802 per·

1010 3822 1090 3879 sonis
1109 3821 1229 3894 propriis
1248 3819 1388 3893 proficisci
1406 3834 1463 3876 non
1488 3819 1599 3892 possint
1626 3819 1655 3875 in
1674 3816 1768 3876 subsi-

1011 3909 1088 3968 dium
1103 3910 1327 3977 TcrroeSanctae,
1339 3923 1391 3982 pro
1405 3923 1437 3966 se
1452 3915 1548 3965 autem
1568 3915 1595 3965 et
1610 3909 1639 3964 in
1654 3909 1769 3965 suisex·

1012 4000 1108 4073 pensis
1120 3999 1155 4056 ad
1170 3997 1298 4072 ejusdem
1310 3999 1404 4055 Terra
1414 4010 1582 4054 succursum
1594 3997 1672 4054 viros
1680 4003 1770 4053 trana-

1010 4086 1283 4146 mitterebellicosos
1303 4085 1483 4156 destinarint,
1503 4084 1539 4143 dc
1563 4085 1637 4145 sacri
1656 4082 1770 4142 concilii

1010 4177 1196 4235 concessione
1205 4175 1319 4249 plenam
1330 4190 1447 4233 suorum
1458 4182 1639 4247 pcccatorum
1654 4174 1770 4231 vertiam

1010 4266 1175 4325 obtenturos
1189 4279 1264 4322 esse.

1014 4411 1180 4473 Honorius
1189 4409 1374 4488 episcopus,
1385 4423 1500 4470 servus
1509 4422 1681 4470 servorum
1695 4406 1766 4478 Dei,

973 4508 1193 4587 burgensibus
1209 4508 1249 4569 de
1264 4506 1415 4584 Rupella,
1425 4505 1565 4568 salutem
1582 4506 1616 4566 et
1629 4504 1767 4581 aposto-

974 4608 1072 4668 licam
1087 4605 1363 4668 benedictionem.

1013 4704 1062 4766 Ad
1080 4704 1227 4765 nostram
1244 4701 1404 4764 noveritis
1421 4699 1624 4761 audientiam
1646 4712 1768 4774 perva-

974 4804 1064 4863 nissa
1086 4801 1172 4880 quod
1200 4799 1334 4878 quidam
1360 4798 1522 4868 vestrum,
1553 4796 1609 4873 qui
1634 4794 1769 4871 propter

973 4900 1067 4963 varia
1081 4897 1314 4975 impedimenta
1329 4895 1364 4955 in
1375 4894 1525 4973 personis
1540 4891 1683 4970 propriis
1694 4908 1769 4970 pro-

974 4999 1078 5059 ticisci
1105 5012 1171 5057 non
1209 4993 1347 5071 possunt
1384 4992 1418 5052 in
1445 4990 1630 5052 subsidium
1656 4991 1768 5053 Terrae

975 5097 1116 5166 Sanctae,
1134 5108 1193 5170 pro
1209 5107 1244 5152 se
1257 5090 1438 5167 disponunt
1448 5088 1489 5149 ad
1504 5087 1652 5165 ejusdem
1668 5090 1768 5149 terrm

974 5207 1168 5256 succursum
1183 5191 1272 5251 viros
1291 5187 1517 5249 transmittere
1531 5185 1717 5258 bellicosos,
1733 5187 1769 5247 ut

974 5288 1215 5367 indulgentiam
1254 5284 1493 5361 crucesignatis
1538 5281 1768 5362 (concessam)

974 5389 1108 5451 valeant
1129 5386 1288 5449 obtinere.
1309 5382 1464 5445 Volentas
1486 5381 1589 5458 igitur
1610 5381 1647 5442 ut
1669 5395 1769 5456 super

973 5488 1037 5549 boc
1059 5502 1118 5564 per
1134 5500 1196 5545 nos
1223 5480 1413 5545 reddamini
1439 5480 1610 5553 certiores,
1625 5494 1770 5555 praesen-

974 5586 1062 5648 tibus
1089 5582 1208 5646 litteris
1233 5581 1327 5644 vobis
1364 5578 1520 5642 duximus
1546 5575 1768 5640 intimandum
