3802 6166
118 256 158 321 eo
748 256 981 321 amaneum.
1003 258 1082 319 nra.
1107 259 1130 318 1.
1724 262 1764 322 το
1833 338 1839 343 ,

119 417 462 497 respondemus,quod
473 418 499 479 si
508 418 682 481 multitudo
694 420 744 483 est
754 419 788 481 in
800 434 912 489 carisa,

120 519 157 579 ut
171 516 360 595 hujusmodi
375 533 442 578 non
461 517 589 593 possint
601 516 673 579 sine
686 517 843 579 scandalo
858 531 915 577 re-

121 611 258 687 moveri,
276 628 333 674 eos
348 613 382 674 in
399 612 569 675 beneflciis
583 613 631 675 sic
646 615 807 691 susceptis
822 612 916 690 pote-

121 707 169 771 ris
184 712 435 773 conniventibus
458 712 563 772 oculis
579 713 732 773 tolerare.
747 709 915 789 Explicari

122 812 283 887 praeterea
299 810 483 886 postulasti,
503 812 613 871 utrum
638 810 703 870 illis
719 810 762 870 sit
776 809 913 879 licitum,

122 909 178 986 qui
194 925 254 969 nec
267 910 354 980 voto,
378 923 439 969 nec
454 908 601 983 regulari
614 907 825 969 observantia
841 905 918 967 sunt

123 1006 284 1076 adstricti,
300 1022 417 1066 earnes
432 1006 615 1077 comedere,
628 1005 760 1082 quando
776 1005 809 1065 in
823 1005 916 1064 sexta

123 1102 206 1166 seria
222 1104 480 1165 diesDominieae
494 1104 685 1165 Natiuitatis
698 1102 852 1164 occurrit.
869 1101 918 1162 nd

124 1203 187 1263 boc
211 1203 276 1264 tale
303 1201 418 1262 damus
438 1218 656 1279 responsum:
680 1201 765 1278 quod
789 1199 839 1260 illi
862 1198 919 1276 qui

125 1318 185 1362 nec
200 1303 285 1372 toto,
300 1316 361 1361 nec
373 1300 520 1375 regulari
534 1298 742 1361 observantia
759 1299 835 1358 sunt
847 1296 920 1357 ad-

125 1400 241 1470 stricti,
260 1400 293 1459 in
318 1401 411 1460 sexta
433 1398 528 1469 seria,
551 1397 578 1458 si
595 1397 712 1459 testum
728 1395 920 1458 Natiuitatis

126 1498 305 1559 borninicae
321 1498 392 1573 ipso
408 1496 461 1557 die
474 1496 588 1556 uenire
603 1494 788 1571 contigerit,
806 1493 920 1554 carni-

125 1596 186 1656 bus
213 1597 345 1673 propter
362 1594 435 1656 sesti
452 1593 683 1654 excellentiam
706 1593 752 1653 nti
768 1590 917 1669 possunt,

126 1694 307 1755 secundum
323 1692 594 1754 corisuetudinem
609 1691 759 1752 ecclesiae
774 1704 920 1766 garrera-

126 1793 177 1863 lis‚
194 1792 374 1853 nontamen
389 1790 410 1851 ii
426 1789 689 1867 reprehendendi
705 1789 791 1859 sunt,
810 1787 866 1865 qni
882 1786 922 1848 ob

127 1889 334 1951 demtionem
349 1888 515 1950 voluerint
530 1888 707 1948 abstinere.
726 1887 843 1947 Datum
857 1888 924 1947 La·

128 1989 247 2060 tersui,
260 1990 301 2048 ll'
314 1986 588 2057 kalnovembris,
596 1984 807 2063 pontificatus
816 1983 923 2045 nostri

129 2103 215 2150 anno
238 2086 355 2163 primo.
374 2083 418 2164 (1)

465 2262 588 2350 XLVI

131 2449 182 2506 Ad
195 2444 347 2506 alibuteut
358 2444 392 2504 et
403 2442 608 2503 concentum
618 2440 737 2502 Fontis
745 2439 924 2500 Luttreuti.

434 2559 446 2613 l
464 2570 530 2612 nov.
548 2554 627 2612 lile.

298 2680 417 2745 [tultellt
431 2680 506 2730 ltalia
522 2693 602 2737 sacra,
614 2683 631 2728 t.
642 2678 686 2735 IX,
696 2677 763 2741 batt.

134 2827 236 2887 Abbati
256 2833 284 2883 et
303 2823 455 2883 conventui
471 2822 568 2880 Fontis
583 2820 714 2879 Laurenti
733 2818 877 2877 libertates
894 2833 928 2876 ac

168 2916 363 2974 immunitates
387 2929 402 2970 a
423 2910 584 2985 (brocardo)
609 2909 774 2983 Tropejensi
794 2909 927 2982 episcopo

167 3007 211 3064 eis
231 3004 353 3061 indultas
375 3010 403 3059 et
417 3001 600 3058 donationem
619 3000 646 3056 S.
672 2998 829 3056 borninicae
848 2997 928 3071 juxta

169 3110 256 3169 qnam
269 3108 368 3151 eorum
380 3090 584 3148 monasterinm
604 3088 688 3145 situm
702 3094 755 3156 est,
769 3088 836 3144 ets.
854 3086 928 3144 Petri

169 3184 321 3242 ecclesiam
342 3179 377 3238 ab
400 3178 500 3237 eodem
521 3178 835 3250 opiscopoconcessam
859 3190 926 3233 auc·

170 3274 284 3331 toritate
300 3270 463 3344 apostolica
479 3267 639 3325 continuat.

176 3417 344 3479 Honorius
353 3416 662 3492 episcopusservus
677 3426 849 3472 servorum
858 3410 928 3481 Ilei,

137 3517 267 3578 dilectis
291 3515 369 3574 filiis
407 3512 529 3583 abbati,
559 3510 593 3571 et
613 3508 789 3570 conventui
816 3509 930 3569 Fontis

138 3613 305 3684 Laurenti,
321 3611 459 3673 salutem
483 3610 515 3670 et
536 3607 751 3684 apostolicam
770 3606 930 3668 benedie-

137 3714 274 3775 tionem.

179 3815 285 3884 Quum
299 3826 318 3870 a
333 3809 428 3870 nobis
448 3807 571 3886 petitur
583 3806 669 3885 quod
685 3805 810 3883 Justum
833 3805 883 3865 est
900 3803 933 3865 et

137 3911 326 3979 honestum,
343 3908 410 3969 tarn
428 3906 525 3981 vigor
546 3904 722 3982 aequitatis,
737 3917 836 3981 qnam
852 3901 932 3963 ordo

138 4008 243 4083 eripit
265 4006 416 4076 rationis,
433 4005 469 4065 ut
483 4003 515 4063 id
532 4018 590 4081 per
605 4000 861 4064 sollicitudinem
882 3999 934 4060 of·

139 4107 207 4169 licii
219 4104 323 4167 nostri
338 4104 380 4165 ad
395 4101 540 4164 debitum
556 4099 755 4177 perducatur
766 4098 931 4159 ellectum.

138 4210 186 4267 Ea
199 4206 344 4282 propter,
365 4200 475 4262 dilecti
502 4199 537 4259 in
563 4199 702 4259 Domino
723 4197 795 4268 lilii,
813 4196 934 4258 uestris

134 4303 236 4383 justis
272 4297 547 4378 postulationibus
579 4297 673 4372 grato
700 4295 933 4356 concurrentes

138 4401 272 4469 aflectu,
301 4398 471 4458 libertates
495 4411 534 4455 ac
553 4393 812 4455 immunitatesa
839 4392 934 4465 botta)

139 4498 309 4561 memoriae
335 4493 529 4571 Tropejeusi
553 4493 707 4569 episcopo
729 4491 769 4551 de
798 4489 932 4567 capituli

140 4598 193 4659 sui
211 4610 374 4659 consensu
397 4591 491 4655 vobis
517 4590 549 4651 et
571 4605 630 4666 per
650 4605 709 4650 vos
732 4588 934 4649 monasterio

139 4699 251 4760 vestro
265 4692 420 4762 indultas,
437 4691 471 4751 et
481 4688 692 4750 donationem
707 4689 739 4747 S.
754 4685 935 4747 bomiuicae

136 4797 236 4874 juxta
251 4807 349 4870 quam
362 4789 485 4849 dictum
505 4785 742 4847 monasterium
758 4784 857 4845 situm
872 4783 933 4854 est,

141 4897 173 4956 et
195 4896 229 4954 S.
252 4889 340 4952 Petri
371 4886 545 4948 ecclesiam
570 4884 610 4944 ab
633 4883 758 4944 eisdem
781 4881 935 4958 episcopo

141 4992 174 5054 et
196 4988 341 5066 capitulo
356 4983 449 5046 vobis
470 4982 590 5043 factam
615 4981 700 5042 sicut
714 4979 778 5057 pie,
802 4995 841 5040 ac
858 4993 938 5056 pro·

141 5089 216 5151 tide
230 5087 316 5148 sacta
331 5084 392 5154 est,
404 5084 437 5142 et
451 5082 485 5141 in
498 5078 645 5157 ejusdem
656 5077 802 5154 episcopi
817 5076 936 5137 litteris

142 5185 276 5265 proprio
286 5181 395 5258 sigillo
406 5178 552 5247 munitis,
568 5178 601 5237 et
613 5175 850 5237 canonicorum
864 5189 937 5235 suo·

141 5302 214 5346 rum
228 5276 526 5356 subscriptionibus
540 5274 704 5335 roboratis
716 5272 846 5351 plenius
862 5286 938 5332 con·

141 5384 276 5453 tinetur,
297 5377 391 5440 vobis
405 5377 439 5438 et
452 5390 512 5453 per
534 5389 593 5435 vos
608 5372 714 5433 eidem
735 5370 936 5431 monasterio

177 5542 219 5615 (l)
240 5537 304 5599 Vid.
328 5536 404 5595 hanc
425 5533 542 5602 bullam,
564 5531 613 5590 lib.
639 5534 690 5601 lll‚
713 5532 754 5589 tit.
785 5530 830 5601 25,
858 5544 884 5587 e.
910 5530 935 5598 l,

143 5631 253 5700 Quintae
267 5627 386 5700 Compil.
397 5632 418 5681 t.
433 5626 456 5695 l,
469 5622 523 5679 col.
541 5620 604 5679 325.

968 418 1078 480 vestro
1101 419 1297 483 auctoritate
1311 419 1500 498 apostolica
1515 419 1761 493 confirmamus,

969 516 1001 578 et
1026 518 1200 593 praesentis
1226 519 1340 596 scripti
1365 519 1549 597 patrocinio
1574 519 1762 580 communi-

971 629 1062 689 mus;
1078 615 1118 676 ad
1135 619 1293 693 majorem
1309 619 1418 679 antem
1431 618 1481 678 rei
1496 617 1696 679 euidentiam
1712 617 1766 679 te-'
1821 622 1824 627 '

971 728 1084 774 norem
1095 711 1280 775 litterarum
1294 715 1441 793 ejusdem
1454 715 1599 793 episcopi
1613 716 1653 777 de
1664 715 1765 776 verbo

972 811 1012 871 ad
1036 810 1173 872 verbum
1194 813 1413 889 praesentibus
1436 814 1591 874 duximus
1614 814 1766 875 inseran-

972 905 1060 977 dtun,
1078 909 1172 984 cujus
1187 910 1283 969 tenor
1294 909 1371 971 talis
1382 912 1453 972 est:

1013 1006 1050 1065 In
1064 1005 1197 1067 nomine
1213 1009 1336 1069 sanctae
1360 1010 1393 1070 et
1418 1007 1599 1069 individuae
1621 1007 1768 1070 Trinita-

973 1102 1027 1174 tis,
1068 1119 1155 1164 anno
1192 1106 1372 1167 bominicae
1399 1107 1642 1181 lucarnationis
1677 1108 1764 1177 1204,

975 1216 1086 1262 mense
1107 1202 1199 1273 Maii,
1223 1205 1282 1264 Vll
1304 1202 1507 1277 indictionis,
1535 1220 1606 1277 nos,
1631 1203 1769 1266 Rieoar-

975 1298 1035 1359 dns
1048 1300 1107 1360 Dei
1120 1300 1228 1375 gratia
1243 1303 1454 1379 Tropejonsis
1467 1302 1652 1380 episcopus,
1670 1303 1770 1363 dilec-

974 1397 1017 1458 tis
1031 1398 1065 1457 in
1079 1398 1209 1461 Christo
1225 1399 1303 1460 tiliis
1317 1400 1411 1461 tratri
1426 1401 1602 1462 Benedicto
1618 1400 1722 1478 priori
1738 1403 1771 1462 et

975 1494 1051 1555 aliis
1080 1495 1238 1557 tratribus
1259 1497 1372 1559 Fontis
1395 1498 1562 1571 Laureati,
1591 1513 1771 1575 eorumque

976 1593 1222 1655 successoribus
1263 1595 1297 1655 in
1323 1598 1528 1673 perpetuum.
1562 1598 1667 1668 Quum
1695 1594 1772 1656 uni-

975 1706 1084 1761 versa,
1101 1693 1162 1754 etc.
1179 1691 1334 1771 (Retieuo
1349 1697 1512 1756 thtmrdt'
1532 1697 1636 1756 verba
1658 1694 1695 1756 ut
1709 1711 1770 1754 su·

976 1805 1053 1865 pra,
1082 1806 1184 1867 usque
1207 1792 1393 1866 proesentis
1415 1790 1564 1872 scupea).
1583 1792 1674 1854 Nulli
1694 1808 1773 1869 erge

977 1886 1214 1965 (prosequitur
1227 1892 1378 1953 Honortt
1387 1887 1623 1969 privtteetuut)
1638 1891 1775 1952 omnino

979 1983 1149 2044 bominum
1165 1985 1264 2046 liceat
1284 1984 1371 2046 banc
1386 1985 1541 2062 paginam
1557 1990 1678 2048 nostrae
1694 2003 1775 2049 con-
1789 2044 1793 2053 ,

979 2081 1176 2142 firmationis
1201 2081 1395 2159 intringere,
1416 2084 1470 2145 vel
1485 2084 1516 2145 ei
1530 2100 1614 2145 ausu
1630 2086 1776 2147 temera·
1801 2090 1804 2095 '

979 2179 1030 2240 rio
1045 2180 1222 2240 contraire.
1241 2181 1276 2241 Si
1300 2181 1372 2257 quis
1397 2183 1507 2243 autem
1531 2182 1595 2243 boc
1609 2183 1775 2244 attentare

980 2278 1239 2355 praesumpserit,
1262 2277 1524 2354 indignationem
1540 2280 1775 2357 omnipotentis

980 2375 1049 2447 Dei,
1065 2378 1097 2436 et
1109 2374 1279 2437 beatorum
1291 2376 1380 2438 Petri
1393 2378 1425 2438 et
1436 2378 1531 2438 Pauli
1551 2377 1776 2455 apostolorum
1827 2378 1830 2383 '

980 2473 1597 2549 ejussenoveritincursurum.Datum
1609 2476 1775 2548 Laterani,

981 2571 1049 2632 kal.
1088 2571 1251 2644 novemb,
1288 2572 1499 2650 pontificatus
1541 2574 1647 2636 nostri
1690 2590 1779 2636 anuo

983 2683 1102 2746 primo.

1310 2811 1454 2901 XLVII

984 2992 1035 3052 Ad
1049 2993 1218 3053 decantant
1240 2993 1273 3053 et
1292 2992 1480 3067 cupitus-um
1495 2995 1774 3056 Artabiuueuseau.

1286 3106 1382 3164 inov.
1401 3106 1480 3165 ltld.

1039 3233 1098 3297 ifflx
1110 3231 1248 3283 cartulario
1260 3232 1304 3282 bls
1316 3230 1424 3295 capituli
1440 3231 1549 3280 ecclesias
1565 3231 1718 3282 cathedralis

1082 3313 1270 3370 ambianensis,
1287 3316 1306 3361 t.
1324 3312 1344 3369 l,
1356 3316 1425 3360 carta
1437 3311 1493 3368 tel,
1511 3327 1536 3375 p.
1550 3311 1604 3370 toa,
1623 3311 1686 3361 ira-8.

984 3446 1292 3513 Coutlrmatiollouorii
1303 3445 1441 3501 bonorum
1455 3444 1570 3527 capitoli
1581 3443 1782 3503 tulbiacensis

1020 3531 1048 3580 et
1068 3537 1105 3579 ne
1123 3522 1190 3601 quis
1201 3518 1364 3599 instituatur
1385 3515 1563 3590 (canonieus)
1579 3516 1635 3572 uisi
1650 3516 1685 3572 do
1709 3517 1780 3590 tegi·

1021 3595 1091 3651 timo
1107 3598 1300 3648 matumomo.

1026 3733 1780 3814 Ilonoriusepiscepus,seruusservoranei,
1856 3742 1859 3747 ·

987 3838 1116 3900 dilectis
1130 3835 1342 3897 tlliisdecano
1358 3833 1391 3894 et
1401 3832 1545 3909 capitulo
1555 3831 1780 3904 ambianensi,

988 3938 1127 3999 salutem
1150 3936 1183 3997 et
1203 3932 1419 4010 apostolicam
1436 3930 1710 3992 benedictionem.

1028 4031 1137 4114 domja
1152 4031 1247 4093 nobis
1259 4028 1476 4107 petiturquod
1483 4030 1609 4105 justum
1621 4031 1671 4089 est
1681 4031 1713 4089 et
1723 4028 1785 4088 lio-
1819 4072 1822 4079 .

988 4126 1784 4204 nestum,tamvigoraequitatisquamordoexigit
1884 4128 1889 4137 '

988 4231 1128 4292 rationis
1139 4229 1174 4289 ut
1184 4227 1216 4287 id
1233 4241 1291 4302 per
1300 4224 1556 4285 sollicitudinem
1564 4223 1665 4284 officii
1677 4223 1783 4286 uestri

989 4329 1029 4390 ad
1043 4327 1187 4389 debitum
1198 4324 1398 4401 perducatur
1407 4321 1571 4382 effectum.
1584 4323 1629 4381 Ea
1637 4324 1781 4398 propter,
1843 4346 1846 4353 ·

989 4426 1099 4488 dilecti
1113 4425 1146 4485 iu
1162 4421 1300 4484 Domino
1313 4418 1512 4492 tilii,uestris
1518 4418 1619 4495 justis
1630 4418 1783 4495 precibus

989 4523 1139 4586 inclinati
1160 4534 1319 4598 personas
1335 4518 1463 4578 vestras
1479 4519 1511 4578 et
1529 4515 1783 4577 ambianensem

990 4620 1176 4690 ecclesiam,
1187 4619 1221 4679 in
1238 4632 1301 4695 qua
1311 4615 1432 4676 divinis
1442 4615 1523 4675 estis
1537 4612 1702 4690 obsequiis
1713 4630 1785 4675 ma-

990 4719 1125 4797 ncipati,
1143 4733 1218 4777 cum
1232 4714 1385 4776 omnibus
1400 4712 1495 4773 bonis
1509 4727 1581 4788 quae
1597 4711 1631 4770 in
1647 4727 1785 4787 presen-

989 4821 1111 4881 tiarum
1126 4812 1370 4876 rationabiliter
1385 4808 1572 4886 possidetis,
1587 4823 1626 4869 ac
1642 4808 1674 4868 in
1691 4808 1784 4872 tutu-

990 4933 1075 4987 rum,
1092 4914 1190 4974 dante
1218 4910 1368 4979 Domine,
1385 4906 1485 4984 justis
1507 4905 1613 4966 modis
1634 4907 1785 4983 poteritis

991 5012 1142 5091 adipisci,
1160 5008 1219 5070 sub
1243 5006 1330 5067 beati
1348 5004 1437 5065 Petri
1460 5004 1493 5064 et
1516 5005 1628 5065 nostra
1650 5006 1785 5081 protec-

990 5114 1080 5175 tione
1091 5107 1307 5184 suscipimus:
1327 5102 1517 5180 specialiter
1532 5104 1641 5163 autern
1658 5120 1787 5180 posses·

991 5212 1114 5280 siones,
1143 5204 1314 5266 libertates
1339 5202 1372 5263 et
1395 5189 1631 5272 immunitates,
1653 5217 1785 5263 necnon

991 5306 1188 5387 approbatas
1219 5304 1251 5363 et
1285 5298 1501 5362 rationabiles
1529 5299 1784 5361 consuetudines

992 5405 1140 5470 ecclesiae
1154 5403 1285 5468 vestrae,
1300 5396 1474 5458 dummodo
1492 5396 1526 5456 in
1548 5396 1640 5457 nullo
1652 5397 1782 5473 penitus

992 5502 1170 5568 obveniant
1185 5498 1223 5578 (f.
1243 5494 1434 5574 obveniant)
1456 5494 1625 5555 canonicis
1643 5495 1780 5555 institu-

991 5605 1044 5675 tis,
1068 5598 1154 5661 sicut
1176 5613 1233 5659 eas
1255 5597 1345 5672 juste
1381 5610 1420 5655 ac
1449 5591 1586 5669 pate-inne
1615 5591 1781 5664 obtinetis,
