3802 6166
119 350 183 413 aaa
758 354 987 418 arrsroum.
1010 356 1090 418 nra.
1113 357 1139 418 s
1695 360 1772 443 ¹rae

118 508 416 573 anmmmunrmtrs
428 511 461 572 et
471 509 667 584 interdictis,
680 510 793 573 diuina
806 513 917 577 oidcia
1012 516 1081 590 Ego
1096 514 1224 589 Petrus,
1243 515 1438 579 sabinensis
1453 518 1638 595 episcopus.

119 606 302 669 celebrare.
320 608 400 670 Paci
410 623 540 686 quoque
552 608 585 671 et
598 608 835 688 tranquillitati·
847 628 919 674 res·
1012 614 1079 689 ligo
1095 611 1297 691 Stephanus,
1311 617 1344 676 S.
1360 615 1498 677 Adriani
1514 614 1675 676 diaconus
1690 629 1769 675 car-

119 706 180 768 trae
196 706 335 781 paterna
351 706 385 767 in
405 708 573 783 posterum
594 706 818 770 sollicitudine
838 726 919 787 pro-
972 709 1106 771 dinalis.

120 802 236 864 videre
250 803 410 876 volentes,
428 804 623 867 auctoritate
634 807 827 883 Apostolica
840 823 919 885 pro-
1013 809 1079 883 ligo
1094 808 1260 884 AEgidius,
1276 812 1333 871 SS.
1353 812 1478 872 Cosmae
1494 811 1526 872 et
1539 809 1692 871 Damiani
1702 808 1772 871 dia·

121 897 274 962 bibemus
301 902 337 962 ut
363 900 454 963 inira·
476 903 649 964 clausuras
670 905 829 977 locorum,
858 920 917 966 seu
972 920 1076 965 conus
1091 905 1286 968 cardinalis.

123 998 547 1074 grangiarumvestrarum,
562 1000 673 1061 nullus
688 1002 841 1079 rapinam
857 1019 917 1064 seu
1012 1003 1130 1064 Datum
1158 1005 1331 1080 Anagniae,
1363 1020 1423 1082 per
1457 1021 1592 1066 manum
1623 1004 1767 1077 Faverii,

122 1094 247 1157 lurtum
261 1094 382 1168 iacere,
398 1097 507 1172 ignem
522 1114 698 1175 apponere,
721 1100 917 1177 sanguinem
974 1101 1007 1161 S.
1027 1102 1187 1163 Romana
1202 1102 1358 1164 Ecclesiae
1372 1102 1640 1165 vicecancellarii
1657 1105 1686 1163 ll
1701 1103 1768 1163 hal.

122 1190 273 1265 madere,
290 1192 458 1255 hominem
473 1195 598 1257 temere
612 1197 796 1273 caperevel
813 1196 920 1259 iuter-
968 1197 1062 1273 jun,
1098 1196 1213 1260 indict.
1243 1201 1282 1272 V,
1313 1199 1555 1261 incarnationis
1590 1199 1771 1261 Dominicis

123 1289 234 1363 dcere,
274 1305 333 1352 seu
367 1291 561 1354 violentiam
598 1293 719 1356 audeat
748 1309 916 1357 exercere.
974 1294 1063 1367 1217,
1081 1295 1295 1372 pontificatus
1311 1298 1396 1357 Heu.
1411 1298 1457 1358 111
1472 1310 1560 1358 anno
1575 1296 1694 1374 primo.

123 1389 289 1450 Praeterea
311 1403 425 1450 omnes
445 1389 615 1452 libertates
637 1392 670 1453 et
692 1390 918 1454 immunitates

121 1484 456 1562 apraedecessoribus
469 1488 593 1549 uostris
607 1489 766 1552 Romanis
779 1489 920 1552 Pontiil-
1247 1473 1503 1561 CCCXXXIV

122 1581 218 1643 cibus
231 1583 341 1644 ordini
353 1586 465 1646 vestro
479 1601 665 1659 concessas,
678 1603 807 1649 necnon
817 1586 920 1649 liber-
973 1612 1025 1672 Aa
1049 1615 1280 1687 (summum,
1300 1616 1544 1677 mimatensem
1563 1618 1769 1691 episcopum.

120 1679 207 1741 tates
233 1680 267 1741 et
288 1682 518 1759 exemptiones
534 1683 745 1746 saecularium
768 1685 920 1748 exactio-
1274 1728 1372 1801 giunq
1389 1729 1468 1788 lili.

121 1794 214 1934 33¹³?
244 1793 265 1839 ἃ
290 1778 426 1890 ΝΒΨῊ
455 1780 493 1890 it,
515 1781 733 1892 principibus,
762 1783 816 1843 '⁰¹
842 1781 919 1844 ³¹³⁸
1043 1827 1151 1895 [agisa.
1165 1832 1210 1883 ru.
1226 1832 1399 1897 impensis.
1415 1833 1710 1899 neumanensis„

168 1874 286 1947 elrbus,
302 1876 547 1939 rationabrlrter
561 1877 656 1940 robus
670 1878 825 1952 indultas,
843 1896 920 1942 auc·
1236 1912 1505 1980 sistaricenses]

120 1972 459 2049 ἵοήωθᾏροῧωϋω
476 1975 710 2038 ⁰⁰¹¹fls¹¹¹⁸m¹¹³
723 1978 755 2039 et
768 1992 920 2055 mmm·
963 2006 1043 2079 ,Cum
1054 2006 1122 2065 olim
1136 2011 1236 2068 Petrus
1251 2011 1405 2085 dragonis
1421 2027 1470 2069 rex
1484 2013 1710 2071 nmiliauensem
1726 2028 1773 2072 cc·

119 2070 165 2179 fi?
188 2070 302 2147 scripti
323 2071 499 2148 Pl'iV110850
520 2073 771 2135 ⁰⁰mm11ssiffl118·
798 2077 920 2136 ⁰000?-
1009 2090 1138 2154 miletum
1150 2099 1292 2157 Toloseuo
1303 2101 1460 2173 comitipro
1472 2100 1593 2174 pignore
1602 2101 1770 2175 obligasset,

121 2181 234 2226 nimus
248 2182 328 2243 ergo
341 2169 377 2230 ut
391 2169 474 2229 nulli
487 2170 621 2231 omnino
631 2170 802 2233 hominum
819 2171 919 2233 liceat
1012 2199 1137 2258 eumque
1150 2189 1286 2262 episcopo
1298 2190 1459 2246 ldimatensi
1474 2189 1703 2247 conservandum
1716 2200 1771 2248 tre·

119 2262 552 2340 praelatum-monasterium
573 2268 697 2330 temere
711 2268 917 2346 perturbare,
1004 2277 1123 2335 didisset
1146 2277 1181 2334 A.
1207 2278 1236 2335 S.
1263 2277 1387 2351 legatus,
1404 2276 1485 2350 jubet
1507 2279 1651 2335 Honorius
1676 2279 1771 2351 ipsum

120 2362 179 2422 aut
197 2363 514 2438 ejus-possessiones
538 2363 684 2435 auferre,
708 2366 762 2427 vel
789 2365 919 2428 ablatas
1008 2365 1175 2424 comitatum
1194 2364 1300 2423 lacobo
1322 2366 1382 2438 regi
1399 2366 1510 2423 resliud
1529 2373 1558 2423 et
1577 2365 1685 2424 tructus
1704 2366 1772 2424 lude

119 2459 277 2532 retinere,
296 2460 457 2528 minuere,
474 2477 534 2523 seu
549 2461 749 2540 quibuslibet
762 2464 919 2525 vexatio·
1008 2454 1227 2528 llei001³¹⁰⁸⁸¹b¹
1246 2454 1397 2511 transmitti
1417 2454 1444 2511 ¹⁰
1467 2455 1561 2512 Teffoe
1578 2455 1689 2514 Sflsssslffl
1703 2454 1771 2512 ⁸¹¹¹)-

118 2555 219 2616 nibus
243 2555 395 2633 fatigare,
416 2558 473 2620 sed
498 2560 609 2621 omnia
632 2559 763 2636 integra
782 2576 920 2622 conser-
1009 2542 1125 2601 sidium.

119 2653 251 2725 ventur,
268 2669 383 2715 eorum
397 2670 457 2732 pro
473 2671 612 2732 quorum
630 2657 871 2733 gubernatione
886 2659 919 2720 et
1013 2650 1181 2713 Honorius
1206 2651 1380 2728 episcopus
1384 2695 1443 2723 ·····
1468 2650 1653 2714 venerabili
1677 2651 1790 2713 frairl‘

121 2750 363 2812 sustentatione
383 2767 539 2814 concessa
565 2754 642 2815 suut
667 2754 782 2816 usibus
805 2755 917 2816 omni·
973 2748 1128 2825 episcopo
1143 2748 1351 2824 Migmatensi
1367 2746 1429 2828 (a),
1445 2748 1597 2822 salutem,
1615 2750 1678 2811 etc.

124 2846 231 2908 modis
240 2846 423 2925 protutura,
432 2848 523 2911 salva
534 2850 831 2929 sedisapostolicae
842 2868 920 2914 auc·
1013 2845 1212 2907 carissimus
1232 2846 1268 2906 in
1283 2845 1414 2907 christo
1427 2845 1516 2908 iilius
1537 2846 1651 2908 noster
1664 2848 1694 2909 J.
1709 2844 1769 2927 (b).

124 2944 268 3007 toritate.
287 2945 321 3007 Si
337 2962 401 3024 qua
419 2947 522 3022 igitur
534 2947 568 3009 in
584 2947 738 3010 futurum·
746 2948 920 3011 ecclesias·
973 2943 1199 3020 bregonensis
1226 2959 1286 3005 rex
1314 2943 1454 3023 illustris
1483 2942 1578 3005 uobis
1602 2958 1773 3021 exponere

122 3041 191 3103 tica
226 3043 441 3106 saecularisve
475 3060 633 3122 persona,
672 3046 759 3109 hanc
796 3049 918 3109 nostrae
974 3039 1275 3119 procuraritquod,
1288 3056 1362 3102 cum
1376 3040 1476 3102 clarae
1488 3041 1656 3103 memoriae
1669 3044 1706 3103 Ρ.
1725 3038 1772 3120 (c)

120 3139 367 3202 constitutionis
389 3141 545 3219 paginam
569 3143 691 3215 sciens,
707 3127 918 3206 contra'eam
973 3153 1035 3199 rex
1046 3138 1347 3214 aragonia,..pater
1365 3139 1449 3215 ejus,
1464 3139 1655 3200 comitatum
1677 3139 1774 3200 Aml-

119 3236 245 3296 temere
266 3236 381 3296 venire
402 3235 592 3310 tentaverit,
615 3237 759 3299 secundo
779 3238 919 3300 tertiove
973 3234 1157 3307 liuuensen,
1173 3235 1213 3296 ad
1225 3234 1524 3296 eumhaereditario
1535 3238 1612 3313 jure
1625 3237 1774 3313 spectan-

119 3332 331 3405 commouita,
349 3332 415 3394 nisi
438 3334 571 3398 reatum,
584 3349 680 3397 suum
693 3333 919 3398 satisfactione
973 3333 1050 3404 tem,
1059 3331 1163 3396 nobili
1170 3332 1246 3394 ,viro
1255 3331 1421 3411 quondam
1431 3333 1545 3395 comiti
1554 3331 1772 3411 Tolosau0(d)

120 3444 268 3506 congrua
294 3431 491 3503 correxerit,
515 3431 687 3509 potestatis
716 3432 918 3511 honorisque
974 3429 1069 3493 titulo
1099 3429 1247 3506 pignoris
1279 3428 1470 3505 obligasset,
1502 3445 1542 3491 ac
1569 3428 1774 3490 venerahilis

120 3526 172 3587 sui
189 3526 351 3603 dignitate
365 3529 489 3602 careat,
505 3544 663 3606 reamque
683 3545 719 3591 se
733 3529 846 3591 divino
857 3532 918 3607 ju·
974 3525 1078 3588 irater
1088 3527 1201 3588 noster
1213 3526 1380 3588 Uticensis
1390 3527 1565 3604 episcopus
1579 3523 1627 3606 (e)
1642 3527 1677 3588 et
1688 3526 1772 3587 socii

120 3624 208 3686 dicio
223 3625 368 3687 existere
380 3626 420 3687 de
434 3628 624 3705 perpetrata
644 3626 820 3705 iniquitate
835 3643 918 3704 cog·
974 3626 1057 3701 ejus,
1084 3623 1283 3701 Apostolicae
1310 3623 1406 3685 Sedis
1434 3623 1547 3699 legati,
1579 3623 1772 3685 comitatum

120 3722 919 3802 noscat,etasacratissimocorporeacsanguiue
974 3721 1124 3783 eumdem
1158 3720 1223 3798 ipsi
1254 3720 1366 3785 comiti
1401 3723 1535 3798 propter
1560 3723 1633 3798 eius
1657 3720 1770 3781 haere-

120 3821 919 3899 DeietbominiRedemptorisnostrilesuChristi
974 3819 1037 3883 sim
1061 3818 1304 3891 subtrahentes,
1330 3819 1439 3894 ipsum
1462 3817 1523 3880 tibi
1545 3817 1774 3880 commiserint

120 3918 232 3979 aliena
254 3918 324 3989 ilat,
341 3919 442 3996 atque
453 3919 488 3980 in
511 3920 660 3982 extremo
679 3921 833 3983 examine
847 3921 919 3980 dis·
974 3916 1261 3990 conservandum
1298 3915 1376 3978 licet
1409 3917 1477 3978 tam
1516 3915 1630 3978 dictus·
1661 3930 1773 3979 comes

120 4015 228 4077 trictae
262 4016 382 4077 ultioni
418 4016 599 4094 subjaceat.
639 4019 774 4080 Cunctis
809 4020 919 4080 autem
974 4030 1072 4092 quam
1093 4014 1129 4076 tu
1155 4029 1198 4076 ex
1224 4014 1339 4076 eodem
1368 4014 1527 4076 comitatu
1552 4012 1771 4092 perceperitis

122 4112 230 4174 eidem
259 4112 331 4175 loco
358 4129 418 4174 sua
440 4117 518 4190 jure
547 4113 757 4176 servantibus
785 4116 829 4177 sit
854 4130 921 4192 pax
975 4110 1107 4175 fructrrs-
1122 4112 1210 4175 ultra
1240 4112 1374 4183 sortem,
1404 4111 1554 4174 noudum.
1573 4113 1686 4175 tamen
1707 4110 1772 4189 ipsi

120 4209 254 4272 Domini
269 4211 374 4272 nostri
388 4214 407 4272 J
409 4227 469 4272 esu
487 4212 622 4285 christi,
640 4212 803 4289 quatenus
817 4215 851 4275 et
864 4212 921 4274 hic
974 4208 1045 4287 regi
1059 4209 1187 4273 exstitit
1198 4209 1383 4272 restitutus.
1397 4209 1558 4281 Quocirca
1570 4208 1773 4271 tratemitatl

121 4308 265 4369 tractum
288 4308 383 4370 bonae
404 4309 547 4371 actionis
568 4310 756 4386 percipiant
776 4310 809 4371 et
832 4309 920 4387 apud
974 4306 1775 4384 tuaeperapostolicascriptapraecipiandomau-

121 4405 309 4466 districtum
330 4405 478 4483 judicem
502 4406 639 4484 praemia
669 4407 803 4469 aeteruae
828 4406 920 4484 pacis
975 4403 1091 4465 damus
1106 4403 1323 4481 quatenus,‚si
1337 4405 1389 4466 est
1402 4404 1459 4475 ita,
1476 4404 1667 4466 comitatum
1682 4419 1772 4481 prae·

121 4501 308 4564 inveniant
325 4504 441 4563 nmen.
457 4506 572 4564 Amen.
975 4501 1100 4563 dictum
1120 4501 1192 4562 siue
1214 4500 1411 4563 difficultate
1432 4501 1505 4577 regi
1521 4501 1677 4563 restituas
1699 4516 1773 4562 me·

162 4602 232 4676 Ego
247 4601 427 4672 Honorius,
450 4601 624 4662 catholicae
643 4600 795 4662 ecclesiis
816 4601 919 4678 episc.
976 4602 1125 4673 morato,
1144 4598 1271 4661 tructus
1286 4599 1396 4660 autem
1411 4599 1499 4661 ultra
1514 4600 1636 4663 sortem
1658 4613 1701 4660 ex
1715 4613 1774 4660 co-

164 4696 417 4773 Egollobertus,
430 4697 633 4777 &Stephani
648 4698 684 4758 in
700 4698 797 4760 coelio
810 4699 921 4760 monte
975 4695 1093 4758 mitatu
1110 4696 1180 4773 ipso
1200 4697 1373 4774 perceptos
1395 4695 1490 4758 uobis
1511 4695 1718 4757 transmittas
1738 4696 1774 4756 in

121 4778 501 4873 presbytercarumaus.
975 4796 1087 4855 rema
1099 4794 1228 4855 saneta
1243 4792 1438 4865 suasurum,
1450 4794 1549 4870 prout
1560 4792 1667 4854 unctus
1681 4807 1773 4853 roxa

161 4895 231 4968 Ego
247 4892 444 4969 Stephanus,
462 4892 610 4955 basilicae
620 4894 681 4955 ΧΗ
696 4893 920 4970 apostolorum
976 4889 1070 4951 nobis
1094 4890 1189 4967 petiit
1217 4890 1442 4952 destinandos
1468 4889 1622 4968 Alioquin
1652 4890 1773 4952 dilecto

121 4989 294 5067 presbyter
309 4990 501 5051 cardinalis.
977 4988 1045 5050 illio
1061 4989 1176 5050 nostro
1191 4991 1227 5051 B.
1245 4987 1290 5069 (s)
1304 4988 1393 5051 tituli
1416 4988 1613 5050 Sanctorum
1633 4990 1774 5051 loannis

162 5089 230 5164 Ego
245 5086 400 5156 Thomas,
418 5088 514 5150 titulo
538 5089 570 5148 S.
595 5087 728 5149 Sabinae
749 5086 922 5165 presbyter
976 5088 1008 5148 et
1022 5087 1119 5148 Pauli
1134 5086 1325 5164 presbytero
1340 5085 1517 5155 cardinali,
1533 5088 1571 5146 A.
1590 5088 1623 5147 S.
1650 5087 1771 5164 legato,

122 5184 314 5246 cardinalis.
976 5182 1101 5245 uostris
1117 5183 1233 5246 damus
1254 5183 1287 5244 in
1305 5183 1470 5245 mandatis
1486 5182 1522 5245 ut
1536 5184 1569 5245 te
1583 5183 1624 5245 ad
1639 5183 1684 5256 id,
1702 5200 1775 5245 mo-

162 5284 231 5359 ugo
244 5281 414 5349 Nicotaus.
430 5282 638 5343 Tusculanus
654 5281 841 5359 episcopus.
976 5281 1102 5343 uitione
1134 5281 1317 5360 praemissa,
1335 5280 1543 5343 districtione
1567 5297 1631 5358 qua
1651 5297 1774 5343 conve-

163 5382 233 5457 Ego
260 5379 481 5452 Octavianus,
509 5382 567 5441 SS.
597 5380 705 5455 sergii
737 5381 770 5442 et
799 5378 922 5443 Bacchi
976 5378 1036 5450 nit,
1053 5379 1275 5457 appellatione
1289 5380 1428 5450 remota,
1451 5379 1636 5456 compellat.
1656 5381 1773 5441 Datum

121 5477 284 5539 diaconus
299 5476 490 5538 cardinalis.
976 5477 1148 5554 Anagniae,
1158 5478 1234 5537 Vlll
1247 5476 1322 5537 idus
1329 5476 1432 5555 junii,
1446 5476 1656 5554 pontificatus
1669 5478 1775 5539 nostri

164 5576 233 5650 Ego
249 5574 415 5649 Pelagius,
433 5573 629 5635 albanensis
644 5574 829 5651 episcopus.
954 5597 958 5603 ·
977 5589 1067 5635 anno
1083 5574 1201 5652 primo.

159 5704 202 5780 (a)
219 5704 421 5766 anthelmii.
456 5702 496 5781 (b)
511 5704 644 5765 lacobus.
677 5702 714 5780 (a)
724 5706 837 5765 Petris.
862 5704 904 5781 (d)
913 5704 1074 5764 boimundo
1085 5706 1135 5765 v1.
1169 5702 1207 5780 (a)
1221 5702 1399 5765 llaimuudus
1413 5706 1465 5765 111.
1500 5704 1537 5778 (f)
1551 5706 1718 5764 bertranno.
