3794 6166
121 383 157 430 xl
584 368 718 429 neunt
740 367 981 430 HIERONYMI
1002 368 1182 435 BOTTINO
1205 369 1314 428 t'l'ra.
1724 382 1774 429 xli

121 527 149 584 in
169 526 287 583 scientia
311 526 472 599 theologica
493 540 578 599 uuam
602 525 728 599 pluribus
749 527 833 583 annis
853 541 919 584 cum
975 525 1122 599 incompti,
1130 541 1216 599 quam
1226 534 1255 583 ut
1265 524 1774 599 periculeexpenerenturpereundi;

120 622 222 697 plausu
242 624 347 681 docuit.
378 625 452 682 Talis
477 632 539 682 erat
564 624 617 694 vir,
644 624 694 696 qui
718 623 919 696 multiplicibus
974 624 1168 697 multiplicatis
1190 623 1382 696 impressione
1402 622 1624 695 exemplaribus,
1644 621 1774 680 futurum

120 720 238 779 obrutus
261 721 414 791 lebetibus,
437 738 487 795 per
510 723 614 780 multos
636 737 727 779 annos
749 722 920 779 successivis
974 736 1039 778 esse
1054 727 1085 778 ut
1098 721 1256 779 excitentur
1270 721 1323 778 viri
1342 719 1429 791 docti,
1448 721 1495 793 qui
1513 718 1680 778 inchoatum
1698 735 1776 793 opus

119 819 199 877 beris
220 835 304 876 curas
322 834 389 877 suas
407 818 544 892 impendit
560 818 695 877 eruendis
714 835 750 875 ex
769 820 920 891 pulverose
974 818 1124 891 perficiant
1137 826 1167 876 et
1190 817 1339 875 absolvant
1355 819 1384 874 in
1404 817 1547 891 publicum
1566 817 1706 875 Ecclesiae
1720 818 1771 875 be·

120 915 223 979 Codice
253 917 439 974 sermonibus
464 917 582 973 llenerii
612 918 669 984 ill,
706 917 920 989 pretiosissimis
975 931 1054 984 uum,
1075 915 1149 988 qued
1180 916 1208 972 in
1232 914 1372 987 ejusmodi
1398 915 1484 973 rebus
1506 915 1591 972 unice
1605 914 1774 974 babendum

31 1074 35 1079 ,
119 1029 201 1083 sane,
217 1015 322 1086 quippe
344 1015 372 1070 in
387 1012 614 1088 quibuslulgeat
631 1013 724 1071 adbuc
738 1015 872 1087 vigorosa
892 1021 921 1071 et
975 1028 1033 1086 prae
1047 1013 1138 1070 oculis
1153 1020 1249 1082 est;et
1264 1012 1388 1085 quande,
1407 1011 1501 1071 oblata
1513 1020 1673 1086 opportuna
1687 1028 1774 1071 ocea-

120 1112 257 1168 naturalis
281 1120 408 1168 veterum
434 1114 549 1169 Petrum
575 1113 752 1184 eloquentia,
780 1126 843 1184 quas
871 1126 917 1169 so·
973 1111 1065 1178 siene,
1082 1124 1139 1166 uen
1154 1117 1257 1182 preste
1269 1118 1313 1166 est
1325 1110 1431 1168 bouum
1443 1109 1599 1183 perlectum
1611 1109 1774 1184 quedeile·

121 1209 219 1282 quiere
247 1216 331 1266 aetate
357 1208 547 1266 artificiosieri
576 1209 774 1280 enervrorique
806 1208 919 1266 dicendi
974 1215 1061 1276 ratur,
1075 1206 1280 1264 eonferendum
1296 1222 1362 1265 esse
1384 1207 1453 1266 illud
1467 1206 1543 1280 quod
1561 1209 1700 1282 suppetit,
1717 1224 1775 1282 que

120 1307 221 1380 generi
233 1307 327 1363 locum
339 1307 434 1363 cessit.
452 1304 610 1363 Dolendum
626 1304 752 1378 prolecto
767 1307 918 1379 egregium
974 1305 1089 1363 tandem
1100 1305 1135 1363 ad
1158 1305 1315 1378 perlectum
1336 1305 1443 1363 benum
1463 1305 1643 1364 ascendatur.
1661 1308 1776 1366 invitus

119 1404 213 1461 uirum
235 1404 364 1460 ultimam
387 1417 503 1459 manum
525 1402 706 1475 expoliendis
729 1404 784 1461 illis
803 1404 915 1460 Sermo·
972 1404 1047 1460 cessi
1063 1403 1157 1475 petius
1180 1418 1265 1475 quam
1281 1404 1415 1460 consensi
1436 1403 1556 1461 aliorum
1575 1406 1732 1462 sententiae
1746 1414 1777 1464 et

119 1501 203 1558 uibus
228 1501 360 1572 notisque
382 1499 551 1573 opportunis
575 1499 748 1557 illustrandis
774 1515 919 1573 apponere
973 1500 1126 1569 instantias,
1141 1506 1225 1573 atque
1241 1501 1355 1558 Bottiuii
1371 1501 1605 1573 manuscriptum,
1626 1503 1714 1574 quale
1738 1503 1775 1562 ab

118 1611 176 1654 uon
196 1597 331 1669 potuisse.
355 1595 411 1654 Sed
436 1596 613 1655 adorandum
632 1598 685 1655 Dei
708 1597 858 1655 consilium
878 1598 917 1655 ita
973 1599 1035 1671 ipso
1049 1599 1179 1656 relictum
1192 1596 1295 1664 luerat,
1312 1596 1415 1654 tradidi
1428 1597 1521 1655 dectae
1529 1599 1663 1657 societati
1678 1602 1773 1658 avul-

120 1694 309 1766 disposuerat.
972 1695 1075 1770 gandia
1093 1695 1174 1752 libris
1187 1695 1384 1763 ecclesiaticis,
1400 1709 1522 1768 sperans
1541 1710 1655 1769 quoque
1670 1696 1774 1757 erudi·

153 1793 222 1850 Post
235 1790 342 1849 ebitum
358 1791 508 1849 clarissimi
521 1792 662 1862 viri,cum
678 1806 744 1865 spes
759 1806 817 1849 non
832 1791 915 1850 ailul-
971 1801 1016 1851 tos
1040 1793 1118 1850 viros
1137 1792 1215 1850 illam
1236 1800 1444 1865 componentes
1466 1799 1552 1866 atque
1573 1796 1776 1867 promovende

118 1896 201 1964 geret
219 1887 327 1946 inlelici
348 1888 403 1945 hac
423 1895 593 1962 tempestate
607 1889 745 1962 vulgandi
764 1904 847 1963 epus,
863 1887 918 1946 bec
971 1890 1107 1949 Ecclesia
1117 1888 1322 1959 bonodeditos‚
1339 1904 1396 1946 nen
1410 1904 1518 1962 paucos
1531 1891 1628 1965 operis
1640 1891 1775 1953 delectus

117 1987 276 2060 sepositum
305 1987 452 2055 remansit,
472 1994 558 2060 capto
583 1987 704 2045 consilio
730 1988 915 2060 exspectandi
971 1987 1030 2045 iere
1043 1994 1231 2056 correcturos,
1239 2000 1293 2044 nac
1301 2000 1359 2043 uon
1370 1987 1450 2060 plura
1459 2003 1524 2061 que
1532 1987 1774 2051 desiderabantur

119 2084 348 2142 circumstantias
357 2085 452 2157 magis
463 2084 610 2157 propitias,
618 2083 720 2157 quibus
727 2085 846 2157 expoliri
854 2098 917 2157 pos·
970 2086 1161 2158 suppleturos,
1178 2098 1234 2157 qua
1247 2084 1276 2141 iu
1287 2098 1319 2141 ra
1333 2092 1363 2141 ut
1378 2087 1486 2158 possim
1501 2101 1567 2144 esse
1584 2087 1772 2161 reprehensi·

20 2220 28 2227 -
119 2189 164 2239 sat
180 2189 210 2239 et
230 2181 338 2254 perlici,
353 2180 428 2254 quod
443 2181 615 2254 perturbatis
629 2182 709 2239 hisee
729 2182 914 2256 temporibus,
969 2182 1045 2250 bilis,
1058 2189 1136 2239 certe
1148 2180 1267 2239 intentio
1278 2180 1443 2241 conterendi
1457 2198 1515 2240 nen
1531 2184 1602 2243 nibil
1613 2184 1651 2243 ad
1660 2185 1773 2246 barrum

117 2278 256 2351 dispersis
276 2279 346 2336 viris
369 2279 513 2352 religiosis
530 2286 558 2336 et
573 2279 602 2335 in
630 2280 752 2336 summis
774 2281 916 2352 angustiis
969 2295 1122 2337 commuue
1135 2279 1188 2338 iuit
1202 2283 1382 2354 recta.Qued
1397 2285 1421 2342 si
1432 2290 1531 2341 autom
1539 2284 1773 2356 prestantissimi

25 2436 34 2445 ,
117 2376 290 2447 constitutis,
306 2383 334 2432 et
355 2377 480 2434 maxime
490 2375 608 2449 direptis
627 2376 818 2446 bibliothecis,
834 2384 864 2435 ut
879 2375 915 2434 ab
969 2377 1022 2434 viri
1036 2392 1071 2435 ae
1085 2380 1226 2454 magistri,
1241 2382 1407 2456 imprudens
1431 2389 1459 2439 et
1484 2397 1695 2455 preproperus,
1713 2398 1771 2442 non

9 2466 12 2471 ’
118 2473 213 2546 alique
233 2471 321 2546 digne
334 2480 525 2544 prestaretur,
538 2481 600 2530 erat
617 2474 762 2531 moraliter
778 2475 912 2546 impossi·
969 2475 1049 2544 satis,
1060 2483 1092 2533 ut
1099 2477 1259 2550 oportebat,
1271 2487 1392 2538 terrenae
1403 2480 1598 2538 consuluerim
1608 2482 1770 2552 memoris,

117 2569 185 2628 bile.
204 2570 241 2627 At
256 2583 332 2627 anno
356 2570 485 2642 proxime
507 2570 616 2642 elapso,
631 2571 685 2627 viri
700 2571 779 2628 omni
791 2586 912 2628 venera·
969 2571 1100 2632 dililciles
1111 2581 1197 2649 atoue
1211 2577 1316 2650 iniquae
1330 2580 1415 2652 plane
1430 2577 1536 2636 iactum
1551 2586 1693 2637 excusent
1703 2587 1771 2639 tem·

117 2668 197 2726 tione
228 2666 309 2740 digni
342 2667 489 2740 inopinato
521 2667 654 2725 insistere
682 2674 847 2741 coeperunt,
885 2677 916 2727 ut
970 2684 1071 2743 porum
1094 2672 1326 2746 circumstantis,
1349 2684 1378 2735 et
1405 2677 1442 2749 pii
1468 2676 1531 2748 eius
1559 2675 1633 2733 mibi
1655 2678 1767 2735 venian

117 2764 264 2837 exemplar
276 2765 501 2837 manuscriptum
516 2764 673 2822 traderetur
686 2766 821 2824 societati
832 2780 847 2823 a
860 2781 913 2840 pu·
969 2750 1129 2828 concedant
1140 2786 1251 2842 manes,
1268 2773 1381 2846 quibus,
1401 2774 1531 2831 emnium
1545 2772 1701 2833 christiani
1715 2776 1761 2833 bo-

117 2861 258 2920 blicaudis
273 2861 352 2920 libris
374 2863 587 2920 aeclesiasticis.
610 2864 912 2936 Responsieniexem·
970 2866 1055 2924 minis
1082 2867 1211 2927 laborum
1240 2871 1337 2940 linem,
1367 2886 1465 2929 veram
1491 2871 1522 2928 iu
1554 2886 1614 2929 non
1643 2871 1770 2931 desitum

119 2960 182 3033 plar
203 2973 261 3016 non
280 2974 345 3016 esse
367 2968 567 3032 praeparatum,
584 2959 687 3018 deesse
709 2960 803 3018 adhuc
826 2962 913 3020 multa
969 2966 1068 3022 aeterni
1078 2964 1237 3042 inllnitique
1248 2970 1365 3027 luminis
1376 2969 1620 3041 contemplatione
1631 2984 1770 3045 apprecer

120 3072 185 3129 que
199 3057 328 3129 suppleri
341 3055 489 3128 deberent,
506 3058 699 3132 opponebant,
723 3060 829 3118 melius
850 3075 915 3118 esse
969 3060 1146 3122 felicitatem.

118 3162 149 3212 ut
163 3155 316 3212 Sermones
343 3155 470 3226 lienerii,
486 3156 610 3228 jamdiu
625 3158 747 3230 quaesiti,
770 3158 915 3231 prodirent
1573 3165 1627 3224 Su.

306 3383 403 3443 Romae,
418 3384 459 3435 dic
473 3385 504 3436 20
518 3385 579 3437 febr.
594 3386 663 3436 1879.
