3802 6166
117 302 180 365 ³77

118 462 261 526 fratrum
274 462 427 536 consilio,
439 462 480 525 ad
492 465 665 543 exemplar
669 468 741 544 jam
753 464 917 529 dictorum

118 561 313 633 Alexandri,
337 562 525 635 Clementis
552 563 731 637 Caelestini,
757 566 917 627 911199-

116 659 234 731 centii,
260 658 542 736 praedecessorum
566 664 755 724 nostrorum
778 663 919 738 legatio-

119 772 197 819 nem
217 759 474 819 transmarinam
497 759 572 831 tibi,
594 761 724 838 tuisque
748 777 919 825 successo-

119 856 214 917 ribus
226 856 260 916 in
275 858 470 933 perpetuum
486 858 640 919 duximus
655 860 916 933 concedendam

122 954 168 1015 119
188 954 320 1032 quidem
342 957 378 1016 ut
401 955 542 1030 singulis
564 957 726 1017 octenniis
741 974 816 1018 cum
830 958 921 1033 epis-

122 1068 215 1128 copo,
230 1051 283 1113 191
298 1053 461 1113 cardinali
482 1056 640 1115 Romanae
661 1055 818 1115 Ecclesiae
840 1056 920 1117 illuc

123 1149 282 1210 accedere
309 1150 474 1219 debeatis,
501 1167 521 1211 a
551 1151 655 1225 nobis,
685 1154 717 1214 et
745 1154 919 1215 catholicis

124 1248 372 1309 successorihus
387 1249 521 1321 nostris,
538 1251 686 1312 eamdem
700 1252 919 1323 auctoritatis,

124 1347 160 1406 et
174 1347 345 1421 potestatis
367 1346 604 1423 plenitudinem
629 1350 805 1426 recepturi,
821 1366 920 1426 quam

123 1444 310 1520 episcopua,
335 1445 385 1504 rel
414 1445 594 1505 cardinalis
627 1446 792 1517 hahuerit,
821 1448 876 1523 qui
901 1463 921 1507 a

124 1541 235 1612 nobie,
266 1542 320 1603 191
346 1543 746 1606 successorihusnostris
774 1544 855 1605 illuc
881 1545 921 1605 de

125 1655 264 1716 corpore
279 1640 435 1701 Ecclesiae
455 1640 555 1702 fuerit
573 1642 768 1704 destinatus.
786 1644 923 1704 119199-

123 1737 244 1799 1911919
267 1755 408 1815 quoque,
432 1739 516 1814 quod
540 1741 575 1800 in
599 1741 708 1800 insula
738 1741 922 1801 Gallinaria

124 1835 223 1898 situm
239 1838 299 1905 est,
320 1836 361 1897 ad
377 1840 433 1913 jus
449 1840 482 1897 S.
500 1840 539 1898 R.
557 1840 591 1898 Ε.
609 1839 830 1915 spiritualiter
845 1854 923 1915 per-

126 1934 247 2005 tinens,
272 1934 305 1995 et
328 1935 486 1995 ecclesias
511 1936 680 1997 19999119
707 1939 740 1997 et
765 1936 922 1997 suburbio

125 2034 248 2094 Portus
282 2033 422 2093 Veneris
457 2049 477 2094 a
508 2034 724 2111 juridictione
761 2035 922 2095 Lunensis

125 2131 274 2208 episcopi
290 2131 484 2204 eximentes,
502 2132 574 2203 tibi,
596 2135 629 2193 et
648 2132 701 2204 119,
723 2132 779 2209 qui
799 2133 872 2209 post
890 2132 923 2193 19

125 2229 358 2302 successerint,
375 2230 410 2291 in
429 2229 622 2306 perpetuum
639 2230 828 2306 apostolica
842 2246 925 2291 999-

124 2327 260 2390 19111919
284 2328 507 2400 concedimus,
524 2329 556 2389 et
571 2329 728 2405 praesenti
750 2329 924 2405 priuilegio

125 2425 373 2487 confirmamus.
389 2425 668 2500 hlhinganensenr
683 2427 822 2501 insuper
841 2426 926 2502 epis·

125 2526 282 2600 copatum
316 2523 388 2595 tibi,
425 2526 457 2585 et
490 2524 737 2585 successoribus
772 2524 848 2595 1919,
884 2522 925 2585 ad

127 2621 302 2699 exemplar
305 2623 376 2698 jam
390 2621 551 2682 dictorum
561 2622 808 2682 antecessorum
817 2621 923 2694 Alex,

128 2719 318 2789 Clementis,
335 2720 514 2791 Caelestini,
540 2722 574 2781 91
596 2720 781 2780 1119991111
807 2734 928 2780 99199-

131 2818 239 2879 dimus
266 2817 496 2889 nihilominus,
526 2818 559 2879 et
589 2816 832 2878 confirmamus.
863 2820 928 2877 De-

132 2916 232 2993 nique
260 2917 296 2977 ut
322 2916 500 2977 Januensis
529 2916 658 2988 civitas,
684 2932 757 2993 quae
782 2916 927 2976 coelestis

131 3013 278 3075 numinis
307 3014 420 3090 adjuta
436 3014 561 3086 191919,
584 3013 624 3074 de
650 3014 795 3074 inimicis
819 3013 928 3074 crucis

132 3112 258 3174 Christi
273 3111 476 3187 triumphum
492 3112 692 3189 frequenter,
710 3114 743 3173 et
754 3111 928 3172 1191911919

130 3210 316 3287 reportavit
339 3210 371 3270 91
394 3209 555 3286 plurimas
587 3226 700 3270 eorum
725 3209 822 3269 urbes
843 3209 929 3270 mira

127 3307 274 3385 quadam
289 3307 321 3366 et
336 3306 522 3368 invincibili
546 3308 709 3383 potestate
728 3306 928 3384 subjugavit,

131 3404 288 3481 ampliori
302 3404 483 3466 honoretur
496 3404 628 3481 fastigio
646 3404 828 3479 dignitatis,
845 3420 930 3481 equo

132 3500 932 3579 albo,cumnauoalba,inprocessionibusuti,et

133 3616 278 3672 9199919,
295 3600 454 3661 uexillum
475 3600 631 3661 videlicet
650 3599 857 3660 Dominicum
873 3613 932 3675 per

132 3698 314 3776 subjectam
330 3697 423 3759 vobis
438 3698 645 3774 prouinciam
660 3697 827 3775 portandi,
844 3697 933 3757 91991

133 3795 602 3876 praenominatiantecessores
612 3796 717 3857 nostri
728 3795 932 3856 concessisse

132 3894 328 3966 noscuntur,
344 3893 405 3955 tibi
419 3894 550 3971 tuisque
563 3893 812 3955 successoribus
828 3893 934 3955 licen-

134 3993 216 4054 tiam
238 3992 366 4061 damus,
387 3993 420 4053 et
442 3992 579 4054 liberam
603 3992 697 4053 vobis
721 3992 933 4053 concedimus

132 4090 336 4152 facultatem.
362 4090 410 4150 Ad
435 4090 506 4151 haeo
529 4090 690 4152 tanuensi
711 4089 839 4151 civitati
863 4105 934 4150 rne-

135 4189 293 4250 dietatem
315 4189 457 4249 Corsicae
479 4188 609 4261 insulae,
629 4188 670 4250 ad
690 4187 861 4264 exemplar
876 4202 934 4249 eo-

136 4287 288 4348 rumdem
303 4286 585 4363 praedecessorum
606 4287 795 4348 nostrornm
814 4299 935 4347 conce-

137 4383 265 4456 dimuS,
290 4384 337 4445 ita
366 4383 508 4455 scilicet,
541 4385 577 4444 ut
606 4382 717 4455 nobis,
747 4383 935 4459 nostrisque

137 4481 388 4547 successoribus
431 4482 610 4545 Januensis
653 4481 814 4558 populus,
861 4496 935 4541 9919

138 4579 261 4642 exinde
276 4579 376 4642 fuerit
390 4579 580 4657 requisitus,
596 4578 786 4640 fidelitatem
798 4579 890 4656 juret
904 4580 937 4639 et

138 4694 199 4756 pro
227 4677 387 4755 pensione
415 4693 515 4737 91919
542 4677 662 4738 libram
693 4676 768 4737 auri
795 4676 936 4751 singulis

139 4775 238 4838 annis
254 4775 359 4847 nobis,
377 4776 409 4838 et
424 4775 673 4836 successoribus
689 4774 812 4836 nostris
825 4773 938 4836 exsol-

140 4876 208 4946 191,
237 4872 338 4935 salvis
366 4873 524 4933 nimirum
559 4871 666 4934 iendis
698 4873 766 4933 tam
801 4872 934 4943 1991119,

140 4988 241 5051 quam
269 4973 478 5043 Pisanorum,
498 4971 583 5032 sicut
604 4987 623 5031 a
646 4970 758 5032 decem
782 4970 880 5031 annis
906 4970 938 5031 et

141 5087 243 5147 supra
276 5068 458 5131 obtinuisse
491 5070 682 5131 noscuntur.
719 5068 826 5129 Pallio
858 5083 938 5130 1919

141 5168 231 5231 inira
257 5167 432 5229 9991991919
456 5167 638 5244 perfruaris
664 5166 717 5226 his
743 5166 876 5238 diebus,
903 5166 938 5226 in

140 5269 244 5328 Coena
267 5265 408 5339 Domini,
421 5264 775 5336 Paschahscensione
794 5263 937 5336 Domini,

143 5365 349 5436 Pentecoste,
365 5365 399 5424 in
414 5364 593 5426 festivitate
608 5363 833 5440 apostolorum
849 5362 940 5424 Petri

143 5466 177 5524 et
186 5463 283 5523 Pauli
297 5464 330 5523 et
340 5464 374 5523 S.
385 5462 524 5524 loannis
531 5462 700 5538 Baptistae,
710 5463 743 5521 S.
756 5459 939 5529 Laurentii,

144 5560 251 5623 trihus
266 5559 513 5632 festivitatibus,
534 5563 571 5621 B.
592 5560 719 5630 Mariae,
733 5559 769 5619 in
784 5556 942 5619 solemni-

144 5660 215 5721 tate
232 5658 379 5721 omninm
399 5659 607 5727 Sanctorum,
633 5660 665 5718 S.
688 5656 775 5735 Syri,
795 5656 829 5718 et
849 5654 941 5721 Beati

754 306 984 369 aP1sTOLAE.
1007 306 1086 368 LIB.
1108 304 1135 369 1.

1710 276 1842 373 aaa

971 466 1178 530 confessoris
1206 465 1348 542 Nicolai,
1376 466 1488 530 Natali
1514 468 1656 543 Domini,
1686 470 1768 549 Epi-

971 564 1106 641 phania,
1132 566 1164 625 et
1190 563 1226 624 in
1250 564 1481 627 anniversario
1503 582 1573 628 suae
1592 582 1771 629 consecra-

971 660 1073 723 tionis
1111 661 1180 733 die,
1217 662 1253 722 in
1293 662 1598 725 consecrationibus
1640 680 1770 744 quoque

972 761 1216 837 episcoporum,
1253 759 1488 833 basilicarum,
1520 763 1554 824 et
1585 762 1771 825 ordinatio-

972 857 1070 918 nibus
1110 857 1319 919 clericorum.
1355 858 1529 921 Abbatiam
1567 876 1697 938 quoque
1729 860 1770 922 de

972 958 1060 1033 Tyro
1074 957 1115 1017 ad
1132 957 1408 1025 meliorationem,
1426 958 1517 1019 99119
1536 960 1568 1019 S.
1584 961 1623 1021 h.
1640 962 1674 1019 h.
1693 975 1773 1037 pro-

973 1054 1123 1131 prietate,
1138 1070 1177 1116 99
1197 1071 1309 1128 99199,
1333 1056 1420 1117 sicut
1441 1056 1591 1133 praedicti
1611 1058 1769 1119 anteces-

974 1170 1067 1214 sores
1091 1154 1196 1215 nostri
1218 1156 1440 1226 innocentius,
1470 1156 1578 1229 Alex,
1608 1156 1769 1229 Clemens,

975 1252 1181 1322 Coelestinus,
1201 1254 1234 1313 et
1252 1254 1463 1314 Innocentius
1486 1253 1605 1315 fecisse
1624 1269 1773 1315 noscun-

974 1352 1039 1421 tur,
1055 1349 1116 1411 tibi
1140 1349 1244 1411 irater
1262 1350 1523 1428 archiepiscope,
1539 1352 1671 1430 tuisque
1693 1368 1772 1413 sua-

975 1446 1163 1508 cessoribus
1178 1448 1334 1508 duximus
1351 1450 1628 1511 committendam.
1654 1452 1770 1527 Siqua

975 1546 1077 1621 igitur
1090 1545 1125 1604 in
1147 1544 1294 1605 futurum
1313 1547 1552 1615 ecclesiastica,
1569 1548 1773 1608 secularisve

975 1658 1117 1721 persona
1126 1641 1212 1704 hana
1223 1645 1344 1704 nostrae
1355 1645 1600 1705 constitutionis
1614 1645 1770 1721 paginam

976 1741 1084 1802 sciens
1099 1741 1214 1801 contra
1230 1757 1304 1802 9919
1317 1742 1442 1804 temere
1454 1743 1569 1803 uenire
1582 1742 1770 1815 tentaverit,

976 1836 1120 1898 secundo
1143 1837 1282 1899 19111919
1312 1839 1523 1910 commonita,
1551 1839 1617 1905 nisi
1641 1838 1772 1900 reatum

976 1952 1073 1996 suum
1091 1951 1238 2010 congrua
1256 1936 1483 1997 satisfactione
1499 1937 1693 2007 correxerit,
1713 1951 1776 2013 po-

976 2034 1106 2095 testatis
1135 2033 1337 2111 honorisque
1370 2035 1421 2094 sni
1455 2033 1616 2109 dignitate
1649 2032 1773 2107 careat,

977 2147 1134 2208 reamque
1150 2147 1186 2191 99
1204 2132 1316 2193 divino
1334 2132 1462 2210 jndicio
1483 2133 1632 2194 existere
1643 2133 1684 2193 de
1698 2148 1777 2209 per-

979 2231 1108 2306 petrata
1128 2230 1304 2306 iniquitate
1327 2233 1515 2306 cognoscat,
1530 2233 1563 2291 et
1580 2246 1600 2290 a
1617 2229 1778 2291 sacratis-

979 2328 1062 2388 simo
1087 2343 1236 2404 corpore,
1259 2329 1291 2388 et
1311 2329 1474 2403 sanguine
1498 2329 1568 2399 Dei,
1589 2345 1628 2389 ac
1644 2326 1778 2389 Domini

979 2426 1209 2501 Redemptoris
1224 2427 1330 2486 nostri
1345 2428 1363 2489 J
1367 2442 1425 2486 esu
1438 2427 1561 2487 Christi
1580 2427 1689 2486 aliena
1705 2423 1775 2497 nat,

979 2524 1077 2601 atque
1092 2524 1127 2584 in
1143 2525 1292 2585 extremo
1315 2524 1469 2586 examine
1484 2524 1642 2585 districtae
1658 2522 1777 2585 ultioni

980 2621 1161 2699 subjaceat.
1184 2623 1317 2683 Cunctis
1339 2626 1450 2684 autem
1468 2638 1527 2683 999
1543 2624 1779 2700 1919991191-

979 2718 1067 2781 tibus
1089 2719 1132 2779 sit
1158 2735 1224 2796 pax
1248 2720 1378 2781 Domini
1405 2720 1511 2781 nostri
1535 2723 1616 2784 Jesu
1641 2718 1777 2791 Christi,

981 2817 1144 2894 quatenus
1179 2818 1212 2877 et
1245 2816 1300 2876 hic
1333 2815 1477 2877 fructum
1508 2815 1603 2876 bonae
1637 2814 1779 2876 99119919

981 2914 1186 2991 percipiant,
1223 2915 1256 2976 et
1291 2915 1377 2990 apud
1415 2914 1602 2975 districtum
1631 2913 1779 2991 judicem

982 3012 1120 3088 praemia
1147 3012 1282 3074 aeternae
1319 3012 1411 3089 pacis
1445 3014 1628 3076 inveniant.
1659 3015 1778 3086 Amen,

982 3125 1089 3180 amen,
1113 3126 1221 3171 amen.
1244 3111 1362 3170 Datum
1386 3111 1553 3182 Laterani,
1570 3126 1630 3188 per
1645 3128 1779 3173 manum

983 3207 1141 3284 Raynerii
1168 3207 1291 3267 sanctae
1320 3209 1477 3269 Romanae
1505 3208 1662 3271 Ecclesiae
1687 3210 1780 3270 vice-

984 3304 1314 3373 cancellarii,octav0
1326 3304 1486 3365 kalendas
1498 3306 1781 3376 maii,indictione

985 3404 1090 3474 sexta,
1109 3402 1352 3463 incarnationis
1370 3403 1550 3463 Dominicis
1566 3419 1653 3463 anno
1667 3402 1782 3463 mille·

985 3501 1068 3561 simo
1088 3500 1313 3561 ducentesimo
1333 3500 1626 3577 decimoseptimo,
1644 3496 1781 3576 pontiti-

986 3599 1168 3659 991991919
1180 3597 1305 3660 domini
1320 3597 1459 3658 Houorii
1474 3602 1574 3674 Papae
1586 3597 1678 3659 tertii
1692 3611 1781 3658 anno

986 3711 1106 3773 primo.

1308 3882 1456 3969 adalh

986 4072 1038 4131 Ad
1049 4070 1255 4132 abbatissam
1269 4071 1303 4132 et
1316 4073 1484 4133 9991919199
1504 4072 1545 4131 de
1559 4072 1781 4133 Rinesburch.

1277 4219 1311 4277 tt
1327 4219 1409 4292 april.
1424 4219 1501 4278 ltlt.

1058 4370 1151 4435 [Kluit
1167 4369 1278 4420 llistoria
1290 4370 1376 4420 9111199
1386 4369 1535 4429 Hellandioe,
1549 4375 1568 4420 1.
1581 4371 1612 4429 ll,
1623 4388 1650 4436 p.
1659 4370 1729 4437 38h]

1060 4504 1117 4560 Eas
1131 4516 1196 4559 cum
1210 4502 1344 4560 omnibus
1357 4502 1440 4560 bonis
1455 4502 1576 4560 tuendas
1588 4503 1715 4576 suscipit.

1029 4674 1196 4736 Honorius
1207 4675 1392 4753 episcopus,
1406 4690 1522 4736 servas
1534 4688 1705 4735 servorum
1714 4674 1785 4749 Dei,

990 4772 1118 4833 dilectis
1146 4771 1182 4833 in
1210 4772 1341 4834 Christo
1369 4772 1517 4842 filiabus,
1546 4770 1723 4832 abbatissae
1748 4788 1789 4835 aa

990 4868 1190 4931 monialibus
1205 4869 1245 4932 de
1261 4870 1479 4941 Rinesburch,
1492 4869 1676 4931 salutemet
1686 4872 1791 4947 Apos-

990 4967 1415 5030 tolicambenedictionem.
1784 4988 1787 4993 ·

1033 5066 1123 5127 Solet
1135 5080 1282 5126 annuere
1296 5065 1398 5126 Sedes
1415 5065 1606 5142 Apostolica
1625 5066 1691 5143 piis
1703 5065 1791 5128 19119

993 5166 1026 5227 91
1054 5163 1203 5225 honestis
1237 5163 1419 5240 petentium
1455 5163 1608 5239 precibus
1642 5163 1791 5225 19191911

992 5261 1190 5325 benevolum
1204 5261 1378 5337 impertiri.
1399 5261 1591 5338 Eapropter,
1608 5260 1736 5323 dilectae
1755 5261 1792 5323 in

994 5360 1124 5422 Christo
1143 5360 1232 5431 tiliae,
1253 5360 1372 5421 vestris
1387 5361 1488 5437 justis
1514 5360 1790 5436 postulationibus

994 5460 1088 5535 grato
1115 5460 1349 5519 concurrentes
1384 5474 1535 5530 assensu,
1566 5472 1725 5535 personas
1758 5458 1793 5519 et

995 5554 1234 5617 monasterium
1251 5558 1401 5617 vestrum
1427 5557 1462 5616 in
1486 5570 1550 5633 quo
1574 5554 1687 5615 divino
1711 5554 1791 5615 estis

996 5653 1214 5731 obsequentes
1222 5650 1675 5731 mancipatae,aumomnibns
1683 5650 1791 5724 banis,
