3802 6166
129 270 174 333 39
750 272 927 335 HONORII
947 272 993 333 111
1014 274 1162 339 OPERA.
1740 284 1783 345 ⁴0

131 432 287 495 dandum.
317 434 476 495 (terentes
501 434 612 495 autem
635 433 676 495 de
702 434 759 495 tua
793 434 933 496 elrcum·
985 431 1114 509 fraude,
1129 437 1322 499 renovaturi
1332 436 1373 499 de
1384 438 1544 502 oeterode
1554 441 1782 520 quinquennio

44 598 50 605 ,
88 514 91 519 ’
132 531 302 608 spectione
325 530 481 592 fiduciam
496 531 689 607 pleniorem,
707 547 784 593 ecce
799 531 931 608 plenam
985 532 1021 592 in
1036 533 1298 611 quinquennium
1317 535 1509 614 hujusmodi
1526 542 1780 616 juramentume

134 628 193 692 tibi
220 630 431 693 concedimus
452 630 649 705 potestatem
659 629 800 708 juvandi
818 645 931 706 regem
985 631 1245 694 contradictores
1257 634 1379 706 autem,
1406 635 1516 713 siqui
1544 636 1782 709 1110111111οο-

131 730 166 790 et
197 743 336 803 regnum
372 726 633 805 quibuscumque
664 729 772 789 modis
805 727 930 790 videris
984 744 1050 789 uon
1065 732 1098 791 01
1108 731 1199 807 pacis
1213 732 1265 793 vel
1279 732 1355 793 ildei
1370 733 1556 796 turbatores
1578 751 1638 814 per
1658 752 1784 799 censu-

131 824 300 901 expedire,
323 823 414 885 tuam
441 824 582 886 sollicite
608 825 824 888 admonentes
850 842 931 903 pru-
984 842 1040 889 ras
1067 828 1324 903 ecclesiasticas,
1352 847 1427 909 app.
1453 848 1549 905 rem,
1577 850 1780 912 compescas,

131 922 288 995 dentiam,
298 923 335 985 ut
344 938 463 983 caveas
474 938 516 983 ne
527 922 708 985 insolenter
720 924 929 999 aggrediaris
984 926 1098 987 centra
1121 927 1269 1004 ejusdem
1296 929 1399 1005 pacis,
1421 931 1473 991 rel
1501 932 1579 993 tidei
1594 933 1781 996 turbatores

130 1020 256 1097 aliquid
272 1021 324 1083 vel
342 1022 484 1083 attentes
503 1036 563 1097 per
581 1021 667 1099 qued
683 1022 830 1083 Ecclesia
847 1038 930 1083 cen·
984 1025 1195 1086 convocando
1215 1026 1329 1087 fideles
1351 1029 1489 1105 populos
1503 1030 1568 1090 tuae
1586 1032 1781 1108 provinciae,

25 1194 30 1199 Ι
128 1116 298 1181 tundatur.
333 1120 451 1181 Datum
484 1119 656 1191 Laterani,
686 1120 831 1181 1001111110
858 1120 926 1182 kal.
983 1122 1011 1181 si
1025 1137 1160 1183 necesse
1188 1123 1288 1185 luerit
1317 1142 1376 1202 per
1400 1126 1636 1203 indulgentias,
1660 1146 1783 1191 seeun-

131 1216 288 1291 eetebris,
305 1232 393 1279 anuo
408 1217 526 1296 primo.
983 1219 1060 1280 dum
1088 1222 1174 1298 quod
1207 1222 1343 1284 utilitati
1367 1225 1585 1286 ecclesiarum
1617 1229 1650 1289 et
1676 1229 1782 1290 totius

982 1318 1091 1389 terrai,
1115 1334 1243 1380 necnon
1266 1322 1298 1383 et
1316 1321 1503 1383 animarum
1532 1325 1632 1386 saluti
1655 1326 1782 1387 videris

538 1460 550 1483 ,
982 1416 1149 1492 expedire.
1169 1417 1262 1478 Nulli
1283 1434 1363 1496 erge
1385 1419 1556 1481 hominum
1571 1422 1671 1485 liceat
1692 1423 1781 1485 hane

481 1459 587 1545 XXX
981 1514 1138 1590 paginam
1151 1517 1273 1577 nostrae
1295 1516 1556 1579 confirmationis
1573 1519 1777 1596 infringere3

827 1638 831 1645 ‚
982 1612 1011 1671 si
1043 1613 1118 1688 quis
1153 1614 1275 1685 autem,
1310 1616 1371 1676 ete.
1405 1617 1524 1677 Datum
1550 1617 1718 1690 Laterani,
1747 1621 1777 1681 11

60 1750 66 1755 ,
150 1684 203 1745 Ad
224 1684 387 1745 dorstado
410 1684 689 1745 Auctione-asem
711 1686 906 1759 episcopam
981 1708 1049 1770 pap,
1085 1709 1250 1783 (mappis,
1287 1712 1499 1790 pontificatus
1542 1716 1648 1777 „Osa-i
1687 1731 1777 1778 anno

328 1780 363 1842 et
380 1780 620 1857 secffrapaneos
638 1782 724 1853 ejas.
981 1808 1087 1884 primo
1103 1806 1162 1887 (1),

423 1894 459 1951 m
472 1900 545 1967 sept.
563 1894 641 1952 1116.

161 2018 281 2084 nogat..
299 2016 467 2081 11111111.
487 2018 527 2068 se.
545 2018 895 2084 -eonquananenea
1315 1998 1441 2085 XXXI

137 2102 140 2107 '
202 2100 207 2109 '
336 2097 483 2157 historiens,
497 2102 517 2149 t.
528 2099 596 2158 xlx,
611 2114 635 2164 p.
646 2098 715 2163 ela]

978 2176 1030 2234 Ad
1048 2175 1255 2237 abbatissam
1280 2177 1314 2238 et
1335 2179 1500 2239 assentator
1522 2180 1557 2240 S.
1577 2180 1773 2245 salvatoris

98 2284 101 2289 ·
127 2260 248 2335 Cognita
265 2258 399 2335 exlegem
413 2258 560 2318 bominum
569 2258 754 2333 multiplicate
765 2260 922 2333 iniquitate,
1256 2277 1495 2337 Massiliensis,

162 2348 281 2409 mandet
296 2348 424 2407 Pontifex
437 2357 468 2407 ut
485 2351 514 2406 iu
530 2363 564 2407 ea
581 2349 727 2423 provincia
746 2349 873 2407 universi
888 2348 924 2407 ed
1289 2389 1374 2447 300„
1393 2389 1471 2447 4246,

159 2438 311 2515 jurandam
324 2453 423 2512 pacem
439 2436 662 2512 adstringantur,
674 2444 703 2496 ot
716 2437 752 2496 de
762 2439 922 2512 quinquen-

57 2530 60 2539 '
161 2529 210 2586 nio
225 2527 261 2586 od
276 2528 364 2600 quinq
376 2542 507 2585 pennum
521 2526 622 2585 eodem
633 2527 795 2602 juramento
805 2542 838 2585 se
850 2528 922 2586 obli,
994 2509 1098 2575 [dedra
1109 2509 1217 2561 Histoire
1229 2510 1260 2562 de
1270 2511 1385 2575 l’abbape
1396 2512 1441 2563 des
1455 2512 1602 2577 religieuses
1617 2514 1648 2566 de
1667 2516 1754 2568 Saint-

162 2624 243 2693 gent.
1162 2592 1275 2644 Seureur
1289 2592 1320 2642 de
1332 2592 1464 2651 blerseille,
1477 2609 1503 2658 p.
1515 2594 1586 2660 111]

122 2824 125 2829 ,
167 2761 335 2826 Honorius
354 2762 529 2840 episcopus
547 2760 924 2825 101111111111111111-
977 2733 1122 2835 00901111
1139 2742 1168 2792 ”t
1180 2734 1215 2792 αθ
1231 2734 1380 2793 ⁰⁰⁹⁸¹³b¹¹⁸
1390 2737 1453 2837 ,⁸⁰⁵⁸
1466 2752 1529 2838 ‘1⁰⁸³
1542 2738 1663 2838 PF⁰W³⁸
1675 2754 1773 2815 ⁸⁰fflP·

125 2862 294 2925 nmensi
309 2860 562 2938 archiepiscopo
576 2858 623 2939 (1)
646 2861 796 2932 salutem,
811 2863 874 2923 etc·
1011 2823 1087 2881 tibus
1101 2824 1197 2926 colunt
1210 2823 1305 2926 vel-de
1322 2832 1502 2883 nutrimentis
1520 2827 1687 2886 auruialmm
1704 2845 1772 2887 suo·

165 2960 260 3023 mins
282 2961 371 3036 regis
386 2958 528 3038 pacifici,
553 2958 630 3020 licet
646 2959 814 3032 immeriti,
829 2959 923 3021 vica·
1011 2928 1074 2970 rum
1090 2928 1197 2970 nemim
1209 2913 1457 2972 decimasselvere
1471 2924 1631 2975 teneantur.

124 3059 167 3125 rii
182 3058 364 3129 constituti,
381 3058 448 3135 qui,
473 3056 509 3118 ut
533 3056 767 3119 reconciliaret
788 3074 921 3119 servum
1015 3058 1183 3119 Honorius
1191 3057 1377 3135 episcopus,
1389 3074 1505 3120 servus
1515 3076 1687 3122 serrorum
1697 3063 1771 3135 Dei,

25 3194 35 3207 ·
124 3156 275 3229 Domine,
304 3156 412 3218 univit
426 3153 669 3216 bominemsibi
685 3157 762 3229 Dee,
780 3156 921 3218 libenter
975 3156 1105 3218 dilectis
1134 3156 1169 3217 in
1192 3156 1321 3219 cbristo
1346 3155 1515 3218 filiabus...
1543 3158 1720 3221 abbatissae
1740 3163 1774 3222 et

122 3255 168 3321 iis
182 3255 241 3332 qui
255 3269 357 3331 prope
383 3254 415 3315 et
436 3253 489 3313 llis
512 3253 570 3329 qui
596 3252 694 3329 longe
716 3254 804 3324 sunt,
829 3255 920 3332 pacis
976 3254 1175 3316 monialibus
1189 3256 1221 3315 S.
1237 3254 1420 3317 salvatoris
1430 3256 1661 3330 Massiliensis,
1676 3258 1771 3319 salu-

123 3352 264 3415 nensilia
280 3351 475 3428 cogitamus,
498 3350 604 3428 ipsam
625 3367 684 3428 pro
703 3366 800 3428 posse
815 3352 920 3415 modis
974 3352 1040 3414 tem
1056 3354 1089 3414 et
1103 3352 1319 3430 apostolicam
1332 3352 1608 3415 benedictionem.

124 3450 277 3515 omnibus
308 3448 535 3527 procurantes.
568 3451 655 3511 Sane
693 3449 735 3511 ad
772 3450 920 3512 uestram
1015 3451 1076 3523 Qui
1097 3452 1249 3512 tenemur
1270 3450 1378 3527 Justas
1403 3451 1548 3512 omnium
1569 3452 1771 3529 postulatio-

122 3548 257 3613 noveris
290 3547 495 3610 audientiam
523 3547 735 3624 pervenisse,
766 3548 851 3626 quod
884 3547 919 3612 in
976 3564 1035 3610 nes
1056 3548 1230 3611 admittere
1245 3546 1458 3625 petitionibus
1473 3549 1593 3611 restris
1617 3568 1689 3628 quae
1713 3567 1774 3612 ra·

122 3648 292 3711 11111111
305 3645 475 3723 provincia
490 3645 523 3705 ot
535 3644 769 3723 circumposita
784 3647 920 3723 regione
974 3646 1056 3707 tioni
1070 3645 1270 3708 conveniunt
1284 3645 1317 3706 et
1330 3648 1517 3708 consonant
1529 3646 1695 3709 honestati
1709 3648 1773 3713 be-

123 3761 231 3823 usque
246 3744 329 3806 adeo
341 3742 560 3819 multiplicata
573 3744 624 3803 est
634 3743 794 3820 iniquitas
808 3760 920 3823 super-
974 3744 1108 3821 rrignius
1121 3745 1271 3805 nostrum
1281 3743 1431 3819 cogimur
1445 3743 1594 3820 praebere
1607 3744 1769 3821 favorem,

30 3892 40 3903 .
122 3843 251 3915 berum,
269 3841 366 3919 quod,
392 3839 533 3902 seientes
552 3840 631 3917 quia
649 3841 789 3918 justitiae
811 3843 919 3905 cultus
974 3843 1010 3904 ut
1035 3841 1215 3904 terrentius
1239 3840 1361 3902 divinis
1386 3840 1553 3919 obsequiis
1571 3843 1766 3917 intendatis,

126 3941 178 4003 est
199 3956 276 4017 pax,
292 3938 434 4017 injurias
454 3938 615 4014 irrogant,
637 3954 752 4015 pacem
772 3938 917 4014 turbant,
973 3953 1047 4000 eum
1069 3937 1110 4000 ab
1127 3938 1316 4015 Apostolica
1344 3939 1428 4000 Sede
1454 3940 1489 4000 in
1517 3940 1570 4001 bis
1595 3958 1667 4019 ‹111ae
1678 3945 1771 4019 juste

124 4042 168 4111 et,
185 4038 273 4101 inter
293 4037 443 4098 sanctum
457 4037 490 4097 et
502 4036 677 4113 profanum
696 4035 831 4099 minime
845 4037 918 4099 dis·
973 4036 1219 4113 postulaveritis
1233 4037 1363 4099 fueritis
1374 4037 1604 4100 exauditam
1619 4042 1768 4117 propter,

125 4136 315 4208 cernentes,
352 4131 438 4195 bona
465 4133 534 4195 tam
566 4133 792 4196 ecclesiastica
820 4151 918 4213 quam
973 4134 1101 4197 dilectae
1117 4134 1295 4197 ianristo
1319 4135 1407 4207 tiliae,
1424 4137 1545 4197 restris
1564 4138 1664 4215 justis
1685 4156 1768 4214 pos-

124 4234 293 4297 mundana
318 4230 480 4309 diripiunt
504 4232 538 4293 et
562 4231 768 4308 praedantur3
799 4233 918 4310 quibus
973 4231 1188 4294 tulationibus
1203 4235 1333 4307 gratum
1348 4233 1575 4310 impertientes
1593 4252 1768 4299 assensum

123 4334 190 4397 nisi
205 4331 305 4395 luerit
319 4329 498 4402 obviatum,
515 4346 615 4408 quum
637 4329 918 4407 superbiaeorum
973 4331 1014 4391 ad
1039 4331 1146 4393 instar
1177 4330 1284 4391 felicis
1314 4330 1554 4393 recordationis
1584 4332 1769 4395 Alexandri

123 4445 254 4509 semper
265 4427 433 4501 ascendat,
448 4428 482 4489 in
494 4426 712 4506 irreparabile
726 4428 827 4490 totius
839 4446 920 4508 pro·
974 4432 1071 4507 Papae
1087 4429 1340 4506 praedecessoris
1355 4428 1471 4502 nostri,
1496 4432 1693 4492 auctoritate
1706 4449 1770 4493 re-

121 4529 241 4595 vinciae
254 4527 399 4590 militant
411 4525 655 4587 detrimentum.
677 4527 833 4589 volentes
848 4529 917 4605 igi·
972 4525 1023 4587 bis
1038 4525 1226 4604 Apostolica
1241 4526 1395 4587 duximus
1408 4526 1658 4603 indulgendum,
1676 4530 1711 4590 ut
1727 4530 1769 4592 de

120 4629 177 4691 tur
188 4628 267 4689 buic
279 4626 365 4705 pesti
378 4622 557 4687 mortiferae
580 4638 754 4686 occurrere
768 4626 918 4691 antidoto
973 4623 1145 4686 novalibus
1165 4623 1284 4685 vestris
1315 4640 1387 4701 quae
1411 4625 1556 4702 propriis
1583 4626 1769 4703 sumptibus

119 4727 273 4799 salutari,
299 4725 413 4788 taliter
444 4721 599 4783 duximus
631 4721 854 4799 statuendum,
882 4728 918 4789 ut
972 4723 1080 4784 colitis
1095 4722 1165 4783 sive
1180 4721 1220 4782 de
1241 4720 1454 4783 nutrimentis
1477 4723 1673 4784 animalium
1689 4742 1770 4787 res-

120 4824 276 4887 videlicet
289 4825 336 4895 tu,
357 4824 391 4883 et
409 4817 613 4895 suffraganei
632 4819 692 4893 tui,
713 4836 844 4883 necnon
857 4822 919 4884 ab-
971 4821 1108 4893 trorum,
1125 4818 1250 4882 nemini
1267 4818 1412 4881 decimas
1427 4822 1557 4882 solvere
1571 4822 1766 4885 teneamini.

120 4920 224 4992 betas,
237 4916 475 4989 archidiaconi,
487 4916 520 4978 et
529 4915 588 4977 alii
597 4916 721 4991 clerici,
736 4919 914 4998 principes,
972 4921 1009 4981 lu
1022 4916 1286 4996 parrochialibus
1307 4918 1416 4979 autem
1436 4919 1588 4980 ecelesiis
1608 4923 1767 4997 (1111110-

122 5018 254 5091 milites,
262 5019 296 5079 et
309 5014 450 5093 populus
459 5014 636 5075 universus
650 5016 914 5094 tuaeprovineiae,
970 5017 1067 5090 netis,
1091 5016 1218 5078 licitum
1237 5015 1281 5077 sit
1294 5014 1388 5077 vobis
1408 5015 1620 5092 presbyteros
1634 5018 1687 5079 rel
1703 5019 1769 5081 cle-

119 5132 236 5197 pacem
257 5112 453 5177 auctoritate
471 5113 585 5175 nostra
602 5115 745 5191 juretis:
761 5114 916 5178 videlicet
970 5115 1058 5175 rieos
1077 5113 1211 5189 eligere,
1239 5113 1272 5173 et
1294 5112 1417 5174 electos
1438 5113 1593 5191 episcope
1617 5131 1768 5192 praesen-

121 5214 207 5295 quod
221 5229 294 5275 eam
304 5209 469 5283 tenebitis,
479 5210 734 5273 manutenebitis
749 5213 782 5277 et
796 5229 917 5292 seque-
969 5214 1052 5284 tare,
1081 5210 1210 5288 quibus,
1235 5210 1264 5270 si
1286 5209 1398 5272 idonei
1424 5209 1558 5284 suerint,
1586 5213 1765 5291 episcopus

120 5312 213 5384 mini,
243 5310 352 5389 justas
373 5308 406 5370 et
426 5307 642 5371 rationabiles
663 5310 915 5374 constitutiones
969 5310 1156 5371 animarum
1179 5323 1294 5369 curam
1307 5307 1504 5384 committat;
1521 5311 1558 5372 ut
1572 5309 1636 5386 ipsi
1664 5311 1696 5372 ei
1722 5310 1765 5375 de

119 5410 225 5473 iactas
247 5423 307 5487 pro
335 5406 408 5485 ipsa
428 5404 645 5469 observabitis
678 5407 818 5471 tirmiter
840 5411 914 5481 sine
969 5406 1208 5487 spiritualibus,
1224 5404 1319 5467 vobis
1334 5406 1444 5468 autem
1458 5405 1498 5468 de
1511 5407 1763 5492 temporalibus,

155 5568 196 5645 (1)
216 5566 322 5629 Garsloe
336 5562 373 5624 de
386 5562 464 5625 l’0rt.
1005 5563 1129 5648 (1111111.
1145 5563 1221 5622 bene
1234 5561 1351 5635 bullam,
1367 5564 1416 5622 lib.
1431 5568 1453 5634 l,
1470 5566 1510 5623 tit.
1524 5568 1603 5636 l7,e.
1619 5566 1765 5635 1,(111111111

967 5637 1086 5710 Cernprl.
1100 5643 1120 5693 t.
1133 5637 1156 5707 l,
1171 5651 1198 5708 p.
1216 5637 1277 5693 167.
