3802 6166
123 290 162 351 1⁵
416 272 419 279 '
744 275 921 339 aenean
942 274 988 337 111
1008 274 1157 338 erem.
1596 346 1599 351 ,
1730 268 1770 335 se

122 448 300 511 tumaciter
325 446 544 528 opponentem
567 436 919 504 excommunicationis
974 437 1141 512 suggesta,
1161 449 1228 513 qua
1251 446 1411 511 expressa
1428 429 1482 494 rel
1501 429 1602 493 tacita
1626 429 1771 493 obtineri

124 547 322 609 sententiam
337 539 588 623 promulgando,
599 537 732 601 tandem
743 536 838 597 miles
849 534 919 612 ipse
973 532 1110 596 minime
1129 532 1331 604 debuissent,
1352 529 1475 591 inerint
1488 529 1673 606 impetratae
1686 551 1694 603 3
1710 544 1771 589 ros

123 644 166 705 ad
182 645 343 705 decanum
362 642 615 708 Nirernensem,
632 637 665 698 et
679 635 825 711 collegas
841 648 919 693 suos
977 629 1137 708 quidquid
1152 630 1327 692 occasione
1342 629 1489 706 ipsarum
1504 626 1699 688 inueneritis
1714 628 1771 687 at-

124 742 254 805 litteras
266 740 471 818 Apostolicas
486 734 686 814 impetrarit,
699 748 757 811 per
769 747 851 810 quas
865 744 922 791 re-
973 728 1146 801 tentatum,
1171 726 1206 789 in
1234 727 1366 789 irritum
1392 727 1598 796 revocantes,
1631 725 1771 786 seuten-

123 840 239 903 uocari
258 838 390 916 petebat
411 835 497 915 quod
525 834 648 896 tactum
678 831 787 893 iuerat
805 830 920 891 contra
974 826 1039 889 tias
1060 826 1150 904 ipsas
1170 824 1256 888 sicut
1279 822 1523 886 rationabiliter
1542 822 1618 883 suut
1632 821 1772 898 prolatae

125 938 250 1015 ipsum;
267 951 370 1013 qrrare
388 935 495 997 dictus
517 932 659 995 clericus
676 929 795 992 sedem
812 930 922 1005 Apos-
975 923 1107 986 iacietis
1122 939 1182 1001 per
1196 938 1371 985 censuram
1391 919 1650 983 ecclesiasticam
1666 934 1772 995 usque

125 1034 260 1097 tolicam
284 1032 474 1110 appellarit.
498 1029 711 1092 Postmodum
729 1041 809 1088 vero
834 1040 923 1103 prae-
976 1022 1017 1084 ad
1040 1020 1302 1085 satisfactionem
1317 1018 1513 1094 condignam
1533 1015 1774 1078 inviolabiliter

127 1133 216 1195 dicto
239 1132 371 1205 clerico,
393 1131 426 1192 et
442 1127 657 1207 procuratore
680 1125 787 1203 ipsius
806 1121 922 1185 militis
976 1118 1147 1183 observari
1162 1117 1422 1181 contradictores
1440 1130 1580 1177 censura
1597 1113 1700 1174 simili
1712 1130 1775 1190 ap-

127 1230 215 1307 apud
235 1230 352 1291 Sedem
367 1227 590 1306 apostolicam
611 1221 799 1286 constitutis
819 1235 924 1297 nego-
978 1217 1156 1295 pellatione
1169 1215 1353 1295 postposita
1368 1210 1617 1291 compescendo.
1636 1210 1729 1283 Quod
1745 1211 1774 1271 si

129 1329 212 1391 tium
227 1328 335 1405 ipsum
350 1326 413 1389 iuit
428 1326 469 1386 de
485 1325 631 1402 ipsorum
653 1335 793 1382 assensu
812 1316 923 1379 abbati
977 1330 1044 1378 uon
1065 1330 1192 1383 omnes,
1207 1314 1284 1385 etc,
1307 1312 1372 1375 duo
1393 1312 1551 1382 restrum,
1568 1312 1630 1371 etc.
1654 1309 1774 1370 Datum

128 1424 170 1485 de
194 1424 357 1500 iosaphat
383 1422 418 1484 et
440 1423 513 1498 ejus
536 1416 764 1496 conjudicibus
785 1414 923 1489 delega-
978 1412 1176 1486 Perusii,Vl
1192 1411 1267 1473 idus
1287 1410 1431 1487 augusti,
1445 1408 1655 1486 pontificatus
1668 1406 1775 1468 nostri

129 1524 215 1594 tum,
245 1520 302 1598 qui
324 1520 475 1582 eamdem
502 1516 700 1579 sententiam
727 1512 925 1575 confirmare
978 1526 1067 1574 anno
1079 1511 1199 1589 primo.

28 1656 31 1663 -
129 1618 183 1681 rel
209 1619 379 1679 intirmare
400 1615 566 1687 deberent,
590 1611 731 1675 sicutde
745 1613 823 1689 jure
841 1624 924 1685 cog-

130 1717 330 1791 gnoscerent
344 1712 542 1777 iaciendum.
560 1709 653 1773 Unde
677 1724 777 1787 quum
794 1706 925 1786 judices
1327 1677 1425 1764 XIII

131 1813 207 1893 ipsi,
234 1813 355 1876 clerico
388 1811 569 1873 memerato
597 1810 633 1870 in
661 1809 808 1886 ipsorum
838 1819 927 1884 prae-

131 1911 239 1972 sentia
268 1910 458 1980 constituto,
485 1910 518 1969 et
534 1905 650 1969 eodem
670 1904 776 1968 milite
803 1901 926 1982 sapius

132 2010 166 2071 et
184 2008 332 2085 legitime
352 2008 480 2078 vocato,
498 2021 559 2068 nec
580 2018 772 2081 comparere
794 2000 927 2064 volente

132 2106 368 2181 cognovissent
387 2104 428 2166 ds
450 2102 625 2166 sententiis
646 2098 857 2180 supradictis,
874 2098 928 2176 ip-
1278 2085 1310 2143 ¹¹
1326 2099 1393 2157 ³1¹8·
1411 2083 1491 2143 ¹²¹⁰·

132 2219 254 2282 sasque
274 2201 516 2265 rationabiliter
536 2199 762 2277 promulgatas
785 2198 826 2260 de
847 2212 929 2276 pru·
1066 2211 1196 2277 [1111111.
1213 2211 1380 2262 nocumenta
1393 2206 1599 2272 111111111111,
1615 2217 1643 2257 1·
1657 2206 1694 2271 n]

133 2300 420 2363 dentumvirorum
429 2298 570 2361 consilio
581 2295 842 2367 confirmassent,
850 2294 928 2372 quia

133 2399 184 2461 rei
206 2398 364 2477 iudicatae
387 2412 506 2475 parere
531 2395 674 2469 nolebat,
697 2395 799 2457 latam
819 2393 855 2455 in
875 2392 929 2469 ip-

134 2513 206 2559 sum
231 2493 583 2559 excommunicationis
608 2491 806 2556 sententiam
829 2491 929 2553 inno-

133 2597 267 2656 varunt·
281 2596 433 2656 (ἶθῒθΐῦῐῐῑ
451 2608 551 2670 quum
569 2590 765 2670 Saepediclllss
786 2588 928 2651 clericus
1022 2596 1190 2661 Honorius
1204 2596 1390 2673 episcopus,
1407 2592 1592 2657 venerabili
1606 2590 1703 2653 iratrt
1715 2594 1780 2653 hr-

134 2690 177 2753 ad
195 2691 467 2753 archidiaconum
483 2693 669 2751 Dunensem
684 2688 718 2750 et
738 2686 928 2765 conjudices
983 2695 1145 2758 machario
1159 2693 1410 2771 archiepiscopo
1425 2691 1577 2753 salutem.

135 2804 213 2851 81108
229 2804 329 2866 super
341 2787 571 2850 observatione
581 2785 819 2848 Sententiarum
829 2787 931 2861 APOS·
1022 2793 1108 2854 Olim
1123 2791 1308 2853 venerabili
1327 2790 1423 2851 fratri
1445 2791 1558 2851 nostro
1576 2783 1779 2848 Thuamensi

135 2886 255 2949 tolicas
273 2887 402 2947 litteras
426 2884 646 2964 impetrasset,
667 2881 805 2963 praetato
824 2880 929 2944 milite
982 2889 1245 2969 archiepiscope,
1265 2891 1299 2952 et
1319 2887 1379 2950 tibi
1394 2887 1481 2965 apud
1497 2886 1614 2948 sedem
1637 2886 1781 2962 Aposto-

135 2983 172 3045 in
192 2999 252 3044 ⁸⁰²1
280 2983 487 3045 0⁰1¹l11macia
511 2981 722 3059 perdurante,
756 2978 929 3043 sententie
982 2987 1082 3050 licam
1106 2987 1293 3048 constitutis
1316 2985 1451 3048 abonae
1475 2983 1643 3045 memoriae
1672 2984 1778 3043 inno-
1818 3040 1832 3065 ‚

136 3080 218 3158 ipsis
234 3080 425 3141 solemniter
438 3079 666 3158 promulgatis,
689 3077 783 3140 miles
797 3078 869 3157 ipse
887 3075 929 3138 ad
984 3085 1093 3149 centio
1105 3099 1203 3166 papa,
1226 3083 1469 3163 praedecessore
1486 3083 1611 3153 nostro,
1635 3079 1779 3140 audien.

138 3178 255 3240 Sedent
281 3177 503 3254 Apostolicam
528 3175 749 3254 personaliter
769 3173 931 3239 accedens
983 3184 1031 3247 tia
1057 3182 1202 3261 benigna
1236 3195 1409 3253 concessa,
1444 3180 1531 3241 idem
1559 3178 1781 3240 Thuanrensis

137 3274 178 3337 ad
194 3275 466 3337 archidiaconum
481 3274 722 3335 Nivernensem
737 3274 769 3335 ei
786 3272 931 3349 collegas
984 3280 1157 3362 proposuit
1170 3295 1282 3343 coram
1295 3294 1345 3351 eo,
1367 3277 1453 3356 quod
1467 3277 1505 3339 tu
1517 3275 1779 3346 Ardachadelisi,

137 3372 244 3451 ipsius
256 3373 324 3435 lem
337 3386 437 3449 Sili-¹01⁸
449 3371 657 3433 absolutione
671 3384 743 3442 ⁸11³,
757 3385 856 3450 quam
873 3386 933 3435 su·
985 3380 1019 3443 et
1040 3377 1233 3442 Kenanensi
1254 3375 1510 3457 episcopatibus,
1539 3372 1782 3453 pertinentibus

136 3486 198 3549 1¹0?
211 3470 388 3548 principali
403 3470 535 3547 119ss0i¹0
550 3468 710 3547 quasdam
724 3468 852 3530 litteras
864 3468 931 3531 im*
985 3476 1114 3557 adeius
1133 3475 1351 3552 metropolim,
1376 3473 1484 3551 ipsum
1508 3487 1568 3549 per
1586 3471 1780 3532 uiolentiam

1060 1861 1112 1920 Ad
1130 1859 1387 1919 Arnzechanem
1400 1855 1433 1916 et
1449 1858 1695 1916 ilrtcenzcnscm

1233 1955 1515 2028 archiepiscopos.

981 2364 1205 2437 Archicpiscopo
1217 2360 1409 2431 nrmacbano,
1421 2367 1452 2420 ut
1462 2359 1677 2433 archiepiscopo
1687 2356 1778 2415 111111-

1035 2454 1129 2511 mensi
1144 2453 1282 2512 ecclesias
1301 2450 1438 2509 violenter
1451 2457 1565 2522 ereptus
1582 2449 1722 2506 restituet.

31 3620 37 3629 ,
136 3568 290 3645 patrarit,
321 3585 380 3645 per
408 3584 490 3645 quas
520 3565 688 3630 nitebatur
712 3567 816 3628 totum
845 3565 931 3645 quod
986 3575 1162 3655 spoliaras,
1184 3573 1279 3635 etde
1304 3571 1524 3642 Kellmedoin,
1555 3568 1780 3640 Kelbenesim,

137 3664 260 3727 facium
286 3664 395 3727 suerat
420 3680 590 3736 revocare,
609 3664 760 3742 (infimiil
781 3679 840 3741 ier
860 3679 931 3725 leil
986 3671 1186 3743 lielltulach,
1203 3669 1451 3740 Enachemaiso,
1468 3666 1681 3737 Kellmidoni,
1698 3667 1783 3725 cru-

137 3762 398 3839 suppositionem
412 3764 446 3824 et
460 3760 535 3823 salsi
550 3762 794 3840 suggestionem
809 3760 932 3824 tuerint
986 3769 1175 3849 achpatpm,
1206 3766 1432 3837 1111111111,
1468 3765 1563 3826 opun
1598 3767 1630 3826 et
1656 3763 1782 3824 Turta.

137 3859 332 3935 impetratae.
367 3860 407 3921 Et
442 3860 599 3937 quoniam
636 3857 715 3921 dieti
749 3858 929 3922 Nirernen·
986 3867 1050 3929 cha
1081 3865 1242 3928 ecclesias
1269 3881 1288 3925 a
1316 3862 1387 3925 suis
1417 3860 1719 3942 praedecessoribus
1749 3860 1783 3922 in

137 3956 383 4033 quodlegitime
397 3954 808 4019 iactumiuerairerooare
821 3956 931 4017 minus
987 3964 1124 4028 dioecosi
1149 3960 1352 4024 Thuamensi
1386 3960 1593 4022 constructas
1628 3960 1661 4020 et
1682 3959 1783 4019 etiam

138 4053 229 4115 licite
243 4052 460 4122 collabantur,
477 4053 583 4115 (1101118
596 4052 851 4115 archidiaconus
864 4056 933 4114 Du-
987 4060 1218 4132 consecratas,
1265 4074 1394 4120 necnon
1433 4058 1659 4136 possessiones
1693 4057 1785 4134 ipsa..

137 4149 253 4211 nensis
277 4152 310 4212 et
332 4150 523 4228 conjudices
549 4151 601 4211 sui
617 4165 680 4228 per
696 4166 775 4215 suas
803 4151 932 4213 litteras
986 4176 1061 4222 rum
1080 4158 1139 4221 tihi
1159 4173 1324 4236 usurpare
1349 4156 1565 4227 contendens,
1591 4155 1700 4231 ipsum
1723 4171 1783 4214 su.

136 4247 355 4311 inhibueruni
375 4248 500 4310 eisdem
521 4262 564 4312 ne
582 4249 671 4311 circa
688 4249 856 4327 negotium
879 4249 933 4327 ip·
986 4273 1046 4337 per
1079 4256 1205 4319 eisdem
1239 4252 1384 4315 indebite
1422 4251 1620 4313 molestabas
1647 4272 1654 4310 ς
1678 4266 1782 4328 quare

137 4360 210 4407 Sum
234 4345 360 4423 aliquid
377 4346 601 4419 immutarent,
622 4346 727 4409 donec
745 4347 931 4409 liberarum
987 4368 1086 4432 super
1109 4350 1276 4430 praedictis
1308 4348 1552 4428 episcopatibus
1584 4345 1782 4409 beneficium

137 4442 315 4505 collatione
334 4443 447 4505 habita
462 4444 684 4507 discuteretur
698 4444 846 4521 legitimo
859 4445 932 4508 loco
986 4449 1205 4514 restitutionis
1219 4458 1424 4526 exposcens,
1459 4461 1559 4523 super
1584 4445 1660 4506 aliis
1687 4445 1783 4522 petiit

15 4588 19 4599 .
81 4524 85 4533 '
136 4542 330 4618 ettempore
344 4543 559 4619 competente,
577 4544 686 4603 utrum
701 4544 741 4605 ad
757 4542 857 4621 ipsos,
878 4542 931 4603 rel
985 4552 1018 4611 te
1033 4548 1074 4611 ab
1089 4552 1161 4627 ejus
1180 4545 1410 4609 molestatione
1424 4543 1598 4620 compesci.
1616 4543 1688 4604 Lite
1701 4558 1782 4603 rere

134 4638 176 4700 ad
200 4639 277 4701 illos
296 4639 488 4717 jurisdictio
514 4639 709 4718 pertineret;
738 4639 823 4717 qued
853 4639 931 4717 quia
986 4662 1086 4725 super
1109 4645 1162 4707 his
1183 4644 1330 4720 legitime
1355 4642 1552 4712 contestata,
1576 4641 1663 4701 idem
1688 4656 1781 4717 prar-

33 4740 48 4787 -'
130 4736 262 4814 judices
279 4737 345 4814 ipsi
362 4736 473 4800 iacere
500 4737 709 4807 recusarunt,
729 4738 931 4800 memoratus
986 4746 1141 4807 decessor
1154 4745 1267 4805 noster
1290 4740 1408 4802 diiecto
1432 4739 1501 4801 nno
1523 4739 1681 4814 magistro
1700 4742 1784 4799 cre-

133 4832 276 4896 clericus
292 4834 327 4897 in
342 4835 406 4898 hoc
425 4836 459 4899 et
471 4836 548 4899 aliis
563 4852 599 4899 se
620 4830 767 4898 sentiens
781 4851 933 4913 praegra—
985 4842 1079 4920 gorio
1094 4841 1265 4919 capellano
1280 4839 1393 4900 nostro
1408 4838 1541 4899 testium
1556 4836 1782 4913 receptionem

132 4931 258 5003 valum,
275 4932 316 4992 ad
332 4934 532 5011 Apostolicae
548 4934 642 4995 Sedis
656 4933 838 4995 subsidium
850 4949 933 4994 0011·
985 4943 1018 5003 ct
1036 4938 1316 5002 examinationem
1340 4935 1563 5005 committens,
1589 4934 1668 5012 quia
1695 4935 1783 4996 sicut

132 5027 270 5089 volarit.
285 5030 370 5100 Quia
384 5047 463 5093 vero
477 5030 555 5092 honi
569 5031 693 5109 judicis
709 5032 761 5093 est
771 5030 847 5093 lites
862 5030 930 5092 mi·
985 5042 1112 5116 010Jus
1127 5036 1259 5099 tandem
1272 5034 1400 5113 accepit
1413 5033 1575 5095 relatione
1590 5033 1691 5099 tideli.
1709 5050 1784 5111 pro·

131 5138 247 5197 nuere,
269 5141 336 5187 non
355 5142 489 5202 augere,
515 5128 707 5191 discretioni
730 5131 849 5191 restrae
870 5145 931 5208 per
984 5137 1096 5199 batum
1125 5150 1190 5197 non
1215 5132 1333 5205 extitit,
1359 5132 1444 5210 quod
1474 5132 1509 5193 tu
1537 5132 1782 5193 Thuamensem

130 5222 321 5299 Apostolica
336 5224 460 5300 scripta
473 5226 678 5299 mandamus,
696 5228 859 5304 quatenus
878 5227 931 5290 ta·
985 5233 1152 5312 praedictis
1173 5229 1416 5309 episcopatibus
1441 5229 1630 5307 spoliasses,
1657 5230 1688 5289 te
1705 5245 1783 5291 seu-

132 5319 258 5383 cientes
273 5320 366 5383 vobis
379 5321 457 5382 hinc
476 5322 553 5383 iude
568 5324 696 5385 litteras
716 5325 879 5399 exhiberi,
896 5329 930 5390 et
984 5320 1165 5395 tentialiter
1178 5345 1278 5407 super
1301 5328 1506 5407 possessorio
1529 5328 1702 5394 duntaxat,
1720 5328 1780 5388 ah-

131 5418 254 5481 auditis
270 5434 344 5495 quae
359 5433 459 5495 super
478 5421 625 5496 ipsarum
641 5422 812 5484 tenoribus
828 5424 930 5488 luerit
984 5430 1093 5503 solvit,
1108 5429 1291 5507 quaestione
1307 5426 1519 5504 proprietatis
1534 5425 1686 5487 alterutri
1697 5442 1778 5503 par-

13 5564 16 5569 .
132 5516 336 5595 propesitum
352 5531 464 5577 coram
480 5517 584 5583 vebis,
598 5518 626 5579 si
642 5522 827 5585 constiterit
840 5524 928 5601 quod
983 5529 1064 5591 tium
1110 5528 1301 5589 reservata.
1343 5527 1467 5586 Verum
1509 5524 1586 5601 quia
1628 5524 1781 5585 opuntem

134 5614 260 5677 ultime
280 5614 340 5677 tali
357 5615 497 5677 tentate
518 5631 695 5693 suppressa
709 5620 761 5681 vel
783 5620 928 5684 falsitate
982 5626 1225 5687 Thunmensem
1251 5640 1324 5686 esse
1346 5622 1493 5685 constitit
1514 5622 1547 5684 in
1569 5622 1782 5699 possessione
