3794 6166
120 250 179 310 aar>
735 244 912 306 nonouu
934 247 978 306 111
1000 248 1148 310 ornes.
1502 224 1507 231 ’
1701 252 1749 311 rar

119 409 171 472 dis
186 422 261 470 sese
279 404 403 468 milites
424 404 528 467 nostri
551 403 692 467 tirmiter
714 403 914 480 obligarunt.
970 405 1054 483 quod
1071 407 1228 485 postej'us
1242 407 1367 470 obitum
1382 404 1425 471 ad
1443 402 1557 485 ipsum
1573 408 1608 471 et
1621 408 1751 474 heredes

119 505 264 570 Promisi
272 504 371 567 etiam
381 520 440 581 pro
452 518 549 580 posse
560 518 633 564 meo
642 501 728 563 bona
739 502 803 563 ilde
814 503 914 564 etiam
971 521 1048 566 suos
1067 504 1159 566 omni
1179 505 1356 567 occasione
1375 522 1416 570 ac
1439 504 1603 568 ditatione
1621 510 1750 581 remotis,

119 607 297 667 extraneos
317 600 483 672 cohibere,
504 615 546 660 ne
561 615 620 676 per
639 599 723 661 fines
742 599 783 661 de
804 599 915 661 Lubus
970 600 1095 664 directo
1115 601 1230 665 redeat
1252 619 1327 665 cum
1350 604 1423 665 suis
1447 604 1661 681 pertinentiis
1681 606 1752 669 idem

118 702 329 765 transeuntes
353 714 473 760 nocere
495 697 628 759 valeant
651 697 704 759 rel
725 700 825 759 terras
847 713 916 759 suae
971 702 1127 769 castrum,
1143 715 1273 778 perros
1287 700 1475 763 laceremus
1491 717 1554 779 per
1571 719 1750 765 excommu-

119 798 320 877 spocialiter,
343 796 395 858 vel
418 795 575 857 marchiae
589 794 773 865 Lusicenci,
794 810 915 871 quam·
971 797 1151 860 nicationis
1182 799 1380 861 sententiam
1414 799 1558 861 tirmiter
1584 799 1750 863 observari.

119 897 176 957 diu
204 894 382 957 abeodem
404 894 488 955 duce
510 895 550 954 ll.
576 893 717 955 tenetur.
742 890 789 953 nd
815 890 917 953 robur
971 897 1077 966 Quum
1092 896 1195 972 igitur
1208 899 1280 973 ejus
1294 896 1414 968 vicem,
1429 895 1509 960 licet
1519 897 1691 971 immeriti,
1704 916 1751 976 ge·

119 993 290 1057 autemst
321 992 571 1053 incitamentum
600 991 739 1061 sincerae
766 989 916 1051 caritatis
970 1008 1083 1053 ramus
1098 993 1133 1055 in
1146 994 1256 1066 terris,
1268 995 1325 1071 qui
1339 1010 1455 1072 pacem
1465 994 1625 1057 omnibus
1637 998 1753 1058 nuntia·

118 1088 188 1153 dux
205 1094 245 1153 Η.
262 1091 304 1153 dc
325 1091 435 1151 castro
455 1104 516 1149 suo
531 1087 642 1149 Lubus
662 1103 813 1165 personae
833 1102 916 1147 meae
970 1090 1029 1161 vit,
1044 1092 1077 1152 et
1089 1107 1163 1152 eam
1177 1092 1298 1154 mundo
1309 1092 1457 1170 reliquit,
1469 1093 1752 1171 supplicationibus

118 1189 216 1261 cedit,
240 1189 286 1250 ita
307 1189 431 1258 tamen,
452 1188 488 1247 ut
502 1186 531 1247 si
556 1185 632 1247 linis
653 1201 749 1246 meus
771 1184 917 1246 fataliter
971 1190 1155 1251 annuentes
1167 1189 1325 1267 ipsorum,
1343 1190 1556 1253 universitati
1570 1192 1693 1252 vestras
1709 1210 1753 1268 per

119 1285 307 1362 contigerit,
324 1285 447 1347 dictum
463 1283 574 1345 Lubus
591 1283 698 1344 eidem
714 1282 791 1344 duci
808 1284 861 1354 ll„
887 1282 916 1342 si
970 1286 1159 1362 apostolica
1192 1286 1315 1365 scripta
1350 1288 1564 1360 mandamus,
1592 1291 1752 1366 quatenus,

119 1384 353 1461 supervixerit,
369 1381 422 1443 vel
438 1381 562 1442 haeredi
573 1384 655 1458 ejus,
675 1394 916 1458 aquocumque
971 1385 1056 1461 quod
1081 1401 1182 1462 super
1205 1385 1268 1448 hoc
1289 1386 1426 1463 provida
1452 1389 1505 1448 est
1528 1385 1755 1449 deliberatione

118 1484 197 1545 tunc
209 1481 376 1543 detentum
396 1478 505 1550 fuerit,
529 1479 601 1540 sine
620 1477 816 1539 difficultate
834 1476 915 1539 red-
970 1483 1141 1555 statutum,
1153 1481 1324 1545 observari
1338 1483 1755 1561 sublpostolicaobedien·

119 1578 217 1640 datur
233 1600 241 1638 r
257 1594 357 1655 super
369 1592 434 1655 quo
447 1577 610 1654 promisso
624 1591 687 1652 ego
699 1576 771 1652 ipse
790 1575 824 1635 in
840 1589 917 1651 per-
970 1579 1017 1641 tia
1040 1595 1099 1657 per
1119 1581 1268 1642 eamdem
1287 1581 1487 1643 sententiam
1510 1581 1663 1648 faciatis,
1682 1583 1753 1644 etad

119 1693 201 1737 sona
216 1692 289 1737 mea
307 1674 432 1752 juravi,
447 1677 480 1735 et
500 1674 565 1735 mei
585 1673 625 1735 de
644 1688 718 1733 meo
737 1688 914 1742 consensu,
971 1681 1131 1755 majorem
1146 1677 1335 1756 hnjusmodi
1353 1678 1404 1740 rei
1418 1678 1601 1751 cautelam,
1624 1681 1756 1763 tenorem

102 1773 156 1835 .in
171 1773 289 1850 quibus
300 1773 352 1834 vel
363 1787 477 1833 eorum
488 1768 737 1832 successoribus
747 1772 855 1846 major
865 1768 916 1831 vis
971 1775 1156 1837 litterarum
1168 1774 1297 1854 praetnti
1313 1775 1407 1837 ducis
1416 1776 1580 1850 Poloniae,
1591 1777 1630 1837 in
1642 1776 1755 1854 quibus,

119 1871 191 1932 risa
210 1870 263 1933 est
281 1869 401 1931 adhoc
419 1868 552 1931 effectui
565 1867 831 1945 mancipandum.
849 1869 917 1927 llx-
971 1856 1224 1951 quod'statutum
1237 1876 1289 1935 est
1301 1873 1389 1935 inter
1398 1874 1501 1951 ipsos,
1518 1874 1658 1951 plenius
1666 1875 1758 1936 coni·

119 1966 375 2030 communicatio
388 1967 488 2028 etiam
501 1966 578 2027 latai
597 1965 769 2028 sententias
784 1965 825 2027 de
841 1979 915 2026 meo
971 1974 1078 2042 netur,
1105 1970 1325 2048 praesentibus
1354 1970 1512 2032 duximus
1542 1970 1756 2032 inserendum.

118 2067 153 2128 et
172 2081 320 2127 meorum
335 2080 500 2125 consensu
521 2065 589 2124 1³1ss
614 2063 650 2124 in
671 2079 736 2135 me,
759 2078 858 2141 (luam
881 2061 915 2123 in
971 2069 1033 2141 Qui
1043 2070 1093 2130 est
1106 2067 1398 2130 taliszvenerabili
1408 2068 1508 2145 patri,
1520 2070 1615 2131 etc...
1628 2070 1756 2146 utsupra

118 2179 267 2225 meorum
288 2161 478 2239 quemlibet,
499 2161 528 2221 si
552 2160 594 2222 ab
616 2160 729 2238 aliquo
752 2176 796 2222 ex
819 2159 915 2222 nobis
969 2182 1077 2241 usque
1090 2167 1126 2228 in
1143 2166 1253 2228 tinem.

119 2263 234 2322 contra
249 2260 323 2332 hoc,
346 2259 503 2336 placitum
519 2257 611 2319 fraus
624 2258 679 2320 vel
695 2258 915 2336 impedimen·
1284 2288 1451 2378 CCXXX

118 2360 189 2420 tum
214 2357 280 2419 ullo
306 2358 454 2434 tempore
480 2358 712 2433 opponeretur,
738 2356 840 2417 missa
866 2356 916 2416 est

118 2471 139 2516 a
161 2458 199 2516 p·
222 2454 454 2527 Poznaniensi,
476 2456 512 2516 L·
537 2452 807 2517 wratissaviensi
823 2454 856 2515 et
877 2454 913 2513 L·
970 2425 1439 2486 Adobbotcmetconoentum
1448 2425 1755 2485 Schwarzooeases.

120 2551 297 2614 Lubicensi
313 2552 477 2629 episcopis
492 2567 674 2613 :consensu
685 2551 786 2612 etiam
797 2551 916 2612 incon·
1263 2537 1298 2595 ¹⁰
1311 2536 1378 2593 1¹¹⁸st
1391 2536 1471 2595 ¹²¹8·

121 2650 309 2733 tlrmatione
323 2649 449 2711 domini
463 2665 558 2726 papae
577 2650 610 2711 et
625 2648 869 2725 archiepiscopi
883 2651 916 2710 et
1069 2642 1334 2709 [wurntweisrtevs
1346 2642 1550 2702 subsidts,x111‚
1563 2642 1672 2708 nm]

121 2748 351 2824 episcoporum
375 2746 524 2808 Poloniee
545 2745 835 2807 denunciationem
859 2744 914 2806 ta·
970 2750 1120 2812 abbatiam
1136 2750 1406 2809 schwarzacensem
1421 2750 1451 2806 in
1460 2749 1616 2808 suisbouis
1628 2757 1657 2808 et
1668 2750 1756 2806 inmu-

120 2844 272 2907 ciendam
293 2859 394 2920 super
419 2843 533 2904 eadem
558 2843 912 2905 excommunicatione.
1210 2838 1346 2897 nitatibus
1361 2837 1523 2896 confirmat.

122 2943 268 3018 Uterque
280 2942 391 3001 autem
405 2942 564 3011 nostrum,
582 2939 667 3016 lUOd
680 2939 842 3016 llfflfflissib
853 2942 913 3017 ju·
1008 2950 1176 3011 Honorius
1185 2949 1371 3026 episcopus,
1381 2963 1499 3008 servus
1509 2962 1689 3009 servorum
1696 2946 1757 3013 liei,

118 3038 273 3099 ramento
293 3035 447 3098 firmavit·
473 3036 565 3098 Nulli
580 3051 670 3112 erge,
683 3037 771 3098 ete...
793 3039 914 3099 nostrae
970 3046 1308 3110 uneeuenrneauian
1321 3045 1755 3108 eteonventuruesenwar-

110 3133 915 3210 confirmationisinfringere,veiei‚ete.,.eeeee
968 3163 1018 3217 ze,
1035 3146 1175 3207 sautem
1190 3145 1224 3207 er
1237 3144 1453 3222 apostolicam
1466 3142 1741 3206 beneditionem.

121 3233 298 3295 mimile-
316 3231 350 3293 Si
363 3232 437 3309 luis
452 3232 573 3303 autem,
591 3234 679 3293 ete...
1010 3248 1115 3318 Quum
1129 3261 1149 3305 a
1162 3243 1256 3305 nobis
1270 3244 1403 3320 petitur,
1419 3242 1506 3318 quod
1522 3244 1653 3318 justum
1673 3242 1756 3303 estet

160 3332 277 3391 Datum
294 3332 406 3391 ΗΘΜ
419 3329 506 3406 apud
523 3332 680 3391 Sanctum
701 3331 835 3391 Petrum
855 3331 914 3389 Vll
970 3344 1155 3408 honestum,
1175 3344 1243 3403 tam
1263 3341 1359 3416 vigor
1380 3340 1547 3417 aequitatis
1567 3355 1670 3417 quam
1687 3339 1756 3400 ordo

119 3426 195 3488 idus
211 3427 291 3489 maii
304 3427 515 3503 pontificatus
531 3427 636 3488 nostri
651 3443 739 3488 anno
756 3427 913 3488 secundo.
969 3441 1074 3517 exigit
1085 3440 1236 3510 rationis,
1253 3440 1289 3500 ut
1302 3439 1333 3499 id
1348 3454 1406 3515 per
1418 3437 1683 3499 sollicitudinem
1697 3435 1756 3498 offi.

970 3540 1013 3600 cii
1030 3539 1134 3600 nostri
1151 3539 1192 3598 ad
1216 3537 1361 3598 debitum
1381 3535 1585 3611 perducatur
1599 3535 1755 3597 enectum.

423 3631 609 3718 CCXXIX
970 3641 1015 3699 Ea
1039 3638 1183 3713 propter,
1204 3635 1316 3695 dilecti
1335 3634 1369 3695 in
1392 3633 1533 3694 Domino
1553 3632 1628 3704 tilii,
1650 3634 1757 3694 vestris

965 3735 1066 3811 justis
1091 3731 1369 3811 postulationibus
1403 3732 1498 3806 grato
1529 3732 1756 3792 concurrentes

969 3849 1120 3902 assensu,
1137 3845 1297 3907 personas
1312 3831 1440 3891 vestras
1455 3831 1489 3889 et
1504 3828 1626 3899 locum,
1650 3829 1686 3888 in
1702 3841 1755 3904 quo

497 4001 514 4012 Η
969 3932 1082 3991 divino
1097 3929 1177 3989 estis
1190 3926 1348 4004 obsequio
1359 3925 1551 4001 mancipati,
1569 3941 1646 3986 cum
1659 3923 1755 3986 omni·

415 4001 431 4057 9
447 4015 515 4057 “¹⁸¹¹
532 4001 610 4058 ¹²¹⁸·
969 4030 1030 4090 bus
1044 4028 1140 4089 bonis
1157 4026 1287 4096 vestris,
1304 4040 1377 4102 quae
1393 4024 1696 4100 inpraesentiarum
1709 4037 1754 4082 ra-

251 4106 387 4170 [ibernam
402 4106 472 4155 M⁰¹¹·
484 4105 607 4163 9⁰¹⁰¹¹³ae’
621 4106 641 4156 ¹·
652 4106 675 4162 θ’
688 4121 713 4155 ¹¹·
729 4106 778 4170 ω’]
969 4127 1175 4190 tionabiliter
1187 4123 1376 4201 possidetis,
1392 4123 1451 4182 aut
1460 4123 1495 4181 in
1507 4121 1658 4182 futurum
1664 4119 1752 4198 justis

118 4216 154 4273 Ut
167 4212 331 4287 predictam
345 4212 581 4285 compositionem
601 4228 651 4285 per
662 4228 814 4271 cerisuram
824 4228 911 4270 cauo·
970 4223 1086 4291 modis,
1117 4219 1296 4297 praestante
1327 4216 1478 4287 Domine),
1508 4216 1662 4292 p0t0pptjs
1689 4214 1752 4274 adj.

322 4302 417 4358 ”10³¹ss
431 4301 578 4359 ⁰b⁸⁰fv³ri
591 4299 706 4359 swiet-
969 4320 1063 4397 pisci,
1083 4318 1143 4378 eus
1167 4317 1255 4379 beau
1280 4315 1370 4376 reni
1389 4317 1422 4376 et
1440 4314 1537 4375 eauu
1560 4313 1751 4390 protectione

157 4419 325 4479 Honorius
337 4417 523 4494 episcopus,
536 4433 652 4479 servus
661 4433 831 4479 servorum
842 4418 911 4489 Dei,
968 4418 1168 4493 suscipimus
1185 4437 1193 4488 ;
1217 4413 1407 4490 specialiter
1420 4415 1531 4473 autem
1548 4412 1715 4472 libertates
1728 4409 1751 4467 et

118 4514 368 4577 venerabilibus
402 4514 559 4575 iratribus
563 4558 623 4576 .....
661 4515 913 4591 archiepiscopo
968 4515 1248 4583 immunitates‚a
1280 4510 1376 4571 bonae
1411 4510 1582 4570 memoriae
1615 4509 1749 4571 iohanne

118 4613 302 4675 Gneznensi
323 4617 356 4674 et
371 4612 537 4672 universis
552 4613 718 4689 episcopis
736 4629 796 4689 per
811 4614 912 4674 Polo·
968 4614 1122 4690 episcopo
1134 4609 1293 4686 Spirensi,
1304 4607 1515 4685 episcopatus
1524 4606 1577 4667 sui
1589 4605 1749 4667 accedente

117 4711 207 4771 niam
240 4709 437 4780 constitutis,
468 4709 668 4770 salutemet
695 4711 912 4786 apostolicam
968 4726 1143 4779 consensu,
1161 4708 1216 4785 pia
1228 4706 1429 4767 liberalitate
1439 4705 1644 4765 monasterio
1655 4706 1748 4764 vestro

117 4806 391 4868 benedictionem.
968 4822 1155 4877 concessas,
1179 4805 1265 4865 sicut
1286 4804 1320 4863 in
1341 4802 1562 4863 instrumento
1583 4801 1709 4863 videtur
1726 4797 1748 4856 et

157 4903 275 4965 Dilecti
291 4903 362 4971 tilii,
384 4903 512 4964 nobiles
527 4903 591 4962 viri
607 4905 660 4963 W.
685 4904 753 4964 dux
766 4905 912 4966 Poloniae
968 4908 1002 4967 in
1019 4922 1057 4966 eo
1080 4903 1210 4981 plenius
1231 4901 1431 4968 continetur,
1455 4898 1551 4961 vohis
1577 4902 1611 4961 et
1634 4910 1747 4977 perros

118 5015 157 5059 ac
174 5003 215 5059 ll.
236 5000 304 5059 dux
327 5000 462 5061 Zelesiae
485 5017 543 5077 per
567 5017 644 5061 suas
665 5001 760 5062 nobis
784 5003 913 5063 litteras
967 5003 1074 5063 eidem
1092 4998 1294 5061 monasterio
1311 4998 1421 5058 vestro
1436 4997 1635 5058 auctoritate
1653 5000 1746 5072 Apos-

118 5097 356 5172 supplicarunt,
379 5099 413 5157 ut
428 5098 513 5172 quod
538 5098 661 5159 iactum
678 5100 727 5160 est
746 5099 787 5160 ad
808 5098 913 5160 ioedus
966 5101 1066 5161 tolica
1083 5100 1319 5160 contlrmnmus
1335 5097 1367 5156 et
1382 5095 1556 5172 praesentis
1569 5094 1682 5170 scripti
1695 5106 1745 5168 pa·

117 5193 911 5270 dilectionisintereosperpetuoconservandum,
967 5197 1108 5259 trocinio
1129 5194 1382 5256 communimus.
1407 5191 1500 5252 Nulli
1522 5208 1604 5267 ergo
1629 5188 1745 5252 omnino

117 5289 232 5353 eodem
246 5289 328 5349 duce
344 5291 479 5351 Zeleziae
493 5291 630 5353 cedente
644 5293 679 5352 in
694 5293 825 5368 signum
837 5308 914 5369 per-
968 5295 1138 5354 bominum
1150 5293 1248 5353 liceat
1261 5291 1346 5351 hanc
1358 5291 1512 5366 paginam
1522 5291 1645 5351 nostrae
1655 5287 1745 5348 direr-

115 5387 211 5450 iectae
226 5385 381 5447 amicitiae
395 5403 433 5446 ac
449 5390 571 5448 mutuae
585 5390 734 5450 caritatis
750 5391 911 5466 quoddam
967 5392 1067 5453 tionis
1080 5394 1113 5453 et
1128 5388 1391 5452 confirmationis
1406 5387 1602 5464 infringere,
1617 5389 1675 5448 etc.
1693 5386 1746 5443 ba·

116 5486 272 5552 castrum,
290 5481 375 5557 quod
399 5482 508 5543 Lubus
530 5484 662 5554 dicitur,
683 5487 818 5562 praelato
836 5487 912 5547 duci
966 5491 1036 5550 turn
1054 5492 1179 5559 Romae,
1193 5488 1279 5564 apud
1299 5489 1456 5548 Sanctum
1472 5488 1619 5557 Petrum,
1631 5487 1671 5546 Vl
1684 5480 1741 5542 idus

116 5580 276 5651 Polonizr,
305 5579 411 5655 quoad
438 5580 572 5650 vixerit,
594 5583 839 5658 possidendum,
866 5584 912 5646 ita
968 5587 1058 5659 maii,
1076 5585 1288 5664 pontificatus
1300 5585 1406 5646 nostri
1421 5600 1510 5646 anno
1526 5582 1678 5645 secundo.

117 3775 473 3848 nitor-cbieptscopum
483 3773 916 3834 Gnenrzenscmeternirer-

304 3886 361 3932 sos
376 3874 550 3945 episcopos
566 3874 729 3932 Polous'oe.
