3802 6166
121 196 182 259 575

122 352 234 419 oilleio
251 354 363 417 vestro
378 354 470 417 certa
489 350 697 431 indulgentia
707 352 919 431 peccatorum

103 518 107 525 ,
124 470 223 533 quam
237 452 388 517 videritis
402 451 570 529 expedire.
585 452 793 515 provideatis
808 452 920 515 autem

123 553 315 631 prudenter,
331 568 374 612 ne
388 551 563 613 occasione
582 550 773 629 hujusmodi
796 566 919 611 cruce-

125 652 273 727 signatos
296 650 424 727 aliqnos
450 649 492 711 ab
519 649 626 727 ipsius
652 652 765 711 Terrae
790 650 920 711 Sanctae

125 749 272 813 subsidio
307 749 496 821 retrahatis
533 764 608 809 cum
631 748 780 825 eJusdem
810 751 921 809 Terrae

125 850 257 909 Sanctae
272 847 452 923 negotium,
475 847 517 907 ad
535 847 620 923 quod
641 846 770 908 ardenti
790 846 924 907 deside-

124 947 176 1007 rio
188 944 386 1022 aspiramus,
399 962 459 1021 per
473 945 536 1005 boc
547 946 700 1006 nolumus
711 945 922 1021 aliquatenus

124 1044 296 1121 impedire.
319 1045 437 1105 Datum
464 1042 629 1115 Laterani,
659 1046 705 1104 lll
732 1058 838 1104 nonas
862 1045 922 1119 ja-

124 1142 248 1215 nuarii,
263 1158 351 1203 anno
366 1141 522 1203 secundo.

166 1245 203 1303 ln
225 1240 314 1301 hunc
329 1239 461 1300 modum
481 1239 639 1317 scriptum
657 1242 708 1302 est
726 1237 921 1309 senonensi,

127 1338 325 1409 Turonensi,
334 1338 604 1413 Rothomagensi,
616 1337 828 1403 Bituricensi.
841 1339 924 1412 Lug·

125 1436 268 1499 dunensi
290 1437 323 1499 et
341 1435 580 1511 burdegalensi
596 1434 870 1512 archiepiscopis,
892 1435 925 1495 et

124 1534 349 1609 suffraganeis
370 1532 572 1605 eorumdem,
596 1530 770 1594 abbatibus
794 1533 827 1593 et
848 1530 924 1591 aliis

126 1630 343 1692 ecclesiarum
366 1630 512 1708 praelatis
527 1646 586 1708 per
601 1645 716 1691 eorum
731 1628 924 1706 provincias

128 1728 327 1789 constitutis.

466 1852 589 1939 XCVI

211 2006 260 2065 Ad
274 2007 471 2079 Platttppmn
485 2008 703 2065 Francomun
718 2018 848 2080 regam.

432 2136 449 2193 3
458 2136 518 2209 jun.
533 2136 611 2193 ltlss.

165 2260 304 2327 [bouquet
316 2261 417 2313 Recueil
431 2261 474 2310 des
484 2261 547 2310 llist.
559 2266 578 2311 t.
592 2262 659 2317 xlx.
674 2278 700 2326 p.
712 2260 775 2319 old;
788 2260 886 2324 Regnat.

406 2339 451 2391 lib.
467 2340 567 2405 ll,epit.
578 2340 645 2403 adn]

127 2450 197 2509 Cum
227 2448 358 2507 dolosani
378 2448 466 2515 cives,
493 2455 627 2505 revocato
645 2448 682 2505 ab
701 2448 837 2520 lllspania
859 2446 924 2503 ilai·

163 2538 270 2595 rutundo
282 2540 319 2595 Vl
327 2539 443 2605 comite,
455 2538 621 2595 calcaneum
632 2538 770 2595 adversus
780 2538 926 2595 Simonem

163 2626 350 2685 Montislortis
373 2627 509 2684 comitem
527 2627 680 2693 erexerint,
707 2627 849 2683 Honorius
866 2624 928 2682 Plri-

165 2718 274 2789 lippum
287 2730 387 2789 regem
402 2716 543 2785 sollicitat,
559 2723 590 2772 ut
605 2714 713 2772 Simoni
725 2714 851 2772 subsidia
863 2728 928 2771 con·

167 2805 248 2863 ierat.

170 2922 341 2983 Honorius
373 2922 548 2999 episeopus
552 2964 637 2982 .......
643 2967 651 2994 ,
688 2920 862 2982 carissimo
893 2921 928 2983 in

131 3020 263 3083 Christo
292 3019 361 3081 illio
385 3018 540 3096 Philippo
564 3020 635 3095 regi
655 3022 859 3081 Francorum
882 3019 929 3081 il-

132 3119 230 3181 lustri
244 3118 394 3187 salutem,
412 3120 473 3179 etc.

172 3220 218 3279 Ea
249 3215 308 3277 tibi
340 3216 481 3277 libenter
513 3217 546 3278 et
576 3216 776 3279 fiducialiter
809 3216 931 3278 suade-

133 3332 217 3386 mus,
244 3313 278 3375 in
298 3313 416 3391 quibus
436 3317 468 3376 et
487 3313 680 3391 obsequium
708 3318 775 3377 Deo
802 3315 931 3393 impen-

132 3413 224 3473 ditur
247 3413 280 3473 et
305 3412 413 3473 bonor
437 3413 539 3487 regiae
563 3413 770 3474 celsitudinis
798 3430 931 3489 promo-

131 3511 237 3571 uetur.
260 3512 346 3571 Sane
368 3509 408 3570 ad
427 3526 526 3571 aures
547 3513 612 3572 tum
627 3511 840 3573 celsitudinis
859 3514 930 3587 jum

132 3607 299 3669 credimus
335 3608 545 3685 peruenisse,
574 3610 660 3686 quod
693 3609 850 3671 Tolosani
876 3610 929 3671 ci-

132 3721 201 3777 ues,
223 3704 467 3783 praeteritorum
488 3705 592 3777 obliti,
619 3708 652 3768 et
673 3707 850 3783 improvidi
874 3706 930 3767 iu-

132 3804 294 3875 turorum,
321 3819 396 3863 cum
411 3803 607 3880 quibusdam
628 3804 699 3865 suis
714 3805 929 3881 complicibus

132 3901 300 3975 negotium
319 3902 410 3977 quaeis
431 3904 464 3962 et
479 3901 566 3969 ildei.
591 3903 638 3964 tot
660 3919 877 3979 personarum
897 3905 931 3964 et

133 4014 245 4059 rerum
268 3997 436 4059 laboribus
449 4000 483 4059 et
496 3998 678 4075 dispendiis
696 4000 729 4059 in
751 4000 930 4076 provinciae

134 4093 283 4170 partibus
300 4096 521 4169 procuratum,
540 4094 732 4157 subvertere
744 4096 927 4168 molientes,

134 4190 250 4250 contra
272 4189 429 4251 dilectum
455 4191 557 4253 illium
580 4192 723 4254 nobilem
741 4194 849 4254 virum
873 4195 930 4255 Si-

132 4302 264 4348 monem
297 4288 450 4349 comitem
482 4290 718 4363 Montislortis,
745 4291 930 4354 vassallum

134 4388 238 4457 tuum,
261 4389 429 4463 assumpto
445 4386 637 4450 rebellionis
661 4390 791 4466 spiritu,
815 4391 930 4452 calc-a-

134 4499 233 4545 ueum
248 4485 436 4557 erexerunt,
462 4487 496 4548 et
510 4489 576 4547 tam
592 4486 698 4563 ipsum
712 4504 811 4566 quam
826 4506 930 4566 quos-

134 4582 214 4643 libet
240 4581 281 4642 de
308 4584 408 4655 gerite
436 4586 639 4645 Francorum
666 4601 684 4646 a
713 4585 834 4647 linibus
862 4588 931 4649 illis

134 4677 235 4759 (quod
252 4679 337 4741 absit
349 4682 373 4759 l)
384 4681 608 4744 exterminare
616 4685 831 4758 contendunt,
845 4687 929 4764 quod

134 4794 201 4838 non
216 4779 322 4839 solum
339 4778 372 4837 in
389 4779 449 4840 Dei
467 4781 501 4841 et
519 4781 719 4857 Apostolicae
744 4782 850 4853 Sedis,
872 4800 932 4843 re-

134 4891 208 4935 rum
229 4878 262 4937 et
278 4876 313 4936 in
335 4878 425 4937 tuam
447 4877 607 4955 injuriam
628 4879 839 4953 redundaret,
856 4898 930 4943 cnm

133 4971 291 5047 praelatus
306 4989 446 5035 comesa
459 4977 490 5036 te
505 4978 628 5038 terram
643 4977 782 5038 illumin
799 4978 930 5040 seudum

133 5085 194 5145 pro
214 5086 333 5146 magna
355 5074 449 5147 parte
464 5075 636 5151 receperit,
651 5076 684 5136 et
701 5075 859 5153 quidquid
885 5075 930 5137 ibi

134 5168 244 5227 actum
259 5169 310 5229 est
324 5168 359 5228 in
380 5172 616 5235 exterminium
638 5172 804 5235 haereticae
819 5175 932 5251 prasi-

132 5264 211 5327 tatis
227 5267 259 5327 et
271 5269 547 5331 restaurationem
560 5272 636 5332 tldei
653 5273 855 5343 clmistianae,
873 5290 932 5349 per

132 5363 223 5424 vires
236 5366 310 5424 tuas
330 5366 363 5426 et
376 5368 507 5428 tuorum
523 5370 691 5447 praecipue
713 5370 838 5448 liqueat
858 5386 931 5432 esse

170 5494 211 5569 (l)
235 5497 400 5569 tegendum
425 5499 537 5557 videtur
559 5518 665 5573 nonas,
686 5511 717 5561 ut
738 5504 765 5560 in
791 5505 930 5577 superiori

133 5568 274 5642 epistola,
285 5582 341 5625 nort
356 5570 500 5627 latentur.

729 192 918 299 'ltoxonlt
940 192 986 253 111
1007 194 1156 255 orbas.

1714 198 1770 257 :nd

975 352 1769 431 lactumltonemusigiturlixeellentiamtuam,

975 468 1130 527 rogamus
1146 452 1178 513 et
1196 452 1414 515 exhortamur
1432 452 1467 515 in
1490 454 1645 525 Domino,
1663 454 1697 515 in
1718 470 1770 515 re·

976 551 1167 612 missionem
1195 550 1256 613 tibi
1291 552 1523 627 peccaminum
1549 552 1769 630 injungentes,

976 650 1132 725 quatinus
1146 664 1207 727 per
1217 649 1368 711 bomines
1378 650 1473 725 regni
1488 650 1550 721 tui,
1565 650 1624 728 qui
1638 652 1771 712 crucesi-

976 747 1068 822 gnati
1079 763 1146 809 non
1159 747 1288 809 suntad
1305 746 1491 809 subsidium
1504 751 1622 809 Terrae
1635 752 1768 821 Sancta,

977 845 1065 907 dicto
1077 846 1187 907 comiti
1199 844 1303 907 iacias
1317 846 1461 908 viriliter
1473 863 1514 909 ac
1529 847 1689 908 celeriter
1702 848 1772 907 sub·

977 944 1114 1019 verriri3
1143 945 1180 1005 ut
1212 957 1271 1021 per
1307 945 1489 1021 potentiam
1521 946 1769 1021 magnificentiae

978 1045 1043 1103 tuae
1063 1043 1265 1119 reprimatur
1278 1042 1456 1104 insolentia
1472 1044 1710 1120 praedictorum
1730 1044 1770 1103 ri-

977 1140 1068 1200 vium
1098 1145 1130 1202 et
1148 1141 1292 1201 aliorum
1313 1142 1369 1218 qui
1391 1144 1507 1202 contra
1528 1144 1634 1202 Deum
1659 1143 1692 1202 et
1715 1142 1769 1201 lio·

979 1254 1094 1299 norem
1118 1242 1211 1301 tumn
1232 1242 1427 1315 conjurasse
1450 1240 1619 1311 ridentur,
1644 1240 1679 1301 et
1694 1240 1769 1300 illem

979 1353 1088 1398 comes
1115 1338 1237 1421 terrum
1267 1337 1373 1414 ipsam
1400 1337 1435 1397 in
1463 1338 1595 1398 unitate
1622 1338 1714 1414 pac-is
1744 1338 1769 1397 el

980 1435 1066 1508 briei,
1100 1438 1155 1497 tuo
1186 1436 1288 1497 tultus
1318 1436 1457 1507 auxilio,
1492 1436 1606 1496 valeat
1637 1452 1768 1497 censer·

979 1534 1115 1595 saraed
1137 1535 1227 1595 tuam
1249 1536 1281 1595 et
1301 1534 1396 1610 regni
1420 1534 1469 1595 tui
1491 1534 1635 1611 gloriam
1660 1537 1693 1595 et
1714 1534 1767 1595 bo·

980 1648 1111 1707 norem3
1152 1632 1400 1708 crucesignatos
1431 1635 1543 1694 autem
1583 1649 1644 1709 pro
1674 1632 1767 1709 ipsius

979 1734 1090 1793 Terrae
1115 1732 1244 1793 Sanctae
1266 1730 1415 1792 subsidio
1430 1731 1585 1791 volumus
1606 1731 1647 1792 ad
1671 1736 1767 1807 parles

980 1829 1215 1890 ultramarinas
1238 1828 1382 1890 transire
1402 1828 1438 1889 in
1453 1828 1596 1890 instanti
1610 1829 1765 1907 passagio.

980 1944 1054 1988 cnm
1087 1927 1253 2003 negotium
1289 1927 1371 1987 illud
1404 1926 1598 1988 nullatenus
1624 1926 1765 2003 impe-diri

980 2026 1130 2088 aelianus.
1158 2028 1276 2087 batum
1304 2025 1471 2098 Laterani,
1499 2027 1545 2086 lll
1570 2025 1638 2086 kal.
1657 2023 1704 2103 (l)
1718 2027 1765 2101 ja-

981 2124 1103 2196 nuarii,
1117 2124 1326 2201 pontificatus
1340 2124 1444 2185 nostri
1460 2139 1550 2185 anno
1565 2124 1722 2185 secundo.

1308 2322 1451 2410 xdvll

1021 2477 1072 2537 nd
1092 2478 1268 2538 Stratonem
1285 2478 1326 2538 dc
1348 2476 1552 2550 Moralrsorti
1566 2474 1732 2537 conanae.

1288 2609 1374 2682 ajal.
1393 2610 1471 2667 aare.

1013 2734 1148 2799 [bouquet
1163 2733 1263 2786 Recueil
1275 2734 1319 2783 des
1332 2734 1407 2789 llist,
1420 2740 1440 2783 t.
1455 2735 1522 2789 xlx,
1535 2749 1561 2799 p.
1574 2734 1636 2792 dli,
1651 2735 1738 2795 lleput.

1246 2814 1292 2865 lib.
1304 2815 1334 2871 ll,
1349 2816 1423 2879 epist.
1438 2814 1505 2881 tis]

983 2934 1052 2992 Cum
1064 2934 1191 2991 Romana
1202 2932 1323 2991 ecclesia
1338 2940 1463 2990 castrum
1477 2933 1512 2989 dc
1525 2934 1640 3004 Funjnu
1651 2934 1727 2989 situm
1739 2932 1759 2985 in

1018 3023 1188 3095 Argentaria
1203 3022 1279 3079 circu
1302 3021 1471 3079 llbedanmn
1495 3021 1654 3079 Simonide
1669 3023 1758 3078 bourn·

1020 3109 1093 3179 lorti,
1109 3112 1183 3169 sieut
1196 3118 1316 3169 ceteras
1333 3112 1447 3169 comitis
1462 3112 1595 3169 Tolosaui
1612 3120 1705 3177 terras,
1716 3117 1757 3164 tra·

1019 3201 1149 3269 didisset,
1166 3200 1242 3273 quod
1255 3208 1381 3258 cestrum
1402 3200 1436 3258 ad
1457 3201 1635 3259 vivariensis
1651 3200 1759 3257 ecelesia

1020 3292 1221 3363 proprietatem
1251 3290 1420 3363 pertinebat,
1447 3290 1565 3348 ulandei
1594 3290 1725 3348 Honorius
1737 3294 1759 3343 ul

1019 3376 1095 3435 idem
1106 3387 1230 3436 castrum
1248 3378 1407 3437 vivariensi
1422 3379 1556 3452 episcopo
1572 3381 1732 3436 restituatur.

1025 3506 1192 3568 Honorius
1213 3506 1438 3584 episcopus‚..‚
1455 3506 1577 3569 dilecto
1593 3506 1660 3567 tllio
1674 3502 1758 3566 nobili

984 3606 1057 3667 uiro
1071 3606 1183 3667 comiti
1194 3604 1413 3667 montisfortis
1427 3605 1581 3679 salutern,
1598 3610 1659 3667 ete.

1025 3703 1217 3765 Postulante
1245 3704 1428 3765 venerabili
1453 3703 1557 3766 tratre
1583 3709 1692 3766 nostro
1710 3700 1757 3762 l'i·

985 3802 1130 3863 rariensi
1141 3801 1295 3879 episcopo
1309 3802 1368 3881 (2),
1379 3801 1416 3864 ut
1429 3804 1576 3864 castrum
1590 3806 1632 3865 dc
1647 3804 1757 3867 l'uuldd

985 3901 1084 3962 situm
1108 3900 1143 3960 in
1163 3900 1362 3975 Argentaria
1376 3917 1451 3961 cum
1468 3902 1677 3978 pertinentiis
1695 3897 1756 3964 suis.

985 3998 1070 4075 quod
1088 3998 1121 4058 in
1135 3997 1291 4061 Ecclesiae
1303 4002 1460 4061 Romanae
1471 4000 1681 4061 commissum
1694 3996 1758 4057 lud·

985 4097 1074 4157 disse
1088 4096 1305 4173 dignoscitur,
1327 4098 1581 4159 restitueremus
1593 4091 1756 4159 Viennensi

985 4194 1146 4266 ecclesiae,
1163 4194 1204 4254 ad
1218 4197 1312 4272 cujus
1327 4196 1562 4273 proprietatem
1578 4197 1658 4258 illud
1673 4191 1755 4273 perli-

985 4308 1065 4353 nere
1091 4290 1241 4367 dicebat;
1269 4308 1342 4363 nos,
1379 4294 1529 4371 inspecto
1561 4292 1755 4357 instrumente

985 4407 1085 4467 snper
1097 4390 1160 4451 boc
1176 4390 1271 4451 nobis
1284 4390 1443 4464 exbibito,
1457 4392 1490 4453 et
1502 4392 1669 4455 intellecto
1679 4408 1696 4451 n
1706 4388 1755 4466 plu·

986 4489 1078 4551 ribus
1098 4489 1162 4551 tlde
1190 4488 1312 4567 dignis,
1336 4488 1421 4566 quod
1450 4490 1585 4567 publiea
1609 4491 1691 4553 larum
1709 4488 1752 4547 est.

986 4588 1086 4651 immo
1102 4588 1198 4665 quasi
1210 4588 1376 4649 notorium
1392 4588 1426 4649 in
1442 4588 1593 4665 partibus
1608 4589 1683 4659 illis,
1697 4598 1754 4664 pm·

987 4686 1160 4763 prietatem
1176 4686 1280 4764 ipsius
1295 4686 1396 4748 castri
1412 4686 1453 4747 ad
1464 4688 1658 4763 jamdictam
1669 4682 1751 4747 ercle·

986 4784 1070 4845 siam
1095 4784 1279 4861 pertinere;
1302 4788 1375 4861 ejus
1399 4784 1564 4862 petitioni,
1581 4786 1621 4848 de
1644 4786 1750 4847 nutum

986 4884 1174 4943 nostrorum
1196 4882 1347 4945 consilio.
1378 4882 1534 4945 duximus
1558 4880 1749 4947 annuendum,

986 4996 1060 5041 cnm
1073 4980 1262 5057 Apostolica
1277 4980 1390 5053 Sedes,
1407 4981 1462 5043 cui
1476 4984 1528 5044 est
1541 4982 1698 5059 generalis
1712 4986 1750 5033 et·-

986 5078 1163 5139 clesiarum
1197 5078 1343 5139 omnium
1376 5079 1567 5143 sollicitudo
1595 5077 1748 5144 connisa.

987 5177 1035 5237 sic
1049 5176 1090 5236 ad
1104 5192 1218 5237 earum
1229 5175 1347 5239 debeat
1362 5177 1537 5240 utilitatem
1552 5178 1717 5242 intendere,
1726 5164 1750 5225 ¹¹¹

987 5290 1053 5335 non
1072 5274 1179 5335 solum
1201 5273 1269 5335 illis
1284 5291 1484 5337 conservare
1507 5294 1582 5354 qnae
1596 5264 1749 5339 rationabi-

987 5371 1063 5433 liter
1090 5371 1270 5448 possident,
1303 5388 1418 5433 verum
1442 5375 1544 5435 etiam
1568 5376 1704 5439 alienata
1727 5360 1750 5421 5¹¹

1023 5504 1064 5579 aa)
1086 5504 1216 5563 &roone
1229 5502 1265 5563 de
1278 5502 1415 5565 Andusia.
