3794 6166
129 306 192 367 :stu
588 306 768 369 noxolul
785 306 833 369 111
852 302 1004 371 orma.
1017 338 1061 355 -
1079 310 1314 373 SERMONES.
1714 314 1775 377 360

129 464 178 537 2).
204 464 254 526 Ab
280 466 342 525 boc
366 465 530 542 sanguine
557 467 639 543 petit
665 465 803 528 liberari
832 466 926 544 psal-
979 466 1026 545 8).
1037 469 1129 529 Tunc
1143 469 1277 546 quidem
1289 484 1367 530 sere
1381 472 1531 547 pastores
1545 470 1772 549 appellamini,

130 564 229 624 misti
260 580 337 625 cum
364 565 445 624 ait:
476 566 601 627 Libero
630 581 687 628 me
714 569 758 627 de
783 569 928 640 snuoul-
980 564 1009 625 si
1024 566 1171 642 vigilatis
1186 571 1219 627 et
1237 567 1411 629 custoditis
1436 568 1570 644 vigilias
1588 571 1696 632 noctis
1711 588 1773 632 su-

130 664 246 723 uldus.
274 665 382 731 Deris,
411 665 505 723 Deus
527 666 651 724 solaciis
673 680 761 725 meoe
778 664 853 741 (Ps.
872 665 924 734 50,
980 679 1041 739 per
1054 664 1211 740 populum
1224 663 1319 724 vobis
1331 666 1555 738 commissum,
1569 667 1774 731 excubantes

130 758 205 821 teil.
238 760 447 831 &finierunt
479 766 687 837 suicpuluem
723 764 926 824 mlwlolum
979 761 1013 820 in
1027 762 1146 821 castris
1158 766 1190 822 et
1207 761 1313 822 lucem
1325 766 1539 840 expectantes
1554 766 1689 841 propter
1701 783 1774 844 pro-

129 858 269 917 tunc-nm
296 862 330 916 lu
351 860 499 919 circceltu
523 862 717 921 Jerusalem
731 860 801 937 (Ps.
816 862 867 931 78,
876 860 923 938 5).
979 858 1084 918 lixum
1099 859 1234 920 taedlum
1247 861 1365 921 noctis.
1382 861 1540 922 solebant
1551 863 1678 939 antiqui
1694 879 1775 924 noc·

128 956 196 1015 Pro
209 956 374 1030 sunguine
387 957 452 1017 isto
467 957 611 1033 postulat
622 958 787 1018 uindicari
801 957 925 1018 chorus
978 959 1043 1016 tem
1052 957 1259 1032 distinguere
1275 958 1309 1018 in
1319 963 1464 1035 quatuor
1477 960 1622 1035 vigilias,
1633 977 1772 1039 quarum

127 1052 457 1129 mnrtpxumdicens:
478 1058 617 1115 l’ludlco
626 1060 923 1130 serupuluemuos-
978 1054 1085 1129 prima
1099 1054 1223 1114 dicitur
1240 1056 1465 1128 conticinium,
1491 1058 1636 1119 secunda
1658 1058 1774 1120 intem·

127 1150 223 1211 tracus
236 1152 920 1229 polemcscccslmeus›coelet-(apocri,
978 1156 1118 1226 pestum,
1138 1152 1237 1212 tertia
1257 1152 1474 1228 gallicinium,
1500 1157 1617 1231 quarta
1641 1156 1774 1217 antelu-

128 1246 193 1323 lll).
220 1250 268 1309 De
292 1250 392 1309 tertio
419 1251 582 1325 sunguine
610 1251 754 1326 legitur:
781 1254 849 1312 Hic
870 1252 923 1312 est
976 1249 1116 1308 carium.
1146 1249 1239 1310 [nde
1256 1251 1292 1310 in
1320 1251 1500 1326 Evangelio
1524 1253 1600 1313 aliis
1627 1255 1774 1314 nomini-

124 1350 270 1421 sunpuis
288 1352 369 1407 riori
390 1350 610 1419 Testamenti,
638 1352 699 1422 pul
718 1365 787 1422 pro
804 1351 923 1410 lucellis
975 1344 1037 1405 bus
1051 1368 1059 1404 ε
1075 1350 1230 1417 seruant
1243 1347 1351 1407 media
1372 1351 1479 1419 nocte,
1493 1352 1552 1410 aut
1565 1348 1645 1427 gaili
1659 1352 1771 1423 cantu,

125 1444 325 1517 effuiulctm·
359 1450 395 1505 in
430 1451 671 1508 maurissionem
697 1449 921 1520 peccatonem
975 1445 1034 1504 aut
1050 1460 1159 1504 mane.
1174 1447 1213 1505 Et
1229 1444 1311 1505 alibi
1333 1447 1519 1507 Lucas2Et
1541 1451 1574 1509 si
1587 1449 1722 1510 reuerti
1736 1452 1772 1509 lu

126 1543 260 1619 tblsttb.
274 1560 369 1605 xxm.
391 1544 458 1619 28).
476 1547 541 1604 Per
550 1544 638 1605 hunc
649 1546 846 1621 sanguinem
860 1561 920 1605 re-
974 1545 1125 1602 secunda
1141 1546 1268 1617 ticillo,
1282 1546 1358 1604 etsi
1371 1547 1405 1603 ln
1419 1544 1524 1605 lertio
1537 1549 1654 1621 vlpllla
1667 1561 1773 1607 aene-

124 1639 351 1717 demptumest
359 1658 464 1717 genus
473 1643 752 1720 humanum,quia
760 1642 921 1720 redempti
975 1640 1035 1709 rit,
1048 1642 1083 1699 ct
1105 1642 1154 1700 llo
1178 1642 1362 1711 incederit,
1386 1645 1476 1703 beotl
1497 1644 1579 1704 sont
1604 1646 1701 1703 secel
1725 1645 1772 1705 llll

124 1744 202 1799 sunl
228 1756 296 1799 non
317 1740 590 1817 corruptibilibus
608 1757 693 1801 auro
712 1744 746 1802 et
768 1744 919 1817 argento,
975 1736 1070 1813 (Luc.
1081 1752 1143 1805 111,
1153 1736 1401 1815 38).Dequarta
1413 1739 1577 1810 tacel,sed
1593 1739 1772 1801 Matthaeus

124 1837 184 1896 sed
196 1839 340 1914 puetioso
360 1840 524 1915 sangiune
536 1841 624 1915 igni
638 1840 855 1900 immaculati.
974 1833 1067 1897 dicit.
1083 1835 1170 1911 quod
1181 1837 1280 1897 lesus
1291 1838 1410 1912 quarta
1422 1836 1539 1912 vigilia
1554 1837 1646 1898 venit
1660 1837 1701 1897 ad
1713 1853 1773 1899 eos

166 1938 291 2011 mque,
308 1936 439 2000 imo-es,
455 1953 516 2013 pro
539 1952 655 1998 amore
675 1937 775 2014 hujus
790 1937 920 2014 pretio·
975 1931 1149 1992 ambulans
1163 1948 1264 2010 super
1273 1949 1389 2010 aquius.
1406 1932 1476 1994 Nos
1486 1935 1598 1995 autem
1611 1935 1666 2011 qui
1682 1951 1772 1995 som-

123 2033 251 2092 sissimi
265 2035 441 2109 sanguinis
460 2034 664 2112 deponamus
689 2038 836 2096 veterem
859 2035 922 2095 ho-
975 2046 1035 2105 per
1049 2032 1084 2090 in
1100 2034 1195 2091 nocte
1210 2030 1309 2108 hujus
1321 2031 1437 2091 muudi
1451 2030 1607 2092 debemus
1624 2048 1698 2094 esse
1707 2033 1771 2095 sol·

122 2130 246 2190 minem
281 2147 357 2191 cum
385 2132 515 2192 actibus
551 2134 638 2203 suis,
675 2135 708 2194 et
742 2132 920 2193 induamus
975 2129 1057 2190 liciti
1073 2134 1189 2190 contra
1205 2130 1316 2191 hostes
1331 2132 1364 2191 et
1377 2134 1553 2207 expectare
1566 2130 1672 2191 lucem
1685 2147 1771 2192 veu-

121 2244 245 2287 norum
275 2230 333 2304 qui
363 2230 545 2289 secundum
577 2233 681 2291 Deum
704 2234 836 2292 creatus
856 2234 917 2292 est.
974 2231 1100 2297 turum,
1129 2227 1232 2297 idest,
1257 2227 1436 2288 adventum
1458 2227 1599 2305 judicis,
1627 2228 1771 2290 dicimus

121 2327 352 2402 Expurgemus
380 2330 476 2387 retus
507 2327 723 2401 termentum,
754 2331 790 2389 ut
815 2329 920 2390 simus
974 2327 1116 2403 primam
1130 2326 1280 2402 sigillam
1292 2327 1455 2403 pueritiae,
1464 2327 1641 2388 secundam
1649 2330 1769 2404 juveu-

119 2438 208 2483 nova
223 2425 429 2501 conspersio,
443 2428 476 2485 et
490 2426 577 2487 sicut
591 2425 806 2487 exhibuimus
820 2443 920 2488 mem·
973 2426 1066 2487 tulis.
1084 2426 1217 2486 tertiam
1238 2426 1428 2489 senectutis.
1445 2428 1610 2502 quartam,
1634 2425 1712 2487 licet
1734 2427 1770 2486 in

118 2519 180 2581 bra
192 2524 307 2582 nostra
322 2524 450 2584 servire
465 2524 633 2601 iniquitati
642 2524 684 2585 ad
695 2525 918 2602 iniquitatem,
974 2522 1131 2583 llutthaeo
1145 2522 1276 2583 dicatur
1292 2523 1423 2583 initium
1438 2522 1514 2583 fidei
1529 2522 1766 2596 illucescentis,

120 2618 168 2679 ita
192 2635 279 2680 nunc
301 2620 519 2681 exhibeamus
533 2638 573 2682 ea
589 2623 716 2683 servire
726 2623 867 2699 justitiae
883 2623 918 2683 in
973 2621 1028 2681 hic
1040 2621 1181 2682 dicimus
1199 2621 1348 2696 uigiliam
1367 2620 1543 2697 decrepitae
1558 2622 1677 2681 aetalis.
1704 2624 1771 2683 Do-

119 2718 396 2779 sanctificatione.
413 2720 544 2779 Scimus
563 2720 652 2780 enim
667 2720 745 2798 quia
760 2735 850 2780 mors
864 2721 920 2781 in·
974 2720 1083 2779 minus
1096 2722 1208 2779 autem
1219 2718 1370 2778 ordinem
1390 2719 1616 2779 necessarium
1643 2720 1766 2791 servat,

116 2816 184 2876 trat
199 2832 260 2892 per
272 2816 437 2877 fenestras
452 2833 622 2889 sensuum,
636 2819 669 2879 et
682 2817 759 2879 ideo
780 2817 918 2894 dignum
972 2816 1154 2878 secundum
1176 2815 1263 2893 quod
1278 2815 1419 2893 quisque
1435 2815 1542 2891 magis
1557 2816 1699 2892 signare
1718 2819 1771 2878 te-

117 2916 182 2982 est.
206 2916 244 2976 ul
270 2915 327 2992 qui
351 2914 477 2977 luerint
498 2916 722 2977 instrumenta
736 2917 864 2993 peccati
884 2920 918 2979 et
972 2918 1080 2975 netur.
1100 2914 1180 2975 Plus
1208 2914 1297 2975 enim
1318 2913 1461 2990 vigilare
1486 2916 1618 2974 tenetur
1645 2930 1767 2983 senex,

118 3010 548 3085 servierintdiabolomunc
558 3014 714 3075 sintsasa
726 3014 918 3077 sanctitica—
971 3029 1070 3089 quam
1082 3012 1219 3090 J'usenis
1233 3014 1265 3073 et
1280 3012 1354 3088 plus
1363 3012 1499 3088 juvenis
1520 3026 1620 3088 quam
1635 3011 1770 3072 adoles-

116 3110 220 3172 tionis
234 3112 267 3171 et
281 3110 430 3172 serviant
442 3114 523 3174 lesu
544 3113 688 3185 Christo,
704 3115 740 3174 ut
758 3114 814 3175 cui
836 3115 917 3175 olim
971 3126 1062 3181 cens,
1087 3116 1121 3172 et
1141 3110 1215 3187 plus
1242 3109 1435 3170 adolescens
1459 3124 1559 3186 quam
1587 3125 1680 3185 puer.
1708 3110 1768 3171 l'el

117 3210 192 3268 erat
213 3206 307 3268 bons
329 3208 516 3269 meretricis
540 3211 577 3270 ut
607 3210 710 3271 nollet
735 3209 916 3287 aliquando
972 3208 1092 3285 potius,
1120 3208 1198 3286 quia
1221 3207 1321 3268 bomo
1338 3207 1488 3267 nascitur
1514 3205 1556 3266 ed
1582 3206 1765 3280 miseriam,

116 3304 314 3366 erubescere
332 3308 366 3367 et
378 3306 512 3368 erubuit
534 3307 703 3368 Christum
718 3323 831 3368 coram
854 3308 918 3370 ho-
971 3309 1049 3368 lunc
1068 3307 1184 3382 incipit
1198 3306 1231 3367 ei
1243 3321 1321 3365 nox.
1337 3307 1418 3365 Cum
1432 3305 1544 3365 autem
1560 3305 1703 3366 moritur
1725 3305 1767 3365 ad

116 3403 276 3477 minibus,
295 3420 384 3465 nuno
413 3405 448 3465 in
474 3405 553 3466 sede
579 3407 727 3483 pudoris,
750 3407 852 3479 idest,
880 3408 916 3468 in
971 3405 1211 3475 sulutemtunc
1229 3402 1345 3479 incipit
1364 3402 1446 3462 dies.

116 3504 226 3565 fronte
250 3504 360 3565 crucis
384 3505 544 3565 uexillum
571 3503 739 3581 praeierat,
757 3508 791 3566 et
811 3506 918 3567 contl-
1011 3505 1112 3565 Recte
1124 3518 1184 3579 per
1191 3516 1271 3562 sero
1284 3499 1370 3577 quod
1378 3501 1428 3561 est
1443 3501 1548 3561 noctis
1561 3500 1704 3571 initium,
1721 3500 1770 3561 in·

116 3602 217 3663 tendo
230 3601 396 3663 Christum
422 3620 534 3665 coram
557 3602 760 3671 hominibus,
783 3604 869 3664 absit
884 3605 916 3664 ei
971 3601 1133 3677 telligitur
1148 3599 1301 3677 pueritia.
1316 3601 1380 3659 Per
1393 3613 1496 3658 limile
1509 3613 1601 3668 sem,
1613 3598 1700 3674 quod
1716 3600 1768 3659 est

116 3699 257 3775 gloriari
284 3701 350 3760 nisi
372 3701 407 3761 in
429 3717 528 3762 cruce
552 3702 684 3761 Domini
705 3701 811 3761 nostri
835 3704 916 3762 lesu
971 3698 1047 3758 linis
1060 3698 1177 3769 noctis,
1192 3698 1344 3757 senectus
1362 3695 1536 3771 accipitur,
1551 3698 1584 3754 el
1601 3694 1676 3756 ideo
1696 3697 1767 3756 Do·

117 3796 253 3857 christi.
277 3800 334 3857 Est
354 3813 434 3873 ergo
449 3798 521 3858 baec
536 3798 749 3858 commutatio
768 3796 915 3859 dexteru
970 3796 1081 3858 suiuus
1094 3797 1187 3873 prius
1201 3793 1435 3856 commemorat
1456 3808 1531 3853 sero
1543 3808 1642 3869 quam
1656 3809 1765 3865 mane,

117 3894 262 3964 Excelsi,
281 3893 441 3960 tribuere,
468 3894 597 3954 scilicet
615 3896 748 3954 terrena
768 3910 828 3970 pm
846 3910 917 3956 cu-
969 3896 1006 3955 ut
1018 3894 1059 3955 de
1074 3898 1169 3956 nocte
1189 3896 1396 3954 transeamus
1417 3890 1458 3950 ad
1482 3889 1581 3961 diem,
1603 3890 1701 3959 idest,
1726 3890 1767 3951 do

117 3990 269 4059 lestibus,
284 3991 472 4066 corporalia
487 4006 548 4066 pro
563 3990 804 4066 spiritualibus.
818 3995 916 4054 tran-
970 3992 1105 4053 rniseriu
1127 3993 1205 4052 sitae
1219 3989 1393 4068 praesentis
1407 3988 1449 4047 ad
1463 3987 1606 4063 gloriam
1618 3989 1696 4049 vitae
1709 3987 1765 4050 lu·

117 4088 235 4149 sitoria
263 4103 324 4163 pro
350 4087 498 4148 aeternis.
525 4087 649 4163 l'igilet
669 4104 750 4165 erpo
775 4089 915 4168 quilibet
969 4093 1065 4151 turco.
1080 4089 1209 4167 thuia
1222 4087 1426 4148 noxestsitn
1441 4101 1600 4163 presens,
1617 4086 1766 4162 psalmus

116 4189 266 4246 uestrum
277 4187 310 4244 et
319 4183 457 4257 laboret,
469 4188 502 4246 et
511 4184 678 4262 implendo
690 4204 788 4249 suum
802 4189 916 4251 ruinis·
969 4188 1050 4249 llicit
1068 4204 1076 4247 :
1090 4187 1318 4249 Dormlemort
1331 4199 1490 4245 somnum
1504 4199 1618 4255 sctum,
1633 4184 1667 4244 el
1681 4188 1767 4246 nihil

116 4283 239 4345 terium
253 4282 354 4343 iaciat
366 4297 451 4358 opus
465 4282 692 4359 evangeliste,
706 4285 778 4348 sive
792 4288 917 4363 predi-
971 4286 1179 4347 luccuccuut
1192 4298 1311 4345 occurres
1333 4285 1403 4342 riri
1414 4282 1615 4341 divitiorum
1633 4285 1668 4341 lu
1690 4297 1768 4342 lno-

116 4381 252 4451 caloris,
265 4380 351 4439 sicut
364 4379 500 4441 cuilibet
512 4384 660 4443 vestrum
672 4383 752 4446 dicit
769 4385 913 4446 Paulus:
970 4386 1070 4445 lll'tllls
1093 4382 1249 4461 sulstl‘s.
1264 4383 1315 4450 75,
1330 4377 1376 4457 6).
1391 4381 1461 4439 Duo
1476 4393 1618 4455 namque
1631 4379 1767 4454 prami-

118 4483 168 4541 nu
188 4493 273 4539 reru
301 4480 402 4552 ripllo
432 4482 466 4538 lu
490 4482 658 4551 onrulbus,
680 4485 809 4547 luwm.
829 4498 916 4558 opus
969 4486 1075 4545 scuit:
1088 4480 1235 4556 vigilate,
1247 4478 1385 4548 scilicet,
1397 4477 1475 4553 quin
1488 4475 1624 4536 nescitis
1634 4475 1765 4552 quando

115 4582 173 4655 1bc
185 4576 416 4652 crollocllslm,
440 4577 673 4638 ›llllllstcriuut
697 4580 794 4641 trouu
814 4584 915 4655 illude·
969 4580 1130 4641 Doruinus
1157 4578 1281 4638 veniat.
1309 4578 1346 4636 ln
1374 4575 1481 4651 prima
1502 4572 1634 4651 quidem
1653 4575 1759 4645 aetate,

117 4674 165 4755 (11
175 4674 259 4735 iim.
273 4688 320 4743 Π,
336 4671 383 4752 5).
970 4678 1047 4739 licet
1067 4677 1166 4738 homo
1180 4675 1307 4737 nesciat
1322 4672 1455 4751 quando
1469 4671 1626 4733 Dominus
1637 4669 1760 4741 veniat,

156 4771 282 4834 Debent
297 4771 398 4832 etiam
422 4771 553 4849 praelati
566 4772 709 4849 vigilare
727 4791 787 4852 per
801 4780 915 4838 custo-
968 4779 1080 4837 himen
1101 4791 1168 4837 non
1190 4772 1291 4834 babet
1316 4788 1400 4847 opus
1425 4770 1577 4847 uigilare,
1592 4768 1669 4845 quia
1695 4783 1763 4828 non

116 4872 218 4933 diam.
247 4872 275 4930 A
297 4869 417 4947 quibus
442 4871 532 4931 enim
561 4874 670 4948 major
696 4874 828 4935 cautela
855 4878 914 4935 aut
968 4872 1051 4935 solet
1064 4866 1763 4946 iniuuseaaetulepeccarelnultimasero,

115 4972 224 5047 major
233 4968 487 5045 circumspectio
502 4970 660 5046 exigitur,
674 4987 774 5048 quam
788 4971 830 5032 ab
846 4971 914 5032 illis
969 4970 1045 5032 licet
1059 4969 1178 5031 habeat
1186 4984 1270 5046 opus
1279 4966 1451 5044 uigilandi,
1461 4966 1524 5026 scit
1532 4968 1644 5025 tamen
1654 4963 1766 5025 decre

115 5085 177 5147 per
203 5082 286 5144 quos
312 5082 395 5141 grex
419 5067 550 5128 Domini
571 5070 608 5129 in
627 5069 736 5132 medio
759 5069 913 5147 luporum
969 5070 1056 5146 pilus
1067 5068 1153 5146 quod
1168 5084 1208 5129 eu
1221 5068 1320 5129 ceute
1330 5064 1599 5135 Dominusvenit,
1609 5064 1765 5140 quoniam

116 5164 314 5233 custoditur,
344 5179 386 5223 ne
411 5163 493 5240 lupi,
520 5165 615 5237 idest,
638 5166 806 5229 daemones
826 5169 916 5230 irre-
967 5168 1050 5225 utus
1063 5163 1122 5224 illa
1137 5167 1243 5224 moute
1256 5161 1380 5222 linitur.
1393 5160 1482 5221 Licet
1495 5156 1765 5219 autemomnibus

115 5266 217 5344 pant,
248 5259 913 5343 orestisnersantetperomo1uque
967 5264 1170 5339 preceptum
1196 5260 1241 5321 su
1265 5259 1423 5336 sortiare,
1452 5255 1633 5319 somnum
1660 5255 1763 5316 iuuu:

116 5373 265 5436 congrue
279 5357 315 5417 in
341 5358 523 5434 Evangelio
544 5361 674 5437 praelati
694 5364 844 5439 pastores
858 5379 915 5441 ap-
967 5362 1062 5426 Dcrod
1097 5362 1190 5421 robis
1213 5362 1300 5425 duo,
1328 5360 1486 5418 uaricibus
1511 5358 1597 5423 dou,
1624 5355 1765 5430 rioilole

117 5459 285 5543 pellantur
305 5476 313 5513 ι
337 5456 383 5515 Et
401 5457 564 5529 pastores
586 5460 702 5530 mitt,
728 5460 849 5538 inquil,
877 5465 912 5522 ln
968 5458 1087 5533 (blare.
1103 5454 1259 5535 xunssl).
1276 5455 1473 5532 Specialiter
1486 5456 1597 5515 tumen
1617 5449 1764 5528 praelatis

118 5560 259 5637 mioloe
286 5556 406 5615 endan
428 5557 608 5630 conantes
627 5559 662 5618 et
683 5559 913 5620 notationes
968 5556 1138 5625 Ecclesire,
1161 5554 1341 5615 secuudum
1367 5552 1450 5613 illud
1473 5574 1481 5611 :
1503 5552 1658 5612 dociliter-l
1669 5564 1766 5623 pru·-

121 5656 254 5735 willos
269 5652 491 5727 llwll‘stlrrpel·
500 5668 640 5731 orroeon
653 5656 858 5733 urrontluc.
872 5670 910 5727 n,
965 5654 1055 5729 ccplt
1068 5654 1106 5715 ul
1118 5654 1232 5731 ripllct
1240 5650 1359 5731 (blare.
1369 5667 1444 5721 x1u,
1454 5647 1663 5727 billonilor
1673 5646 1762 5707 enim
