3802 6166
754 271 982 335 EPISTOLAE.
1006 275 1083 335 LIB.
1108 274 1148 335 11.

447 458 602 545 unhul

118 609 175 667 'Ad
200 608 482 682 arceteptrcopos,
503 611 678 683 episcopos
694 611 919 673 Turrttuuum

375 707 410 767 et
427 709 666 768 omitti-eman.

429 825 515 884 dieb.
532 829 610 886 lala.

280 941 398 1005 [Uahallt
411 942 547 1001 ltalsnrra,
564 950 583 993 t.
595 957 634 1001 ur,
653 959 677 1009 p.
697 943 764 1005 tib]

184 1047 407 1121 hrchirpiscopo
422 1049 526 1106 Pisano
541 1050 693 1122 primatum
706 1051 865 1109 eonllrmat.

166 1178 271 1247 Quum
286 1176 418 1253 quidam
431 1177 692 1253 praedecessores
708 1179 813 1241 nostri
824 1181 921 1241 Pisa-

122 1275 177 1334 nis
191 1274 449 1351 archiepiscopis
463 1276 664 1339 contulerint
675 1277 708 1337 iu
719 1278 917 1351 Turritanaa,

122 1371 321 1433 arborensis
337 1374 370 1433 et
384 1372 581 1435 calaritanae
594 1374 776 1449 provinciis
790 1376 917 1452 prima-

124 1471 187 1539 tus,
203 1469 235 1530 et
249 1469 284 1529 in
298 1470 452 1530 Sardinia
467 1471 643 1546 legationis
669 1473 824 1545 honoras,
849 1475 919 1535 Nos

122 1574 159 1629 Υ.
177 1568 211 1627 F.
229 1568 269 1627 N.
285 1567 387 1629 Vitali
410 1567 532 1629 Pisano
553 1569 803 1647 archiepiscopo
823 1570 919 1631 beni-

120 1664 429 1737 gueconcessimus,
442 1665 528 1742 quod
542 1668 646 1728 nostri
656 1668 918 1745 praedecessores

122 1764 368 1823 concesserunt.
394 1764 536 1840 Ideoque
565 1764 816 1828 universitatem
837 1782 917 1827 ues-

122 1860 208 1919 tram
223 1861 346 1922 attente
359 1876 541 1935 monemus,
553 1879 612 1939 per
622 1864 810 1940 Apostolica
825 1863 919 1925 vobis

122 1958 246 2033 scripta
261 1958 466 2032 urarulantes,
484 1961 645 2037 quatenus
660 1961 765 2022 eidem
785 1962 919 2023 archie-

122 2054 258 2131 piscopo
283 2056 317 2115 in
339 2056 392 2127 iis,
410 2073 483 2133 quae
509 2058 542 2118 in
564 2059 722 2135 praedicta
742 2060 831 2122 terra
856 2059 919 2121 sibi

119 2155 200 2213 sunt
213 2152 255 2213 ab
267 2154 455 2230 apostolica
468 2156 551 2217 Sede
566 2171 736 2229 concessa,
751 2159 919 2235 tamquam

121 2251 257 2325 primati
270 2252 391 2322 vestre,
406 2267 445 2313 ac
469 2254 667 2330 apostolicae
688 2254 782 2316 Sedis
809 2255 918 2331 legato

119 2347 268 2409 debitum
284 2349 443 2411 honorem
458 2352 491 2412 et
506 2352 726 2414 reverentiam
741 2354 918 2431 impenda-

120 2445 178 2516 tis,
218 2448 356 2524 ejusque
393 2446 581 2508 salubribus
621 2449 756 2511 monitis
798 2449 919 2511 curetis

120 2542 253 2615 devote,
269 2557 309 2605 ac
324 2543 494 2606 humiliter
506 2544 651 2608 obedire.

162 2640 235 2702 Dat.
251 2643 405 2703 Laterani
421 2644 507 2704 Non.
523 2642 599 2705 Feb.
617 2659 705 2705 anuo
717 2645 747 2705 2.

458 2857 594 2945 CXXV

120 3008 177 3067 Ad
184 3006 381 3083 capitutum,
391 3012 520 3071 clamem
528 3009 561 3070 ct
568 3012 919 3085 poputumPtsouuut.

430 3136 517 3196 diei).
534 3140 613 3197 lala.

172 3261 268 3326 [Codex
282 3262 461 3327 diplomaticus
473 3263 605 3321 Sardiniae,
615 3268 635 3313 t.
647 3266 665 3324 l,
681 3280 706 3329 p.
719 3264 807 3324 dibu.
820 3263 872 3330 ti]

122 3376 256 3438 Nolihcat
274 3378 415 3435 llouorius
425 3378 500 3450 quod
513 3378 637 3436 honore·
652 3380 790 3453 primatus
802 3389 830 3437 et
840 3381 919 3454 lega-

160 3466 247 3525 tionis
260 3467 289 3523 in
302 3465 431 3525 Sardinia
443 3468 528 3527 Vilali
541 3468 756 3542 archiepiscopo
768 3470 920 3527 concessit.

166 3602 349 3675 Honorius,
366 3603 441 3675 etc,
461 3602 618 3679 capitulo,
635 3604 735 3676 clero,
752 3606 785 3666 et
800 3605 921 3682 populo

123 3698 260 3760 Pisano.

162 3797 255 3867 Quod
270 3797 359 3858 circa
383 3797 569 3869 ecclesiam,
595 3799 627 3861 et
648 3798 816 3861 civitatem
840 3815 919 3860 ves-

122 3896 210 3956 tram
226 3894 398 3957 exhiberet
413 3897 534 3958 nostrae
549 3896 752 3958 sinceritatis
769 3898 919 3969 allectus,

121 4008 200 4052 nam
216 3995 336 4068 praeter
350 3993 429 4060 alia,
443 3994 478 4056 in
489 3994 608 4070 quibus
618 4010 677 4056 vos
693 3994 922 4071 multipliciter

122 4090 372 4162 honorationis,
388 4094 426 4152 V.
444 4094 479 4151 Il.
497 4093 538 4152 N.
555 4092 657 4153 Vitali
669 4092 921 4170 archiepiscopo

121 4189 235 4250 restro
248 4188 472 4249 concessimus
484 4189 715 4261 inTurritana,
728 4190 919 4262 Arboreusi,

123 4285 367 4347 etCallaritana
379 4287 561 4362 prouinciis
574 4287 746 4363 primatus,
760 4288 793 4348 et
803 4288 837 4347 in
848 4290 924 4349 Sar-

123 4383 217 4443 dinia
241 4382 418 4458 legationis
445 4384 599 4454 honores,
626 4385 713 4446 sicut
735 4384 922 4462 praedeces-

121 4496 218 4542 rores
234 4481 339 4542 nostri
355 4481 502 4557 ojusllam
518 4482 764 4559 archiepiscopi
788 4482 920 4559 praede-

123 4578 313 4639 cessoribus
329 4581 576 4651 coricesserunt,
587 4582 649 4641 etc.

446 4784 602 4871 CXXVI

159 4927 212 4987 Art
223 4928 380 4999 priorem
393 4927 426 4988 et
440 4926 646 4988 collocutum
661 4929 899 5003 Goatpcudtcu.

435 5054 523 5113 bleb.
542 5058 620 5115 lala.

166 5179 275 5243 [Reposl.
289 5178 334 5229 lib.
348 5179 379 5237 ll,
392 5178 466 5241 epist.
477 5178 532 5229 8³8.
545 5182 603 5230 lisa.
616 5180 651 5230 La
663 5180 781 5231 Porteda
790 5180 883 5246 lietb]

369 5292 524 5351 Coullrmat
538 5293 675 5351 decimas.

166 5408 346 5481 Honorius,
363 5411 438 5483 etc„
454 5411 585 5472 dilectis
596 5412 674 5471 liliis
686 5412 788 5489 priori
801 5413 834 5475 et
845 5428 926 5474 con-

129 5507 247 5569 ventui
263 5509 497 5585 compendien.

167 5604 260 5666 Solet
277 5621 426 5667 annuero
441 5621 546 5680 arsque
562 5606 736 5684 impertiri.
762 5610 807 5670 Ea
824 5624 926 5687 prop-

973 435 1026 497 tor
1051 448 1157 507 ltaque
1185 450 1340 500 assensu,
1368 434 1402 493 ut
1430 432 1575 495 decimas
1604 434 1773 495 novalium

973 531 1189 593 existentium
1205 530 1291 592 inira
1308 531 1478 602 terminos,
1496 532 1663 609 inquibus
1683 536 1773 593 tete-

974 644 1028 689 res
1042 629 1188 690 decimas
1205 630 1365 691 hacteuus
1373 630 1579 707 percepistis,
1594 629 1689 691 vobis
1701 646 1774 707 per·

974 727 1085 803 cipere
1099 728 1208 799 liceat,
1225 731 1258 790 et
1274 744 1333 804 per
1353 744 1415 791 vos
1437 728 1638 790 monasterio
1660 730 1772 790 uestro

974 824 1171 886 auctoritate
1196 827 1409 902 praesentium
1431 826 1651 901 indulgemus.
1678 826 1771 887 Nulli

974 937 1053 997 eruo
1074 927 1196 985 nostre
1213 924 1449 993 concessionis,
1467 927 1529 985 etc.
1547 926 1582 984 Si
1603 924 1677 1001 quis
1704 941 1771 983 au-

973 1021 1050 1091 tem,
1068 1021 1130 1082 etc.
1152 1022 1270 1083 Datum
1286 1023 1443 1084 Laterani
1458 1024 1574 1083 octauo
1596 1022 1669 1083 idus
1687 1022 1770 1083 febr.

974 1118 1185 1193 pontificatus
1200 1120 1306 1181 nostri
1319 1136 1406 1181 anno
1422 1121 1577 1183 secundo.

1287 1308 1460 1395 dllvu

1012 1452 1064 1511 Ad
1084 1450 1226 1512 Vitalem
1239 1454 1533 1525 urclueptscopuau
1550 1454 1730 1513 Pisonum.

1281 1573 1299 1630 8
1314 1571 1369 1630 feb.
1385 1574 1464 1631 iila.

1064 1686 1158 1751 [Codex
1170 1686 1350 1751 diplomaticus
1361 1687 1493 1749 Sardinia,
1504 1696 1523 1738 t.
1540 1690 1560 1745 l,
1574 1704 1598 1753 p.
1611 1688 1678 1751 aaa]

1110 1795 1245 1853 Ecclesiae
1260 1794 1371 1853 Pisame
1386 1795 1535 1869 privilegia
1549 1797 1636 1853 auxit.
1690 1856 1696 1869 ,

982 1986 988 1994 ,
1013 1912 1180 1974 Honorius
1196 1928 1312 1975 seruus
1327 1929 1498 1974 seruorum
1512 1915 1581 1986 Dei,
1599 1914 1660 1976 etc.

1013 2010 1227 2084 Legationem
1251 2026 1380 2087 quoquo
1408 2011 1571 2073 Sardiniae
1597 2028 1617 2073 a
1644 2012 1774 2089 praede·

974 2123 1106 2168 cessere
1130 2110 1245 2169 nostro
1268 2124 1353 2184 papa
1378 2108 1523 2179 Urbano,
1549 2110 1774 2185 praedecesso-

973 2204 1066 2265 ribus
1089 2205 1156 2265 tuis
1180 2221 1391 2278 concessam,
1420 2208 1452 2267 et
1477 2206 1582 2267 lelicis
1605 2208 1774 2269 momoriae

975 2303 1158 2365 innocentii
1175 2303 1323 2373 secundi,
1340 2304 1490 2381 Eugenii,
1507 2305 1685 2375 hrrastasii,
1703 2307 1773 2367 ce-

974 2399 1103 2474 lestini,
1134 2402 1167 2463 et
1202 2401 1386 2462 innocentii
1413 2401 1520 2474 tertii,
1549 2405 1774 2463 Romanorum

975 2499 1182 2569 Pontificum,
1197 2499 1382 2575 privilegiis
1403 2500 1438 2559 in
1456 2502 1651 2577 perpetuum
1669 2500 1771 2561 robo-

974 2598 1092 2667 ratam,
1109 2596 1168 2657 tibi
1188 2597 1319 2673 tuisque
1335 2597 1582 2659 successoribus
1598 2598 1772 2674 praesentis

975 2694 1090 2769 scripti
1114 2694 1237 2771 pagina
1258 2694 1508 2767 confirmamus,
1537 2698 1570 2757 et
1593 2696 1773 2758 confirma-

975 2790 1098 2851 tionem
1120 2791 1227 2868 ipsam
1248 2794 1366 2861 ratam,
1392 2794 1424 2853 et
1445 2792 1678 2854 inconcussam
1693 2808 1774 2870 per-

976 2889 1083 2964 petuis
1106 2888 1308 2966 temporibus
1333 2890 1541 2951 decernimus
1566 2906 1770 2966 permanere.

976 2986 1123 3063 Denique
1139 2989 1175 3048 ut
1189 2987 1312 3047 Pisana
1326 2987 1457 3059 civitas,
1483 3004 1555 3064 quae
1578 2986 1691 3049 lavore
1707 3004 1777 3049 coe-

976 3084 1069 3144 lestis
1084 3084 1230 3144 numinis
1245 3084 1285 3145 de
1298 3084 1446 3146 inimicis
1469 3084 1648 3145 Christiani
1665 3085 1775 3145 uolui-

976 3180 1028 3240 uis
1043 3181 1218 3259 victoriam
1234 3180 1424 3258 frequenter
1438 3181 1589 3253 obtinuit,
1613 3186 1775 3243 eteorum

976 3275 1075 3335 urbes
1090 3275 1250 3351 plurimas
1272 3274 1471 3352 subjugavit,
1498 3276 1640 3351 amplius
1664 3277 1773 3338 houlr-

976 3374 1078 3442 retur,
1106 3388 1189 3449 equo
1218 3372 1294 3433 albo
1321 3389 1394 3433 cum
1421 3389 1505 3434 naco
1532 3374 1607 3434 albo
1634 3374 1667 3433 iu
1693 3392 1774 3451 pro-

976 3468 1182 3529 cessionibus
1215 3470 1342 3541 utendi,
1376 3472 1408 3533 et
1435 3486 1583 3543 crucem,
1616 3472 1776 3533 senilium

976 3566 1105 3629 scilicet
1134 3566 1353 3640 Dorniuicum,
1391 3586 1451 3645 per
1484 3567 1649 3645 subjectas
1682 3569 1776 3629 voltis

976 3663 1166 3739 provincias
1191 3664 1361 3741 portandi,
1389 3666 1451 3726 etc.
1478 3666 1596 3727 ilatum
1620 3666 1776 3727 Laterani

977 3777 1036 3837 per
1050 3777 1184 3822 manum
1201 3762 1338 3823 Rauerii
1355 3764 1387 3823 S.
1403 3765 1441 3824 R.
1459 3765 1494 3823 E.
1508 3762 1777 3824 vicecancellarii

976 3862 1019 3920 t'i
1038 3859 1112 3920 idus
1137 3858 1297 3919 februarii
1326 3860 1507 3923 indictione
1531 3863 1585 3933 Vl,
1613 3864 1775 3921 lucarna-

975 3956 1075 4018 tionis
1099 3958 1280 4018 Dominicis
1305 3974 1392 4020 auno
1417 3958 1594 4019 millesimo
1616 3958 1777 4019 ducente-

976 4057 1059 4116 simo
1084 4054 1211 4116 decimo
1242 4056 1381 4133 septimo
1408 4053 1506 4135 (inita
1539 4057 1666 4119 scilicet
1695 4056 1776 4117 anui

977 4155 1107 4216 ratione
1120 4170 1139 4214 a
1151 4153 1234 4217 sesto
1251 4156 1521 4218 annuntiationis
1537 4154 1616 4233 die).
1635 4155 1775 4217 Pontill-

977 4253 1071 4313 catus
1086 4268 1165 4313 uero
1177 4252 1301 4313 ‹lomiui
1312 4253 1451 4315 Honorii
1467 4257 1565 4331 Papae
1582 4253 1670 4315 tertii
1686 4270 1774 4315 aurio

977 4349 1133 4412 secundo.

1277 4484 1473 4572 dxxvul

975 4636 1027 4694 Ad
1041 4636 1312 4709 archiepiscopos
1330 4636 1363 4695 ct
1383 4638 1608 4711 episcopante
1627 4649 1775 4711 qllol'llllt

1016 4734 1213 4793 dioecesibus
1234 4733 1315 4793 sacret
1340 4736 1460 4794 uolnus
1475 4736 1608 4795 ordinis
1628 4734 1775 4795 Car-llut-

1015 4832 1151 4891 eleusis.

1282 4906 1368 4964 aleb.
1387 4907 1466 4965 lits.

1187 5020 1263 5082 [null.
1274 5022 1358 5079 nom,
1371 5026 1389 5070 a.
1403 5020 1444 5079 ul,
1458 5037 1483 5085 p.
1499 5022 1564 5086 lun]

977 5126 1057 5196 Quod
1072 5126 1173 5184 iratres
1191 5125 1298 5185 ordinis
1312 5128 1489 5185 Carlhusieu.
1506 5128 1542 5185 ab
1556 5143 1654 5186 eorum
1675 5130 1773 5187 solitu·

1013 5216 1079 5273 diue
1101 5230 1150 5289 per
1174 5218 1318 5273 neminem
1343 5216 1546 5285 distrahantur,
1575 5219 1620 5274 vel
1648 5220 1773 5275 testimo·

1014 5306 1092 5362 nium
1126 5304 1213 5375 leue,
1241 5305 1472 5377 jurameutumve
1502 5306 1654 5364 calumuire
1681 5306 1777 5365 sutura

1013 5394 1232 5466 compellantur.

1018 5511 1185 5573 Ilouorius
1200 5511 1385 5589 episcopus,
1395 5528 1511 5574 servus
1522 5510 1773 5583 servorumDei,

979 5608 1225 5671 venerabilibus
1255 5608 1414 5671 iratribus
1448 5608 1709 5686 archiepiscopis
1743 5607 1777 5669 et
