3802 6166
118 356 178 417 559

120 517 269 593 ignarus,
282 516 316 577 in
333 516 559 594 presbyterum
577 514 751 577 ordinasti.
768 517 914 593 Cumque

121 614 327 691 postmodum
347 613 453 675 dictus
477 612 618 675 clericus
643 612 828 690 inspirante
849 615 916 674 Do-

22 726 25 731 ·
119 712 210 774 mino
225 714 264 773 ad
282 727 338 773 cor
352 710 485 772 rediens
500 712 791 789 praesumptionem
803 712 916 789 liujus·

120 811 209 871 modi
229 809 393 871 sacerdoti
417 825 477 870 suo
500 810 535 870 in
559 811 691 871 modum
713 808 914 886 poenitentiae

120 909 311 980 detexisset,
329 908 484 969 sacerdos
499 908 572 985 ipse
584 908 731 985 injunxit
745 908 862 978 eidem,
880 907 916 968 ut

120 1023 358 1085 quemcumque
380 1006 480 1068 vellet
500 1006 649 1067 habitum
669 1006 852 1083 susciperet
866 1021 916 1067 re·

120 1105 282 1181 gularem.
300 1105 393 1167 Unde
410 1105 504 1165 nobis
519 1105 690 1166 humiliter
704 1104 913 1182 supplicavit,

120 1206 156 1266 ut
174 1221 248 1266 cum
266 1204 339 1281 ipse
352 1203 393 1264 ad
408 1203 541 1264 domum
556 1219 592 1264 se
608 1204 817 1265 transtulerit
835 1203 917 1263 bos-

120 1302 233 1381 pitalis
246 1302 394 1380 ejusdem
410 1318 449 1363 ac
462 1301 611 1363 ordinem
625 1300 841 1379 assumpserit
851 1300 914 1361 loci

9 1418 28 1435 ⁴
119 1400 280 1479 praedicti,
304 1400 472 1477 provideri
488 1416 588 1476 snper
602 1400 664 1462 boc
679 1399 787 1461 eidem
810 1399 915 1459 mise-

120 1498 296 1561 ricorditer
311 1497 536 1575 dignaremur.
560 1500 629 1559 Nos
651 1498 753 1575 igitur
774 1497 916 1558 neutile

119 1613 179 1675 per
198 1596 316 1658 inutile
339 1596 484 1669 vitietur,
511 1597 551 1658 de
577 1596 816 1666 misericordia,
842 1610 916 1673 quae

120 1695 348 1773 superexaltat
362 1694 501 1770 jndicio,
516 1695 545 1754 ei
562 1694 717 1755 clusimus
732 1693 918 1755 conceden-

120 1794 209 1865 dum,
234 1792 326 1855 utin
354 1792 611 1854 subdiaconatus
637 1792 753 1853 ordine
776 1793 915 1863 tantum,

121 1908 218 1969 quem
244 1890 308 1952 rite
335 1890 493 1968 suscepit,
528 1890 631 1951 libere
659 1890 771 1952 valeat
800 1889 919 1951 minis-

121 1992 212 2051 trare
225 1988 285 2067 (l).

162 2090 280 2149 Datum
295 2086 450 2148 Laterani
473 2089 547 2148 XIV
571 2085 731 2147 kalendas
751 2084 915 2158 Januarii,

124 2185 334 2263 pontificatus
349 2185 454 2246 nostri
465 2199 552 2245 anno
564 2185 719 2245 secundo.

163 2285 360 2359 ExRegesto
371 2283 451 2343 anni
463 2282 598 2344 secundi
608 2283 807 2343 Litterarum
818 2285 919 2358 Apos-

124 2382 300 2444 tolicarum
314 2381 454 2443 Honorii
469 2384 533 2442 ΡΡ.
548 2383 606 2455 ΙΙΙ,
621 2382 645 2443 t.
658 2383 683 2453 l,
700 2398 751 2458 ep.
767 2384 836 2441 768.

419 2568 614 2656 LXXXII]

186 2722 238 2781 Ad
251 2724 407 2782 consides
425 2720 460 2781 et
477 2724 641 2795 populu-m
657 2722 847 2781 Tolosonos.

420 2852 453 2909 27
468 2850 530 2908 dee.
548 2851 626 2908 llll.

125 2972 261 3038 [Bouquet
279 2971 383 3024 liecueil
403 2971 447 3021 des
470 2972 545 3031 illst,
564 2978 582 3021 t.
599 2972 667 3030 XlX,
684 2987 711 3037 p.
727 2970 790 3031 olm
811 2972 921 3035 liegest„

412 3052 457 3103 lib.
470 3052 502 3112 fl,
518 3068 560 3119 ep.
570 3052 639 3117 827]

125 3161 275 3219 Tolosanis
289 3176 356 3218 cum
367 3161 483 3219 Simone
497 3159 533 3217 de
548 3159 709 3221 llonteforti
719 3159 922 3221 dissidentibus

161 3252 189 3308 in
210 3251 376 3309 memoriam
399 3250 506 3308 reducit
530 3248 659 3309 Pontifex
682 3257 751 3323 quot
769 3257 798 3307 et
817 3258 921 3322 quanta

160 3339 279 3413 pridem,
303 3338 482 3397 adversando
508 3341 627 3409 Simoni,
650 3341 724 3396 mala
746 3339 879 3408 tulerint,
894 3348 922 3396 et

159 3444 210 3488 eos
224 3445 290 3487 cum
302 3429 405 3487 eodem
420 3431 448 3486 in
463 3431 587 3503 gratiam
605 3429 697 3487 redire
712 3428 849 3485 hortatur.

163 3559 330 3620 Honorius
354 3559 566 3635 episcopus...
596 3557 787 3620 consulibus
812 3558 844 3619 et
859 3572 921 3634 po·

125 3657 204 3735 pulo
222 3657 397 3718 Tolosanis
413 3657 564 3733 spiritum
581 3656 711 3717 consilii
727 3655 881 3716 sanioris.

165 3755 385 3819 credebamus
408 3756 493 3832 qnod
514 3754 607 3815 vobis
625 3754 770 3816 dedisset
791 3754 923 3815 vexatio

124 3854 341 3921 intellectum,
362 3855 404 3924 et,
432 3852 616 3913 recolentes
645 3852 837 3913 scandalum
864 3867 924 3929 per

125 3952 211 4029 quod
235 3951 393 4013 turbastis
419 3950 641 4026 apostolicam
663 3950 780 4010 Sedem
796 3966 834 4011 ac
851 3950 922 4010 cir·

125 4051 328 4112 oumstantes
353 4049 467 4109 fideles
496 4049 528 4109 el
550 4051 665 4109 contra
695 4064 753 4108 vos
777 4048 925 4123 graviter

126 4148 345 4227 provocastis,
357 4146 535 4207 studeretis
546 4146 700 4222 deinceps
711 4146 924 4223 ipsiusbpos·

127 4244 237 4307 tolicae
252 4244 346 4305 Sedis
356 4243 504 4304 savorem
516 4245 548 4303 et
558 4242 699 4319 gratiam
713 4257 922 4305 conservare.

38 4400 41 4405 .
125 4342 335 4414 vosautem,
362 4342 449 4403 sicut
471 4340 669 4413 andivimus,
696 4343 729 4403 et
752 4341 924 4403 audientes

125 4442 334 4519 nequivimus
350 4457 415 4500 non
437 4438 578 4511 turbari,
601 4440 845 4515 praeteritorum
861 4440 927 4501 irn-

126 4557 300 4610 memores,
316 4541 349 4601 et
360 4539 536 4615 improvidi
548 4538 745 4609 futurorum,
756 4538 924 4613 negotium

126 4640 219 4715 pacis
232 4639 264 4700 et
279 4637 371 4708 fidei,
386 4639 433 4698 tot
443 4652 661 4713 personarum
670 4638 703 4697 et
713 4652 824 4697 rerum
838 4636 926 4697 labo·

126 4737 218 4798 ribus
231 4739 263 4798 et
273 4736 455 4813 dispendiis
466 4734 501 4795 in
514 4734 634 4795 vestris
647 4733 797 4810 partibus
811 4750 926 4811 procu·

31 4878 35 4887 .
127 4838 247 4907 ratum,
273 4834 437 4895 diabolico
461 4832 618 4894 concitati
642 4833 760 4910 spiritu
775 4833 809 4894 et
822 4848 925 4910 pravo

164 5012 206 5081 (tl
221 5012 390 5069 Ptrnltcntla
403 5027 453 5083 per
466 5011 569 5068 saltum
583 5016 718 5138 promoto
728 5009 873 5083 condigne
884 5012 925 5067 in-

126 5082 235 5155 juncta.
247 5084 569 5148 frrrrocrntiusflf,anno
598 5083 925 5149 tltl,alitcrstatuitcurn

129 5168 165 5208 eo
178 5154 225 5225 (μή
241 5153 408 5210 diaconatus
418 5152 518 5210 ordine
532 5154 720 5225 (ignoranter)
736 5154 926 5225 pretermisso

128 5240 161 5280 sc
175 5224 239 5280 fecit
255 5224 290 5280 ad
301 5224 456 5282 sacerdotis
465 5224 594 5281 ordinem
608 5226 789 5306 promoveri3
807 5224 925 5282 manda·

131 5296 170 5353 vlt
185 5296 262 5355 cuitu
278 5295 418 5362 Pontifex,
435 5304 576 5368 quatenus
591 5310 633 5353 stc
651 5294 781 5352 ordinato
801 5310 852 5368 pro
872 5296 924 5354 bu·

127 5364 253 5441 jusrnodi
279 5367 454 5439 rregligcntla
477 5367 621 5437 corrdiguo
644 5366 811 5439 injungatur
833 5368 924 5439 poeni·

130 5438 235 5503 tentia,
261 5452 315 5509 qua
350 5446 463 5509 peracta
494 5438 521 5494 in
550 5437 701 5494 diaconum
729 5438 875 5495 ordinetur
898 5444 928 5495 et

131 5510 310 5585 permittatur
333 5510 495 5565 nitriistrare
520 5509 547 5564 in
570 5509 669 5565 ordine
695 5508 861 5567 sacerdotis.
882 5511 927 5567 lto

130 5597 192 5651 cap.
202 5581 453 5639 urr.:f'umlltterrr.
464 5579 611 5635 llerlcrlro
616 5596 668 5650 per
677 5582 782 5637 sultuna
788 5585 925 5651 pluendo.

167 5652 209 5721 (a)
225 5654 381 5711 simonem.
421 5651 458 5723 (b)
468 5649 624 5709 bertrandi.

167 5724 210 5799 (Ξ)
222 5726 292 5784 tlunr
305 5722 438 5782 l'olosani
458 5722 548 5791 cives,
561 5736 634 5794 quos
648 5720 780 5779 trasiniis
798 5721 928 5780 cladibus

736 354 912 417 rtoNotut
934 355 979 416 111
1001 354 1149 417 OPERA.

1708 354 1768 413 560

969 512 1767 590 seducticonsilio,subvertereincoeptstiscontra

970 609 1768 690 dilectumflliumnobilemvirumS.(..),comiten1

970 712 1197 784 Montisfortis,
1210 713 1311 773 immo
1322 714 1437 773 contra
1448 710 1546 772 fldem
1559 709 1767 779 catholicam,

970 813 1065 887 cujus
1096 811 1323 887 propugnator
1344 809 1473 884 existit;
1504 824 1577 879 voe,
1603 810 1770 884 assumpto

970 908 1161 969 rebellionis
1173 908 1305 985 spiritu,
1320 909 1496 984 erigentes,
1508 906 1608 984 atque
1621 906 1656 966 in
1669 906 1770 966 oculis

971 1007 1069 1083 legati
1082 1006 1186 1067 nostri
1202 1004 1261 1085 (b),
1279 1006 1335 1083 qui
1355 1022 1422 1066 non
1435 1006 1542 1066 solum
1555 1005 1660 1075 vires,
1673 1003 1729 1063 sed
1741 1008 1771 1064 el

971 1121 1146 1182 personam
1173 1106 1321 1166 nostram
1348 1105 1434 1180 gerit
1458 1105 1493 1164 in
1520 1103 1673 1180 partibus
1692 1101 1768 1171 illis,

971 1220 1035 1264 non
1047 1203 1208 1265 veremini
1219 1204 1398 1265 attentare:
1413 1203 1510 1279 plane
1521 1217 1660 1279 operum
1674 1199 1770 1260 exbi-

970 1302 1096 1363 bitione
1120 1302 1340 1363 monstrantes
1367 1301 1463 1378 quod,
1487 1301 1544 1378 qui
1558 1300 1607 1361 sic
1629 1298 1770 1374 legatum

971 1401 1121 1461 eumdem
1137 1400 1358 1473 contemnitis,
1375 1400 1488 1461 adnos
1503 1397 1588 1460 etad
1601 1397 1770 1475 Apostoli-

971 1514 1043 1560 carn
1055 1498 1172 1559 Sedem
1184 1499 1370 1575 respectum
1382 1513 1564 1573 congruum
1576 1499 1609 1558 et
1619 1495 1770 1556 devotio·

973 1613 1047 1657 nem
1071 1596 1214 1657 debitam
1239 1612 1305 1657 non
1320 1595 1450 1656 hahetis
1465 1592 1524 1674 (2).
1541 1598 1629 1655 Sane
1645 1610 1710 1654 non
1726 1596 1772 1653 est

972 1694 1165 1756 abbreviata
1188 1710 1305 1756 manus
1333 1693 1464 1755 Domini
1489 1693 1525 1753 ut
1553 1694 1688 1753 salvare
1711 1708 1771 1751 non

973 1790 1086 1870 possit,
1110 1792 1142 1853 et
1163 1791 1343 1852 humiliare
1365 1790 1535 1869 superbos,
1562 1806 1601 1850 ac
1631 1788 1772 1849 lmmiles

972 1890 1122 1951 exaltare
1136 1912 1143 1949 :
1157 1906 1217 1950 nec
1246 1888 1397 1966 exempla
1433 1888 1530 1965 longe
1548 1903 1702 1965 quaerere
1717 1902 1772 1947 vos

973 1988 1111 2065 oportet,
1143 1988 1286 2065 qualiter
1309 1989 1380 2064 ejus
1406 1987 1542 2047 deutera
1571 1984 1773 2060 confregerit

973 2087 1137 2158 inimicos,
1153 2088 1186 2148 et
1200 2086 1235 2147 in
1250 2102 1307 2147 eos
1322 2085 1461 2147 calicem
1476 2102 1546 2145 suae
1568 2084 1773 2159 indignatio-

917 2203 923 2215 ·
974 2185 1025 2246 nis
1039 2184 1204 2256 effuderit,
1221 2185 1337 2246 contra
1357 2199 1439 2260 quos
1456 2186 1606 2244 Romana
1626 2180 1772 2242 Ecclesia

975 2283 1088 2343 ddeles
1103 2282 1247 2355 illorum,
1260 2283 1415 2358 exigente
1428 2281 1569 2351 malitia,
1582 2279 1771 2346 concitavit,

1015 2383 1041 2442 N
1046 2397 1082 2441 os
1091 2382 1212 2453 autem,
1223 2380 1395 2441 ambulare
1407 2377 1772 2455 satagentesvobiscum

976 2480 1009 2540 in
1036 2478 1154 2556 spiritu
1178 2478 1337 2550 lenitatis,
1366 2478 1398 2539 et
1413 2478 1499 2539 sicut
1526 2477 1612 2538 tilios
1638 2478 1771 2553 paterna

976 2593 1033 2637 vos
1049 2576 1224 2639 affectione
1244 2577 1400 2648 tractare,
1418 2591 1457 2636 ac
1471 2574 1602 2636 blandis
1618 2574 1773 2634 muntilio·

976 2675 1071 2736 nibus
1087 2690 1244 2737 revocare
1255 2674 1296 2735 ab
1310 2674 1400 2735 invio
1412 2676 1444 2735 et
1455 2673 1496 2734 ad
1509 2675 1599 2734 viam
1614 2672 1771 2733 reducere

975 2772 1137 2846 veritatis,
1159 2772 1409 2834 universitatem
1423 2774 1569 2833 vestram
1589 2787 1770 2837 monemus,

976 2888 1131 2948 rogamus
1159 2874 1192 2933 et
1217 2871 1429 2932 obsecramus
1457 2870 1491 2930 in
1527 2870 1685 2941 Domino,
1715 2866 1770 2927 sub

976 2973 1240 3047 quantacumque
1264 2969 1472 3030 districtione
1486 2984 1664 3044 possumus
1682 2965 1768 3027 robis

976 3068 1199 3146 praecipiendo
1223 3067 1427 3140 mandantes,
1451 3068 1625 3145 quatenus,
1653 3065 1693 3127 ob
1714 3080 1769 3125 re·

976 3167 1160 3228 verentium
1182 3166 1327 3227 divinam
1350 3167 1561 3235 ct·nostram,
1591 3180 1610 3225 a
1629 3164 1766 3225 rebella·

977 3265 1067 3326 tione
1086 3263 1275 3341 hujusmodi
1300 3263 1430 3341 penitus
1454 3262 1667 3332 desistentes,
1691 3261 1767 3321 obe-

977 3360 1294 3438 diatisipsiuslegati
1304 3360 1556 3421 mandatisb'os
1566 3360 1657 3420 euim
1668 3359 1767 3419 eidem

979 3459 1088 3535 legato
1105 3460 1227 3520 nostris
1251 3459 1368 3519 damus
1384 3458 1502 3520 litteris
1530 3458 1564 3518 in
1591 3457 1762 3521 mandalis.

978 3556 1764 3634 ut,interponenssollicitepartessuas,comitem

979 3656 1114 3717 irulucat
1126 3655 1288 3724 eumdem,
1308 3658 1344 3717 ut
1358 3654 1452 3716 vobis
1466 3653 1508 3715 ad
1533 3656 1605 3730 ejus
1624 3653 1768 3714 devotio·

980 3770 1054 3814 uem
1076 3753 1247 3814 humiliter
1266 3752 1481 3816 redeuntibus
1503 3750 1678 3827 indulgeat
1692 3752 1768 3811 banc

979 3852 1150 3917 offensam.
1165 3855 1198 3912 et
1218 3868 1277 3913 uos
1297 3852 1337 3911 de
1357 3853 1478 3912 caetero
1493 3850 1651 3915 decenter
1664 3848 1696 3911 et
1710 3850 1769 3909 bu-

979 3966 1075 4010 mane
1097 3952 1286 4027 pertractet,
1302 3950 1335 4009 et
1348 3964 1384 4009 ea
1403 3965 1475 4025 quae
1490 3949 1652 4009 intervos
1668 3950 1701 4009 et
1713 3947 1769 4007 dic·

978 4049 1048 4110 tum
1072 4048 1224 4109 comitem
1242 4046 1418 4107 discordiae
1436 4047 1612 4107 materiam
1631 4046 1768 4122 pariunt,

979 4147 1019 4207 ad
1037 4164 1097 4207 nos
1108 4145 1234 4205 referre
1248 4145 1412 4222 procuret,
1425 4146 1457 4205 et
1468 4160 1539 4213 nos,
1552 4145 1696 4205 veritate
1707 4144 1768 4221 ple-

980 4244 1056 4304 nius
1071 4243 1250 4315 intellecta,
1264 4242 1297 4302 id
1307 4242 1435 4319 judicio
1449 4242 1501 4303 vel
1513 4242 1696 4303 concordia
1707 4244 1769 4302 ter·

980 4342 1155 4413 minantes,
1174 4341 1408 4417 provideamus
1424 4340 1550 4417 pariter
1564 4339 1662 4400 vobis
1678 4342 1711 4401 et
1723 4354 1771 4399 co-

981 4440 1050 4501 miti
1067 4440 1255 4517 saepedicto,
1268 4440 1313 4500 ita
1327 4439 1412 4516 quod
1429 4439 1462 4499 in
1474 4439 1588 4499 mutua
1600 4438 1770 4500 dilectione

981 4539 1115 4599 manere
1130 4538 1274 4615 possitis.
1291 4541 1357 4598 Vos
1375 4537 1475 4612 igitur
1488 4537 1614 4597 nostris
1631 4539 1770 4614 acquies·

981 4637 1045 4697 cite
1061 4636 1224 4697 mandatis
1247 4638 1281 4697 et
1304 4635 1465 4705 culmillis,
1483 4636 1515 4696 et
1542 4634 1683 4711 probate
1703 4631 1770 4712 quid

982 4735 1118 4796 lionoris
1133 4738 1166 4795 et
1183 4734 1309 4795 fructus
1324 4749 1367 4793 ex
1379 4733 1578 4810 spostolicae
1596 4734 1695 4794 Sedis
1708 4748 1769 4810 gra·

980 4833 1028 4893 tia
1043 4832 1201 4910 consequi
1224 4830 1381 4902 valeatis,
1405 4846 1478 4909 quae
1501 4831 1587 4892 sicut
1603 4832 1712 4894 invita
1727 4848 1771 4892 re-

982 5009 1116 5069 allecorat
1131 5010 1227 5068 Simon
1248 5008 1285 5066 de
1299 5006 1469 5069 ilortcforti
1489 5006 1561 5065 adeo
1575 5014 1605 5064 ut
1620 5008 1721 5067 urbem
1736 5011 1769 5065 in·

981 5082 1083 5139 cetrdio
1104 5088 1238 5147 vastaret,
1265 5080 1366 5137 eodem
1392 5094 1468 5135 anno
1487 5080 1624 5137 couriletn
1648 5084 1771 5138 llnirnuu·

981 5154 1048 5211 dnm
1062 5156 1112 5221 vt,
1124 5152 1159 5209 ab
1176 5151 1311 5224 Hispania
1326 5158 1501 5218 revocatum,
1516 5152 1707 5223 recepissent,
1720 5166 1770 5208 rur·

981 5242 1029 5283 sus
1040 5224 1218 5281 obsidionem
1232 5224 1309 5280 urbis
1324 5220 1490 5293 aggreditur
1508 5222 1621 5291 Sinron,
1642 5224 1772 5280 suadente

981 5304 1009 5351 rt
1021 5296 1222 5353 ecclesiasticis
1233 5295 1320 5351 arturis
1335 5295 1488 5363 adprvante
1501 5294 1662 5351 bertrando
1676 5298 1772 5366 legato.

982 5374 1064 5440 prout
1079 5367 1175 5424 videre
1193 5374 1236 5422 cst
1252 5366 1278 5421 in
1291 5366 1365 5423 Petri
1381 5364 1502 5431 l'allltup
1518 5365 1630 5420 Sarnali
1647 5362 1772 5423 numaclrt

981 5438 1109 5495 Historia
1123 5438 1315 5507 Albr'prustum
1327 5441 1352 5491 rt
1372 5435 1449 5491 socri
1466 5434 1531 5489 netu
1546 5434 1576 5489 ia
1590 5450 1638 5490 eos
1650 5438 1773 5505 suscepti,

981 5516 1010 5565 et
1020 5509 1096 5593 aptrd
1105 5508 1286 5565 tluillelrnum
1298 5505 1428 5564 dePodru
1440 5506 1594 5562 Laurentii.
1603 5506 1676 5563 (bun
1688 5516 1774 5564 auton

981 5581 1208 5663 belligerantium
1223 5593 1329 5652 arrceps
1339 5584 1414 5635 esset
1426 5576 1547 5643 fortuna,
1565 5592 1686 5649 operam
1699 5578 1773 5634 adbi-

982 5652 1038 5710 buit
1050 5653 1160 5708 triterim
1172 5665 1254 5709 suam
1267 5647 1614 5709 Horroriusreducendisa
1628 5650 1775 5707 rebellione

983 5723 1104 5791 civibus,
1120 5736 1156 5779 eo
1170 5722 1256 5779 trrodo
1271 5736 1326 5793 prro
1346 5719 1449 5793 legitur
1462 5720 1490 5775 ln
1507 5718 1561 5775 truc
1576 5721 1709 5793 epistola.
