3794 6166
740 278 967 351 EPISTOLAE.
992 286 1069 349 LlB.
1094 288 1132 349 Il.

416 474 605 564 uuuxlv

224 618 275 679 Ad
296 619 471 694 episcopos
492 618 804 682 mccstrtncascm

355 716 389 777 et
414 717 666 779 Vcttencrtsem.

410 837 443 897 lc
458 838 525 896 maii
539 839 617 898 1218.

132 944 253 1009 [Regest.,
267 943 312 995 lib.
328 945 359 1002 ll,
370 944 443 1009 epist.
460 942 528 996 leel.
540 947 597 998 iias.
609 947 646 997 La
659 946 735 996 Perta
752 940 895 1011 du'l'heil.]

115 1053 290 1126 Episcopum
305 1051 537 1126 carpentoraten.
554 1052 590 1111 de
605 1066 692 1110 onere
707 1052 842 1127 pastorali
859 1052 908 1112 'ab-

151 1142 245 1199 solvat
260 1148 289 1198 et
303 1140 342 1199 illl
357 1141 488 1199 concedit
500 1155 659 1216 congruam
674 1141 866 1216 provisionem
881 1141 911 1199 ln

151 1229 279 1286 redditus
293 1230 356 1303 ejus
370 1230 510 1289 ecclesia.

157 1349 339 1415 Honorius,
356 1349 432 1422 etc,
451 1347 697 1410 venerabilibus
715 1345 910 1410 fratribus...

117 1439 357 1507 Tricastrinen.
385 1445 454 1507 et...
482 1445 660 1508 vasionen.
689 1445 855 1527 episcopis
881 1448 914 1508 et

117 1542 239 1604 dilecto
255 1542 324 1604 illie
339 1543 517 1621 praeposite
532 1543 722 1606 cavalicen.

158 1638 912 1720 venoraainsnraternostor...carpentoraten.

117 1738 293 1815 episcopus
321 1738 417 1800 nobis
442 1739 613 1801 humiliter
635 1738 852 1817 supplicavit,
878 1736 916 1799 ut

118 1851 194 1897 cum
207 1834 396 1898 contractus
414 1837 508 1898 senio
521 1835 610 1899 ferre
625 1852 691 1899 non
711 1835 815 1915 possit
831 1850 915 1898 enus

118 1931 222 1994 oillcil
248 1933 440 2011 pastoralis,
471 1933 578 2011 ipsum
605 1935 646 1996 ab
669 1948 715 2023 ¹eo
743 1933 916 1995 absolvers

118 2022 344 2107 dignaremur,
361 2029 520 2094 iacientes
536 2027 643 2094 eidem
658 2031 698 2093 de
719 2029 817 2092 honis
833 2032 918 2092 Gar·

119 2121 326 2204 pe'ntoraten.
338 2124 489 2190 ecclesiae
497 2123 722 2205 provisionem
735 2143 917 2204 congruam

119 2223 299 2300 assignari.
316 2224 478 2298 Quocirca
502 2224 695 2288 discretioni
717 2227 836 2287 vestrae
858 2240 918 2301 per

119 2320 917 2400 Apostolicascriptamandamus,quatenusreci·

120 2419 249 2497 pientes
267 2412 342 2482 vice
361 2407 476 2484 nestra
491 2420 674 2483 cessionem
698 2418 813 2496 ipsius,
828 2421 861 2482 et
876 2418 918 2481 de

120 2517 218 2578 benis
236 2516 342 2596 ipsius
365 2514 515 2580 ecclesia
537 2516 759 2596 provisionem
781 2517 813 2578 ei
834 2532 918 2580 con-

121 2628 240 2693 gruam
266 2614 487 2691 assignantes,
512 2615 695 2694 injungatis
720 2615 827 2694 ipsius
853 2613 917 2676 leci

122 2711 327 2791 capitulani
341 2727 529 2791 persenam,
541 2715 680 2790 pensate
694 2714 782 2777 statu
797 2715 920 2791 tempe·

120 2810 171 2872 ris
182 2825 363 2887 congruam
373 2805 564 2889 hujusmodi
572 2811 667 2874 oneri
675 2810 835 2874 ethonori
844 2825 918 2872 cum

120 2907 263 2971 consilio
277 2907 399 2978 vestre,
414 2907 478 2970 silri
493 2909 620 2987 eligant
633 2910 793 2972 canonice
805 2909 839 2970 in
853 2907 920 2985 epi·

122 3022 260 3085 scopum
269 3007 302 3069 et
310 3005 588 3084 pastoremQuod
598 3007 833 3079 sinenomnes,
841 3007 917 3078 otc,

121 3102 189 3166 duo
204 3104 362 3176 vestrum,
379 3106 442 3166 etc.

163 3204 284 3264 Datum
296 3204 408 3265 Romae
423 3201 509 3279 apud
521 3200 554 3262 S.
568 3200 703 3263 Petrum
716 3202 792 3262 XIV
802 3199 923 3262 kalen·

122 3298 281 3377 dasjunil
296 3315 385 3360 anno
397 3297 554 3360 secunde.

443 3465 606 3554 cclxv

177 3605 231 3664 Ad
245 3601 481 3671 sarracenam
492 3603 689 3677 episcopum
698 3601 867 3662 Prusstoe.

1699 291 1758 349 77>t

964 609 1180 671 Adcdeatem
1191 611 1232 671 da
1245 611 1478 687 Welpmdsrtst
1487 610 1520 673 et
1528 609 1758 684 propositum

1123 706 1157 768 et
1171 708 1339 768 decureum
1350 710 1597 771 olumucenses.

1247 810 1282 869 23
1307 811 1376 868 mali
1397 811 1475 870 lile.

965 914 1096 980 [Becaeeln
1106 915 1191 967 Codex
1203 915 1339 981 diplomat.
1352 917 1481 975 llersvla,
1492 922 1511 966 t.
1523 916 1557 975 ll,
1571 928 1599 981 ρ.
1609 915 1652 978 aa,
1665 929 1691 966 n.
1707 914 1760 980 ii]

965 1023 1086 1082 Causam
1100 1022 1175 1080 luter
1192 1021 1339 1082 Danielem
1359 1025 1535 1098 pragensem
1553 1023 1720 1097 episcopum
1734 1027 1764 1079 et
1870 1032 1871 1037 ’

1001 1111 1132 1171 abbatem
1150 1110 1187 1169 de
1204 1112 1527 1184 'leplaPraemenstrat
1549 1108 1657 1168 ordinis
1677 1124 1763 1184 super

1001 1198 1120 1257 decimis
1139 1199 1326 1272 quorumdam
1349 1199 1477 1258 iecorum
1496 1207 1654 1258 vertentem
1668 1200 1763 1272 inqui·

1002 1302 1067 1347 rcre
1081 1289 1124 1347 eis
1138 1289 1265 1347 mandat.
1359 1326 1362 1331 -

1007 1414 1174 1477 Honorius
1183 1415 1369 1492 episcopus,
1378 1429 1496 1476 servus
1506 1429 1679 1476 serrorum
1690 1413 1762 1486 Dei,

968 1513 1098 1575 dilectis
1118 1512 1233 1573 liliis...
1249 1511 1362 1574 abbati
1382 1512 1422 1574 de
1437 1513 1618 1589 Welgrad.,
1637 1513 1764 1574 Cister-

968 1610 1091 1672 ciensis
1106 1609 1244 1682 ordinis,
1264 1609 1492 1673 Olomucensis
1512 1609 1676 1681 dioecesis,
1693 1610 1763 1671 et...

969 1707 1146 1784 praeposite
1161 1708 1231 1768 et...
1248 1707 1373 1769 decano
1389 1706 1611 1779 Olomucensi,
1626 1706 1766 1768 salutem
1814 1764 1818 1771 ,

970 1806 1004 1866 et
1018 1804 1235 1881 apestollcam
1247 1803 1522 1865 benedictionem.

1010 1903 1116 1973 Quum
1125 1901 1202 1962 olim
1212 1900 1412 1962 venerabilis
1421 1901 1524 1962 irater
1532 1901 1768 1962 noster...Pra·

970 1999 1085 2077 gensis
1096 1999 1308 2076 episcopus...
1328 1998 1482 2063 abmtcm
1496 1998 1653 2076 deTepla
1673 2001 1768 2059 Prae·

973 2096 1228 2159 menstratensis
1245 2095 1372 2159 ordinis
1384 2112 1496 2159 conam
1506 2095 1691 2160 venerabili
1706 2095 1770 2157 fra·

971 2195 1021 2256 tre
1036 2194 1187 2256 nestro...
1203 2193 1358 2271 episcope
1369 2194 1604 2272 Ratisponensi
1617 2195 1769 2277 etconju·

972 2291 1101 2355 dicihus
1128 2290 1200 2353 suls
1226 2290 1426 2353 auctoritate
1455 2291 1645 2369 Apostolica
1671 2306 1771 2367 super

971 2389 1109 2453 decimis
1122 2389 1340 2467 quorumdam
1363 2388 1511 2451 locorum
1530 2405 1600 2450 suae
1616 2387 1770 2451 dioecesis

972 2487 1192 2559 convenisset,
1210 2487 1242 2548 et
1270 2486 1370 2549 iidem
1395 2487 1526 2565 jndices
1554 2487 1590 2549 in
1618 2486 1770 2548 abbatem

972 2585 1083 2664 ipsum
1098 2585 1232 2663 prepter
1243 2585 1486 2647 contumaciam
1496 2584 1770 2647 excommunica·
1888 2640 1891 2644 .

973 2682 1075 2745 tionis
1083 2682 1542 2759 sententiampromulgarint,
1552 2680 1771 2744 dictusablras

973 2779 1169 2858 priusquam
1206 2779 1419 2842 nuntiaretur
1452 2778 1769 2848 excommunicatus,

973 2876 1178 2954 interposite
1193 2875 1429 2954 appellationis
1443 2874 1585 2952 objectu,
1598 2875 1639 2937 ad
1652 2874 1773 2938 Sedem

974 2974 1198 3051 apostolicam
1224 2974 1385 3036 accedere
1414 2973 1616 3050 procuravit,
1647 2972 1704 3035 ubi
1732 2971 1779 3035 de.

975 3086 1139 3132 censensu
1160 3070 1268 3146 ipsius
1292 3070 1440 3149 episcopi
1461 3069 1534 3140 suit,
1557 3070 1654 3132 nebis
1673 3086 1772 3131 man-

975 3167 1142 3236 dantibus,
1156 3166 1340 3229 ahsolutus.
1354 3169 1493 3229 Domum
1517 3167 1684 3244 praedictis
1696 3167 1772 3244 epi-

976 3276 1078 3344 scope
1092 3266 1126 3326 et
1146 3263 1258 3327 abbati
1277 3264 1399 3326 dilecto
1415 3263 1485 3326 illio
1507 3267 1545 3326 (i.
1570 3264 1775 3326 subdiacono

977 3365 1010 3425 et
1030 3361 1204 3439 capellano
1226 3363 1341 3424 nostro
1365 3361 1502 3423 anobis
1521 3360 1675 3424 auditore
1690 3376 1775 3424 cen-

977 3483 1084 3541 cesso,
1110 3467 1287 3545 episcopus
1313 3467 1387 3545 ipse
1409 3468 1506 3545 petiit
1530 3467 1775 3529 restitutionem

977 3564 1041 3626 sihi
1063 3565 1136 3628 ilari
1158 3565 1363 3628 decimarum
1390 3581 1474 3643 quas
1497 3565 1686 3627 dioecesano
1711 3563 1776 3626 sibl

927 3694 931 3707 ·
973 3665 1051 3741 jure
1070 3662 1199 3726 debias
1224 3662 1333 3726 dictus
1354 3662 1458 3725 abbas
1482 3677 1503 3726 a
1524 3665 1673 3740 tempere
1697 3678 1777 3741 pre-

258 3829 264 3842 ,
417 3724 453 3840 ²ss²
467 3724 535 3783 ”¹⁸³¹
550 3720 629 3840 ΨΒ·
978 3761 1134 3824 meilonis
1160 3759 1266 3839 ipsius
1295 3760 1330 3821 in
1354 3759 1437 3823 locis
1465 3761 1612 3840 percepit
1637 3760 1775 3832 eisdem,

205 3828 396 3896 [V⁰¹⁸¹’⁰⁰‘¹⁰¹
408 3829 628 3896 ‘¹¹⁹¹’Pm⁸⁵¹³'“
639 3828 695 3894 1.p.
709 3828 844 3893 ’ΨΜ
979 3860 1011 3922 et
1031 3860 1067 3922 ut
1085 3858 1176 3921 idem
1191 3857 1294 3921 abhas
1313 3858 1355 3922 de
1379 3859 1500 3922 caetere
1522 3858 1565 3921 ab
1586 3858 1790 3937 hujusmodi.

138 3936 327 3999 illicencedit
339 3935 908 4011 exemptionemadecimlspersonalem.
978 3958 1182 4020 deeimarum
1204 3957 1416 4035 pereepfione
1433 3957 1595 4036 quiescat„
1612 3956 1777 4019 praesatus

168 4055 336 4117 Honorius
355 4056 419 4128 ΙΙΙ,
442 4054 522 4127 etc..
550 4054 740 4116 Christiane
768 4053 923 4134 episcope
978 4053 1173 4119 verealtbas
1187 4071 1207 4118 s
1220 4057 1337 4119 contra
1355 4055 1448 4119 litem
1463 4055 1678 4119 contestando
1700 4071 1775 4139 res-¹

124 4152 287 4216 Prassiae.
960 4154 1104 4239 pendit,
1118 4154 1205 4233 qued
1225 4153 1321 4219 beuae
1339 4155 1546 4218 memoriae...
1563 4153 1668 4231 ipsius
1685 4153 1778 4230 epis-

169 4249 926 4326 Quamutlucritlrciasmulteslleoabnegave-
980 4252 1053 4329 copi
1086 4252 1322 4330 predecessor,
1347 4251 1485 4331 capituli
1518 4251 1571 4312 sui
1599 4251 1778 4313 accedente

124 4349 177 4411 ris
185 4348 395 4426 temetipsum
404 4362 464 4425 pre
474 4347 860 4410 Christoanimamtuam
870 4365 926 4428 po·
980 4364 1154 4420 consensu,
1170 4348 1317 4411 decimas
1336 4349 1429 4425 ipsas
1444 4350 1477 4410 et
1492 4347 1651 4425 quidquid
1675 4347 1789 4408 ineis.

127 4463 214 4509 nens
229 4444 488 4523 evangelizando
499 4444 609 4522 ipsum
618 4444 770 4508 barbarae
784 4446 924 4519 nationi,
976 4447 1064 4524 Juria
1079 4445 1231 4518 hahebat,
1246 4445 1401 4523 Teplsnsi
1415 4445 1566 4508 ecclesiae
1578 4438 1633 4522 pia
1645 4444 1775 4505 libera·

127 4544 244 4606 deberi
253 4544 313 4606 tibi
326 4543 491 4607 credimus
501 4540 659 4621 quidquid
673 4545 783 4621 posset
795 4544 872 4605 aliis
884 4542 925 4606 de
980 4544 1226 4607 litatedenavit.
1237 4542 1778 4621 Quodtamperscriptumauthen·

128 4642 238 4719 gratia
257 4640 436 4717 indulgeri.
452 4643 498 4702 lia
519 4643 655 4717 prepter
673 4640 873 4703 venerabilis
890 4641 926 4702 in
980 4642 1094 4714 ticum,
1118 4644 1214 4718 cujus
1236 4642 1474 4719 transcriptum
1500 4640 1662 4711 exhibuit,
1679 4656 1778 4718 quiam

131 4740 264 4802 Christe
279 4738 393 4810 frater,
409 4738 597 4816 paupertati
614 4740 683 4799 tuae
705 4737 815 4800 debite
830 4753 925 4800 cem·
981 4741 1082 4802 testes
1094 4739 1231 4801 idoneos
1244 4740 1346 4801 salvis
1356 4739 1434 4800 aliis
1444 4738 1692 4800 defensionibus
1704 4740 1777 4815 ejtls

131 4839 297 4916 patientes
323 4837 457 4908 affectu,
486 4835 683 4898 auctoritato
712 4837 926 4912 praesentium
982 4837 1150 4912 legitimis,
1163 4853 1200 4898 se
1211 4837 1329 4900 obtulit
1342 4853 1402 4898 suo
1413 4837 1485 4898 lece
1497 4838 1531 4897 st
1543 4842 1687 4913 ternpore
1701 4852 1779 4913 pro-

132 4937 193 4998 tibi
213 4935 433 5014 personaliter
451 4933 671 5010 indulgemus
683 4935 720 4995 ut
737 4932 778 4994 de
795 4948 928 5012 posses-
982 4935 1268 5007 baturum.Quum
1281 4937 1391 4997 autem
1406 4950 1506 5012 super
1519 4934 1571 4995 his
1586 4950 1646 5011 per
1664 4934 1778 5012 capel-

134 5034 283 5096 sienihus
317 5033 464 5105 incultis,
487 5048 571 5111 quas
606 5031 722 5095 fideles
749 5033 785 5094 in
817 5032 929 5095 alierm
983 5032 1097 5094 lanum
1112 5032 1264 5095 eumdem
1283 5032 1408 5095 auditis
1423 5047 1489 5094 nen
1510 5022 1654 5110 potuerit
1667 5048 1789 5101 ceram,

134 5131 270 5194 dioecesi
284 5129 615 5209 pietatisintuitutibi
630 5130 841 5202 contulerint,
853 5130 930 5193 nul·
984 5128 1079 5192 nobis
1094 5128 1168 5192 deri
1182 5131 1280 5207 plena
1299 5130 1392 5201 tides,
1416 5130 1457 5192 de
1480 5130 1651 5207 utriusque
1674 5132 1779 5207 partis

134 5231 186 5292 lus
201 5247 221 5292 a
244 5231 278 5291 te
291 5229 345 5290 vel
360 5227 549 5290 hominibus
564 5227 631 5289 tuis
649 5227 795 5291 decimas
815 5228 930 5290 extor—
984 5243 1135 5316 assensu,
1157 5243 1215 5304 per
1228 5228 1418 5305 apostolica
1436 5227 1531 5289 vohis
1546 5228 1669 5305 scripta
1684 5245 1780 5289 man-

134 5332 248 5408 quere'
264 5328 453 5405 praesumat.
482 5325 573 5388 Nulli
597 5341 688 5403 ergo,
705 5328 781 5394 etc..
806 5325 933 5389 nestrae'
984 5325 1112 5398 damus,
1129 5328 1292 5403 quatenus
1311 5325 1458 5387 audituri
1480 5342 1552 5404 quae
1569 5327 1679 5403 partes
1701 5327 1780 5388 hinc

133 5425 361 5489 concessionis
380 5424 576 5501 infringere,
598 5424 652 5485 vel
667 5425 710 5495 ei,
726 5424 788 5486 etc.
805 5424 840 5486 si
855 5425 930 5502 quis
984 5424 1061 5485 inde
1082 5423 1240 5486 duxerint
1257 5423 1486 5501 proponerem
1507 5439 1642 5501 causam
1663 5424 1780 5500 nudus·

133 5527 265 5592 autem,
292 5524 354 5585 etc.
378 5519 497 5583 Datum
523 5522 637 5585 Remae
663 5521 750 5599 apud
773 5524 930 5584 Sanctum
985 5520 1779 5586 modisufficienterinslructaminirauniusanni

133 5625 270 5685 Petram
283 5620 330 5681 Xl
343 5618 410 5681 kal.
423 5619 625 5696 junii,anne
640 5618 796 5681 secundo.
847 5682 854 5695 ,
985 5619 1128 5695 spatium
1143 5634 1218 5679 cum
1230 5619 1346 5680 sedem
1360 5618 1552 5681 authentice
1566 5633 1626 5694 per
1640 5617 1725 5694 quod
1744 5633 1779 5678 se
