<?xml version="1.0" encoding="UTF-8"?>
<!DOCTYPE html PUBLIC "-//W3C//DTD XHTML 1.0 Transitional//EN"
    "http://www.w3.org/TR/xhtml1/DTD/xhtml1-transitional.dtd">
<html xmlns="http://www.w3.org/1999/xhtml" xml:lang="en" lang="en">
 <head>
  <title>
</title>
<meta http-equiv="Content-Type" content="text/html;charset=utf-8" />
  <meta name='ocr-system' content='tesseract 3.04.00' />
  <meta name='ocr-capabilities' content='ocr_page ocr_carea ocr_par ocr_line ocrx_word'/>
</head>
<body>
  <div class='ocr_page' id='page_1' title='image "./mediiaevibiblio02horogoog_0554.png"; bbox 0 0 3802 6166; ppageno 0'>
   <div class='ocr_carea' id='block_1_1' title="bbox 130 318 188 377">
    <p class='ocr_par' dir='ltr' id='par_1_1' title="bbox 130 318 188 377">
     <span class='ocr_line' id='line_1_1' title="bbox 130 318 188 377; baseline 0 0"><span class='ocrx_word' id='word_1_1' title='bbox 130 318 188 377; x_wconf 74' lang='lat'>(531</span> 
     </span>
    </p>
   </div>
   <div class='ocr_carea' id='block_1_2' title="bbox 129 466 925 749">
    <p class='ocr_par' dir='ltr' id='par_1_2' title="bbox 129 466 925 749">
     <span class='ocr_line' id='line_1_2' title="bbox 132 466 923 548; baseline -0.01 -11"><span class='ocrx_word' id='word_1_2' title='bbox 132 476 194 538; x_wconf 81' lang='lat' dir='ltr'>nuh</span> <span class='ocrx_word' id='word_1_3' title='bbox 207 474 386 537; x_wconf 88' lang='lat' dir='ltr'>crudeliter</span> <span class='ocrx_word' id='word_1_4' title='bbox 399 470 556 534; x_wconf 83' lang='lat' dir='ltr'>exercere</span> <span class='ocrx_word' id='word_1_5' title='bbox 572 466 631 548; x_wconf 91' lang='grc'><strong>(1).</strong></span> <span class='ocrx_word' id='word_1_6' title='bbox 650 470 693 531; x_wconf 87' lang='lat' dir='ltr'>Ut</span> <span class='ocrx_word' id='word_1_7' title='bbox 710 471 819 531; x_wconf 88' lang='lat' dir='ltr'>autem</span> <span class='ocrx_word' id='word_1_8' title='bbox 841 468 923 529; x_wconf 91' lang='lat' dir='ltr'>bre·</span> 
     </span>
     <span class='ocr_line' id='line_1_3' title="bbox 130 567 925 647; baseline -0.009 -13"><span class='ocrx_word' id='word_1_9' title='bbox 130 574 215 636; x_wconf 85' lang='lat' dir='ltr'>riter</span> <span class='ocrx_word' id='word_1_10' title='bbox 223 576 432 635; x_wconf 88' lang='lat' dir='ltr'>transeamus</span> <span class='ocrx_word' id='word_1_11' title='bbox 443 568 529 647; x_wconf 90' lang='lat' dir='ltr'>quod</span> <span class='ocrx_word' id='word_1_12' title='bbox 539 568 672 630; x_wconf 91' lang='lat' dir='ltr'>domurn</span> <span class='ocrx_word' id='word_1_13' title='bbox 684 570 727 630; x_wconf 80' lang='lat' dir='ltr'>de</span> <span class='ocrx_word' id='word_1_14' title='bbox 737 567 925 642; x_wconf 81' lang='lat' dir='ltr'>Astrepent</span> 
     </span>
     <span class='ocr_line' id='line_1_4' title="bbox 129 663 923 749; baseline -0.011 -15"><span class='ocrx_word' id='word_1_15' title='bbox 129 670 350 749; x_wconf 90' lang='lat' dir='ltr'>episcopalem</span> <span class='ocrx_word' id='word_1_16' title='bbox 375 684 435 745; x_wconf 94' lang='lat' dir='ltr'>per</span> <span class='ocrx_word' id='word_1_17' title='bbox 458 684 536 728; x_wconf 91' lang='lat' dir='ltr'>suos</span> <span class='ocrx_word' id='word_1_18' title='bbox 552 666 639 745; x_wconf 39' lang='lat' dir='ltr'>‚lecit</span> <span class='ocrx_word' id='word_1_19' title='bbox 663 665 811 742; x_wconf 78' lang='lat' dir='ltr'>infringi,</span> <span class='ocrx_word' id='word_1_20' title='bbox 838 663 923 726; x_wconf 90' lang='lat' dir='ltr'>bona</span> 
     </span>
    </p>
   </div>
   <div class='ocr_carea' id='block_1_3' title="bbox 120 762 927 5527">
    <p class='ocr_par' dir='ltr' id='par_1_3' title="bbox 123 762 927 2703">
     <span class='ocr_line' id='line_1_5' title="bbox 129 762 924 846; baseline -0.009 -15"><span class='ocrx_word' id='word_1_21' title='bbox 129 770 240 846; x_wconf 81' lang='lat' dir='ltr'>rapuit</span> <span class='ocrx_word' id='word_1_22' title='bbox 254 784 326 845; x_wconf 90' lang='lat' dir='ltr'>quae</span> <span class='ocrx_word' id='word_1_23' title='bbox 343 766 476 827; x_wconf 87' lang='lat' dir='ltr'>iuventa</span> <span class='ocrx_word' id='word_1_24' title='bbox 499 764 632 826; x_wconf 86' lang='lat' dir='ltr'>suerunt</span> <span class='ocrx_word' id='word_1_25' title='bbox 648 763 781 834; x_wconf 80' lang='lat' dir='ltr'>ibidem,</span> <span class='ocrx_word' id='word_1_26' title='bbox 797 762 924 824; x_wconf 82' lang='lat' dir='ltr'>fossata</span> 
     </span>
     <span class='ocr_line' id='line_1_6' title="bbox 128 861 923 943; baseline -0.008 -16"><span class='ocrx_word' id='word_1_27' title='bbox 128 867 227 943; x_wconf 89' lang='lat' dir='ltr'>rupit,</span> <span class='ocrx_word' id='word_1_28' title='bbox 254 865 287 927; x_wconf 89' lang='lat' dir='ltr'>et</span> <span class='ocrx_word' id='word_1_29' title='bbox 311 864 444 925; x_wconf 88' lang='lat' dir='ltr'>tandem</span> <span class='ocrx_word' id='word_1_30' title='bbox 468 864 615 924; x_wconf 77' lang='lat' dir='ltr'>castrum</span> <span class='ocrx_word' id='word_1_31' title='bbox 639 862 744 940; x_wconf 91' lang='lat' dir='ltr'>ipsius</span> <span class='ocrx_word' id='word_1_32' title='bbox 765 861 923 938; x_wconf 76' lang='lat' dir='ltr'>episcopi,</span> 
     </span>
     <span class='ocr_line' id='line_1_7' title="bbox 127 960 924 1042; baseline -0.008 -17"><span class='ocrx_word' id='word_1_33' title='bbox 127 964 214 1042; x_wconf 94' lang='lat' dir='ltr'>quod</span> <span class='ocrx_word' id='word_1_34' title='bbox 249 966 389 1025; x_wconf 80' lang='lat' dir='ltr'>Ptocrts</span> <span class='ocrx_word' id='word_1_35' title='bbox 423 962 555 1033; x_wconf 88' lang='lat' dir='ltr'>dicitur,</span> <span class='ocrx_word' id='word_1_36' title='bbox 593 960 680 1022; x_wconf 86' lang='lat' dir='ltr'>intra</span> <span class='ocrx_word' id='word_1_37' title='bbox 713 960 924 1021; x_wconf 77' lang='lat' dir='ltr'>securitatem</span> 
     </span>
     <span class='ocr_line' id='line_1_8' title="bbox 127 1058 922 1137; baseline -0.004 -16"><span class='ocrx_word' id='word_1_38' title='bbox 127 1076 225 1137; x_wconf 91' lang='lat' dir='ltr'>quam</span> <span class='ocrx_word' id='word_1_39' title='bbox 241 1060 272 1121; x_wconf 91' lang='lat' dir='ltr'>ei</span> <span class='ocrx_word' id='word_1_40' title='bbox 294 1060 335 1120; x_wconf 90' lang='lat' dir='ltr'>ad</span> <span class='ocrx_word' id='word_1_41' title='bbox 360 1059 552 1120; x_wconf 90' lang='lat' dir='ltr'>mandatum</span> <span class='ocrx_word' id='word_1_42' title='bbox 568 1058 696 1134; x_wconf 89' lang='lat' dir='ltr'>regium</span> <span class='ocrx_word' id='word_1_43' title='bbox 712 1058 922 1134; x_wconf 76' lang='lat' dir='ltr'>praestiterat,</span> 
     </span>
     <span class='ocr_line' id='line_1_9' title="bbox 127 1155 924 1234; baseline -0.008 -15"><span class='ocrx_word' id='word_1_44' title='bbox 127 1157 330 1234; x_wconf 91' lang='lat' dir='ltr'>occupando,</span> <span class='ocrx_word' id='word_1_45' title='bbox 347 1156 500 1218; x_wconf 90' lang='lat' dir='ltr'>homines</span> <span class='ocrx_word' id='word_1_46' title='bbox 516 1159 589 1233; x_wconf 82' lang='lat' dir='ltr'>eJus</span> <span class='ocrx_word' id='word_1_47' title='bbox 608 1155 649 1217; x_wconf 88' lang='lat' dir='ltr'>ad</span> <span class='ocrx_word' id='word_1_48' title='bbox 665 1155 924 1231; x_wconf 81' lang='lat' dir='ltr'>redemptionem</span> 
     </span>
     <span class='ocr_line' id='line_1_10' title="bbox 126 1252 924 1330; baseline -0.005 -14"><span class='ocrx_word' id='word_1_49' title='bbox 126 1252 924 1330; x_wconf 87' lang='lat' dir='ltr'>coegit,ecclesiistractisetcanonioisinhoneste</span> 
     </span>
     <span class='ocr_line' id='line_1_11' title="bbox 125 1350 924 1430; baseline -0.006 -14"><span class='ocrx_word' id='word_1_50' title='bbox 125 1354 287 1426; x_wconf 84' lang='lat' dir='ltr'>tractatis,</span> <span class='ocrx_word' id='word_1_51' title='bbox 311 1355 447 1415; x_wconf 87' lang='lat' dir='ltr'>cantore</span> <span class='ocrx_word' id='word_1_52' title='bbox 468 1352 575 1430; x_wconf 92' lang='lat' dir='ltr'>ipsius</span> <span class='ocrx_word' id='word_1_53' title='bbox 595 1351 745 1413; x_wconf 88' lang='lat' dir='ltr'>eeclesiae</span> <span class='ocrx_word' id='word_1_54' title='bbox 760 1350 924 1428; x_wconf 92' lang='lat' dir='ltr'>usquead</span> 
     </span>
     <span class='ocr_line' id='line_1_12' title="bbox 126 1448 923 1525; baseline -0.008 -13"><span class='ocrx_word' id='word_1_55' title='bbox 126 1450 325 1512; x_wconf 82' lang='lat' dir='ltr'>allusionem</span> <span class='ocrx_word' id='word_1_56' title='bbox 345 1451 520 1525; x_wconf 84' lang='lat' dir='ltr'>sanguinis</span> <span class='ocrx_word' id='word_1_57' title='bbox 541 1448 726 1520; x_wconf 88' lang='lat' dir='ltr'>verberato,</span> <span class='ocrx_word' id='word_1_58' title='bbox 750 1450 870 1525; x_wconf 88' lang='lat' dir='ltr'>praeter</span> <span class='ocrx_word' id='word_1_59' title='bbox 891 1448 923 1507; x_wconf 90' lang='lat' dir='ltr'>id</span> 
     </span>
     <span class='ocr_line' id='line_1_13' title="bbox 126 1544 927 1626; baseline -0.004 -18"><span class='ocrx_word' id='word_1_60' title='bbox 126 1548 213 1626; x_wconf 93' lang='lat' dir='ltr'>quod</span> <span class='ocrx_word' id='word_1_61' title='bbox 229 1548 384 1625; x_wconf 90' lang='lat' dir='ltr'>episcopo</span> <span class='ocrx_word' id='word_1_62' title='bbox 407 1547 482 1624; x_wconf 90' lang='lat' dir='ltr'>ipsi,</span> <span class='ocrx_word' id='word_1_63' title='bbox 505 1550 602 1625; x_wconf 90' lang='lat' dir='ltr'>cujus</span> <span class='ocrx_word' id='word_1_64' title='bbox 617 1546 812 1621; x_wconf 90' lang='lat' dir='ltr'>sanguinem</span> <span class='ocrx_word' id='word_1_65' title='bbox 832 1544 927 1606; x_wconf 88' lang='lat' dir='ltr'>vide-</span> 
     </span>
     <span class='ocr_line' id='line_1_14' title="bbox 125 1642 925 1721; baseline -0.005 -16"><span class='ocrx_word' id='word_1_66' title='bbox 125 1644 224 1705; x_wconf 84' lang='lat' dir='ltr'>batur</span> <span class='ocrx_word' id='word_1_67' title='bbox 246 1645 352 1716; x_wconf 89' lang='lat' dir='ltr'>sitire,</span> <span class='ocrx_word' id='word_1_68' title='bbox 378 1644 518 1705; x_wconf 88' lang='lat' dir='ltr'>insidias</span> <span class='ocrx_word' id='word_1_69' title='bbox 536 1644 645 1721; x_wconf 88' lang='lat' dir='ltr'>posuit</span> <span class='ocrx_word' id='word_1_70' title='bbox 660 1644 692 1704; x_wconf 90' lang='lat' dir='ltr'>et</span> <span class='ocrx_word' id='word_1_71' title='bbox 715 1642 781 1703; x_wconf 93' lang='lat' dir='ltr'>alia</span> <span class='ocrx_word' id='word_1_72' title='bbox 804 1642 925 1702; x_wconf 92' lang='lat' dir='ltr'>damna</span> 
     </span>
     <span class='ocr_line' id='line_1_15' title="bbox 126 1739 927 1819; baseline -0.005 -16"><span class='ocrx_word' id='word_1_73' title='bbox 126 1743 230 1805; x_wconf 89' lang='lat' dir='ltr'>multa</span> <span class='ocrx_word' id='word_1_74' title='bbox 246 1742 370 1813; x_wconf 89' lang='lat' dir='ltr'>intulit,</span> <span class='ocrx_word' id='word_1_75' title='bbox 385 1758 458 1819; x_wconf 75' lang='lat' dir='ltr'>quae</span> <span class='ocrx_word' id='word_1_76' title='bbox 469 1756 630 1803; x_wconf 90' lang='lat' dir='ltr'>enarrare</span> <span class='ocrx_word' id='word_1_77' title='bbox 639 1757 698 1818; x_wconf 91' lang='lat' dir='ltr'>per</span> <span class='ocrx_word' id='word_1_78' title='bbox 711 1739 927 1815; x_wconf 90' lang='lat' dir='ltr'>siugulalon-</span> 
     </span>
     <span class='ocr_line' id='line_1_16' title="bbox 125 1827 925 1917; baseline -0.004 -16"><span class='ocrx_word' id='word_1_79' title='bbox 125 1858 202 1917; x_wconf 91' lang='lat' dir='ltr'>gum</span> <span class='ocrx_word' id='word_1_80' title='bbox 223 1841 321 1902; x_wconf 88' lang='lat' dir='ltr'>esset.</span> <span class='ocrx_word' id='word_1_81' title='bbox 350 1841 430 1911; x_wconf 90' lang='lat' dir='ltr'>Quis</span> <span class='ocrx_word' id='word_1_82' title='bbox 452 1827 597 1916; x_wconf 88' lang='lat' dir='ltr'>unquam</span> <span class='ocrx_word' id='word_1_83' title='bbox 622 1838 657 1899; x_wconf 95' lang='lat' dir='ltr'>in</span> <span class='ocrx_word' id='word_1_84' title='bbox 684 1838 828 1915; x_wconf 89' lang='lat' dir='ltr'>aliquem</span> <span class='ocrx_word' id='word_1_85' title='bbox 852 1837 925 1898; x_wconf 92' lang='lat' dir='ltr'>sine</span> 
     </span>
     <span class='ocr_line' id='line_1_17' title="bbox 127 1935 924 2014; baseline -0.006 -15"><span class='ocrx_word' id='word_1_86' title='bbox 127 1954 229 2000; x_wconf 89' lang='lat' dir='ltr'>causa</span> <span class='ocrx_word' id='word_1_87' title='bbox 247 1937 330 1999; x_wconf 89' lang='lat' dir='ltr'>adeo</span> <span class='ocrx_word' id='word_1_88' title='bbox 352 1937 558 1999; x_wconf 86' lang='lat' dir='ltr'>debacchare</span> <span class='ocrx_word' id='word_1_89' title='bbox 572 1937 689 2014; x_wconf 88' lang='lat' dir='ltr'>potuit,</span> <span class='ocrx_word' id='word_1_90' title='bbox 711 1935 797 1998; x_wconf 89' lang='lat' dir='ltr'>sicut</span> <span class='ocrx_word' id='word_1_91' title='bbox 813 1936 875 1997; x_wconf 88' lang='lat' dir='ltr'>iste</span> <span class='ocrx_word' id='word_1_92' title='bbox 891 1935 924 1995; x_wconf 91' lang='lat' dir='ltr'>in</span> 
     </span>
     <span class='ocr_line' id='line_1_18' title="bbox 126 2032 925 2112; baseline -0.003 -15"><span class='ocrx_word' id='word_1_93' title='bbox 126 2035 288 2097; x_wconf 88' lang='lat' dir='ltr'>christum</span> <span class='ocrx_word' id='word_1_94' title='bbox 304 2036 435 2097; x_wconf 90' lang='lat' dir='ltr'>Domini</span> <span class='ocrx_word' id='word_1_95' title='bbox 446 2033 770 2112; x_wconf 84' lang='lat' dir='ltr'>archipresbyterum</span> <span class='ocrx_word' id='word_1_96' title='bbox 786 2032 925 2095; x_wconf 82' lang='lat' dir='ltr'>Belsiael</span> 
     </span>
     <span class='ocr_line' id='line_1_19' title="bbox 125 2131 924 2211; baseline -0.003 -17"><span class='ocrx_word' id='word_1_97' title='bbox 125 2150 222 2211; x_wconf 92' lang='lat' dir='ltr'>quem</span> <span class='ocrx_word' id='word_1_98' title='bbox 245 2136 402 2195; x_wconf 76' lang='lat' dir='ltr'>vexatum</span> <span class='ocrx_word' id='word_1_99' title='bbox 428 2133 582 2209; x_wconf 88' lang='lat' dir='ltr'>augustia</span> <span class='ocrx_word' id='word_1_100' title='bbox 603 2132 764 2193; x_wconf 88' lang='lat' dir='ltr'>carcerali</span> <span class='ocrx_word' id='word_1_101' title='bbox 791 2131 924 2193; x_wconf 77' lang='grc'><strong>19911919</strong></span> 
     </span>
     <span class='ocr_line' id='line_1_20' title="bbox 124 2232 923 2309; baseline -0.005 -16"><span class='ocrx_word' id='word_1_102' title='bbox 124 2232 213 2304; x_wconf 86' lang='grc'><strong>19911,</strong></span> <span class='ocrx_word' id='word_1_103' title='bbox 229 2234 423 2294; x_wconf 89' lang='lat' dir='ltr'>transverso</span> <span class='ocrx_word' id='word_1_104' title='bbox 436 2232 582 2309; x_wconf 90' lang='lat' dir='ltr'>caputio,</span> <span class='ocrx_word' id='word_1_105' title='bbox 599 2246 700 2307; x_wconf 89' lang='lat' dir='ltr'>super</span> <span class='ocrx_word' id='word_1_106' title='bbox 714 2245 834 2306; x_wconf 89' lang='lat' dir='ltr'>equum</span> <span class='ocrx_word' id='word_1_107' title='bbox 848 2246 923 2289; x_wconf 89' lang='lat' dir='ltr'>ma-</span> 
     </span>
     <span class='ocr_line' id='line_1_21' title="bbox 124 2328 925 2402; baseline -0.007 -10"><span class='ocrx_word' id='word_1_108' title='bbox 124 2330 397 2402; x_wconf 89' lang='lat' dir='ltr'>cilentissimum,</span> <span class='ocrx_word' id='word_1_109' title='bbox 420 2331 493 2391; x_wconf 87' lang='lat' dir='ltr'>siue</span> <span class='ocrx_word' id='word_1_110' title='bbox 514 2330 616 2401; x_wconf 87' lang='lat' dir='ltr'>sella,</span> <span class='ocrx_word' id='word_1_111' title='bbox 641 2328 770 2390; x_wconf 75' lang='lat' dir='ltr'>tamdiu</span> <span class='ocrx_word' id='word_1_112' title='bbox 794 2328 925 2387; x_wconf 89' lang='lat' dir='ltr'>discur-</span> 
     </span>
     <span class='ocr_line' id='line_1_22' title="bbox 123 2427 922 2504; baseline -0.005 -15"><span class='ocrx_word' id='word_1_113' title='bbox 123 2444 209 2499; x_wconf 91' lang='lat' dir='ltr'>rere,</span> <span class='ocrx_word' id='word_1_114' title='bbox 226 2428 330 2489; x_wconf 90' lang='lat' dir='ltr'>donec</span> <span class='ocrx_word' id='word_1_115' title='bbox 350 2427 419 2490; x_wconf 86' lang='lat' dir='ltr'>tere</span> <span class='ocrx_word' id='word_1_116' title='bbox 439 2428 594 2504; x_wconf 87' lang='lat' dir='ltr'>spiritum</span> <span class='ocrx_word' id='word_1_117' title='bbox 615 2427 799 2499; x_wconf 69' lang='lat' dir='ltr'>exhalaret,</span> <span class='ocrx_word' id='word_1_118' title='bbox 816 2427 849 2486; x_wconf 87' lang='lat' dir='ltr'>et</span> <span class='ocrx_word' id='word_1_119' title='bbox 862 2441 922 2486; x_wconf 90' lang='lat' dir='ltr'>re-</span> 
     </span>
     <span class='ocr_line' id='line_1_23' title="bbox 123 2524 923 2589; baseline -0.008 0"><span class='ocrx_word' id='word_1_120' title='bbox 123 2528 252 2589; x_wconf 90' lang='lat' dir='ltr'>clusum</span> <span class='ocrx_word' id='word_1_121' title='bbox 271 2528 307 2588; x_wconf 91' lang='lat' dir='ltr'>iu</span> <span class='ocrx_word' id='word_1_122' title='bbox 331 2542 465 2588; x_wconf 88' lang='lat' dir='ltr'>carcere</span> <span class='ocrx_word' id='word_1_123' title='bbox 490 2526 687 2587; x_wconf 85' lang='lat' dir='ltr'>semivivum</span> <span class='ocrx_word' id='word_1_124' title='bbox 703 2524 792 2585; x_wconf 88' lang='lat' dir='ltr'>metu</span> <span class='ocrx_word' id='word_1_125' title='bbox 806 2524 923 2584; x_wconf 90' lang='lat' dir='ltr'>mortis</span> 
     </span>
     <span class='ocr_line' id='line_1_24' title="bbox 123 2624 615 2703; baseline -0.01 -15"><span class='ocrx_word' id='word_1_126' title='bbox 123 2625 330 2703; x_wconf 89' lang='lat' dir='ltr'>postmodum</span> <span class='ocrx_word' id='word_1_127' title='bbox 344 2624 437 2686; x_wconf 90' lang='lat' dir='ltr'>abire</span> <span class='ocrx_word' id='word_1_128' title='bbox 452 2624 615 2702; x_wconf 88' lang='lat' dir='ltr'>permisit.</span> 
     </span>
    </p>

    <p class='ocr_par' dir='ltr' id='par_1_4' title="bbox 120 2719 924 5527">
     <span class='ocr_line' id='line_1_25' title="bbox 164 2719 922 2800; baseline -0.008 -16"><span class='ocrx_word' id='word_1_129' title='bbox 164 2725 242 2786; x_wconf 73' lang='lat' dir='ltr'>llaec</span> <span class='ocrx_word' id='word_1_130' title='bbox 257 2724 380 2800; x_wconf 89' lang='lat' dir='ltr'>itaque,</span> <span class='ocrx_word' id='word_1_131' title='bbox 397 2723 463 2783; x_wconf 86' lang='lat' dir='ltr'>nisi</span> <span class='ocrx_word' id='word_1_132' title='bbox 473 2722 564 2781; x_wconf 89' lang='lat' dir='ltr'>zelus</span> <span class='ocrx_word' id='word_1_133' title='bbox 577 2721 694 2781; x_wconf 74' lang='lat' dir='ltr'>(lomus</span> <span class='ocrx_word' id='word_1_134' title='bbox 709 2719 851 2790; x_wconf 89' lang='lat' dir='ltr'>Domini,</span> <span class='ocrx_word' id='word_1_135' title='bbox 867 2720 922 2795; x_wconf 95' lang='lat' dir='ltr'>qui</span> 
     </span>
     <span class='ocr_line' id='line_1_26' title="bbox 123 2814 922 2895; baseline -0.008 -14"><span class='ocrx_word' id='word_1_136' title='bbox 123 2821 247 2883; x_wconf 75' lang='lat' dir='ltr'>«lictum</span> <span class='ocrx_word' id='word_1_137' title='bbox 260 2836 371 2895; x_wconf 88' lang='lat' dir='ltr'>regem</span> <span class='ocrx_word' id='word_1_138' title='bbox 385 2819 469 2879; x_wconf 91' lang='lat' dir='ltr'>solet</span> <span class='ocrx_word' id='word_1_139' title='bbox 479 2817 695 2886; x_wconf 90' lang='lat' dir='ltr'>commedere,</span> <span class='ocrx_word' id='word_1_140' title='bbox 709 2816 743 2876; x_wconf 95' lang='lat' dir='ltr'>in</span> <span class='ocrx_word' id='word_1_141' title='bbox 760 2831 799 2876; x_wconf 93' lang='lat' dir='ltr'>eo</span> <span class='ocrx_word' id='word_1_142' title='bbox 810 2814 922 2876; x_wconf 80' lang='lat' dir='ltr'>forsan</span> 
     </span>
     <span class='ocr_line' id='line_1_27' title="bbox 124 2914 923 2984; baseline -0.006 -5"><span class='ocrx_word' id='word_1_143' title='bbox 124 2919 234 2979; x_wconf 92' lang='lat' dir='ltr'>minus</span> <span class='ocrx_word' id='word_1_144' title='bbox 248 2917 346 2977; x_wconf 89' lang='lat' dir='ltr'>solito</span> <span class='ocrx_word' id='word_1_145' title='bbox 359 2932 448 2975; x_wconf 93' lang='lat' dir='ltr'>nunc</span> <span class='ocrx_word' id='word_1_146' title='bbox 463 2914 616 2984; x_wconf 83' lang='lat' dir='ltr'>terreret,</span> <span class='ocrx_word' id='word_1_147' title='bbox 634 2914 923 2975; x_wconf 90' lang='lat' dir='ltr'>animadversione</span> 
     </span>
     <span class='ocr_line' id='line_1_28' title="bbox 124 3012 922 3093; baseline 0 -22"><span class='ocrx_word' id='word_1_148' title='bbox 124 3016 217 3093; x_wconf 89' lang='lat' dir='ltr'>prius</span> <span class='ocrx_word' id='word_1_149' title='bbox 228 3012 336 3074; x_wconf 89' lang='lat' dir='ltr'>debita</span> <span class='ocrx_word' id='word_1_150' title='bbox 353 3012 537 3089; x_wconf 88' lang='lat' dir='ltr'>punivisset</span> <span class='ocrx_word' id='word_1_151' title='bbox 550 3027 648 3088; x_wconf 93' lang='lat' dir='ltr'>quam</span> <span class='ocrx_word' id='word_1_152' title='bbox 664 3012 825 3073; x_wconf 89' lang='lat' dir='ltr'>innostro</span> <span class='ocrx_word' id='word_1_153' title='bbox 840 3028 922 3088; x_wconf 92' lang='lat' dir='ltr'>pos-</span> 
     </span>
     <span class='ocr_line' id='line_1_29' title="bbox 124 3109 924 3187; baseline 0.004 -18"><span class='ocrx_word' id='word_1_154' title='bbox 124 3114 198 3173; x_wconf 86' lang='lat' dir='ltr'>sent</span> <span class='ocrx_word' id='word_1_155' title='bbox 212 3110 378 3171; x_wconf 89' lang='lat' dir='ltr'>auditorio</span> <span class='ocrx_word' id='word_1_156' title='bbox 398 3109 545 3181; x_wconf 87' lang='lat' dir='ltr'>recitari,</span> <span class='ocrx_word' id='word_1_157' title='bbox 564 3109 685 3169; x_wconf 91' lang='lat' dir='ltr'>nedum</span> <span class='ocrx_word' id='word_1_158' title='bbox 706 3110 803 3187; x_wconf 92' lang='lat' dir='ltr'>quod,</span> <span class='ocrx_word' id='word_1_159' title='bbox 826 3112 924 3186; x_wconf 87' lang='lat' dir='ltr'>prout</span> 
     </span>
     <span class='ocr_line' id='line_1_30' title="bbox 123 3207 924 3285; baseline -0.001 -16"><span class='ocrx_word' id='word_1_160' title='bbox 123 3212 197 3285; x_wconf 88' lang='lat' dir='ltr'>ejus</span> <span class='ocrx_word' id='word_1_161' title='bbox 209 3207 347 3269; x_wconf 92' lang='lat' dir='ltr'>decebat</span> <span class='ocrx_word' id='word_1_162' title='bbox 362 3207 553 3283; x_wconf 87' lang='lat' dir='ltr'>potentiam,</span> <span class='ocrx_word' id='word_1_163' title='bbox 566 3208 722 3284; x_wconf 90' lang='lat' dir='ltr'>episcopo</span> <span class='ocrx_word' id='word_1_164' title='bbox 738 3207 802 3283; x_wconf 93' lang='lat' dir='ltr'>ipsi</span> <span class='ocrx_word' id='word_1_165' title='bbox 817 3223 924 3284; x_wconf 73' lang='lat' dir='ltr'>praes·</span> 
     </span>
     <span class='ocr_line' id='line_1_31' title="bbox 124 3303 923 3382; baseline -0.006 -11"><span class='ocrx_word' id='word_1_166' title='bbox 124 3308 188 3371; x_wconf 87' lang='lat' dir='ltr'>tari</span> <span class='ocrx_word' id='word_1_167' title='bbox 204 3305 417 3367; x_wconf 87' lang='lat' dir='ltr'>securitatem</span> <span class='ocrx_word' id='word_1_168' title='bbox 431 3319 495 3364; x_wconf 93' lang='lat' dir='ltr'>uon</span> <span class='ocrx_word' id='word_1_169' title='bbox 511 3303 599 3376; x_wconf 84' lang='lat' dir='ltr'>lecit,</span> <span class='ocrx_word' id='word_1_170' title='bbox 616 3304 695 3366; x_wconf 91' lang='lat' dir='ltr'>licet</span> <span class='ocrx_word' id='word_1_171' title='bbox 707 3308 775 3366; x_wconf 87' lang='lat' dir='ltr'>tam</span> <span class='ocrx_word' id='word_1_172' title='bbox 790 3305 832 3366; x_wconf 91' lang='lat' dir='ltr'>ah</span> <span class='ocrx_word' id='word_1_173' title='bbox 849 3305 923 3382; x_wconf 88' lang='lat' dir='ltr'>ipso</span> 
     </span>
     <span class='ocr_line' id='line_1_32' title="bbox 123 3401 922 3481; baseline -0.001 -17"><span class='ocrx_word' id='word_1_174' title='bbox 123 3420 223 3481; x_wconf 92' lang='lat' dir='ltr'>quam</span> <span class='ocrx_word' id='word_1_175' title='bbox 242 3402 283 3463; x_wconf 88' lang='lat' dir='ltr'>ab</span> <span class='ocrx_word' id='word_1_176' title='bbox 299 3401 376 3463; x_wconf 90' lang='lat' dir='ltr'>aliis</span> <span class='ocrx_word' id='word_1_177' title='bbox 393 3401 589 3478; x_wconf 86' lang='lat' dir='ltr'>quibusdam</span> <span class='ocrx_word' id='word_1_178' title='bbox 609 3403 775 3480; x_wconf 88' lang='lat' dir='ltr'>episeopis</span> <span class='ocrx_word' id='word_1_179' title='bbox 799 3403 922 3479; x_wconf 76' lang='lat' dir='ltr'>saepius</span> 
     </span>
     <span class='ocr_line' id='line_1_33' title="bbox 124 3499 921 3578; baseline 0.001 -17"><span class='ocrx_word' id='word_1_180' title='bbox 124 3517 225 3578; x_wconf 88' lang='lat' dir='ltr'>super</span> <span class='ocrx_word' id='word_1_181' title='bbox 252 3500 315 3561; x_wconf 89' lang='lat' dir='ltr'>hoo</span> <span class='ocrx_word' id='word_1_182' title='bbox 344 3499 516 3561; x_wconf 92' lang='lat' dir='ltr'>humiliter</span> <span class='ocrx_word' id='word_1_183' title='bbox 543 3501 734 3577; x_wconf 89' lang='lat' dir='ltr'>requisitus,</span> <span class='ocrx_word' id='word_1_184' title='bbox 762 3501 859 3578; x_wconf 86' lang='lat' dir='ltr'>prout</span> <span class='ocrx_word' id='word_1_185' title='bbox 887 3502 921 3563; x_wconf 93' lang='lat' dir='ltr'>in</span> 
     </span>
     <span class='ocr_line' id='line_1_34' title="bbox 123 3595 920 3675; baseline -0.001 -16"><span class='ocrx_word' id='word_1_186' title='bbox 123 3598 243 3660; x_wconf 87' lang='lat' dir='ltr'>litteris</span> <span class='ocrx_word' id='word_1_187' title='bbox 262 3595 358 3657; x_wconf 90' lang='lat' dir='ltr'>nobis</span> <span class='ocrx_word' id='word_1_188' title='bbox 380 3595 538 3658; x_wconf 80' lang='lat' dir='ltr'>exhibitis</span> <span class='ocrx_word' id='word_1_189' title='bbox 559 3598 792 3675; x_wconf 84' lang='lat' dir='ltr'>perspeximus</span> <span class='ocrx_word' id='word_1_190' title='bbox 810 3599 920 3660; x_wconf 91' lang='lat' dir='ltr'>couti-</span> 
     </span>
     <span class='ocr_line' id='line_1_35' title="bbox 123 3694 918 3772; baseline -0.005 -15"><span class='ocrx_word' id='word_1_191' title='bbox 123 3695 208 3757; x_wconf 91' lang='lat' dir='ltr'>neri.</span> <span class='ocrx_word' id='word_1_192' title='bbox 217 3694 384 3756; x_wconf 90' lang='lat' dir='ltr'>Potuisset</span> <span class='ocrx_word' id='word_1_193' title='bbox 395 3695 507 3772; x_wconf 89' lang='lat' dir='ltr'>ulique</span> <span class='ocrx_word' id='word_1_194' title='bbox 520 3696 720 3757; x_wconf 88' lang='lat' dir='ltr'>memoratus</span> <span class='ocrx_word' id='word_1_195' title='bbox 733 3695 918 3772; x_wconf 85' lang='lat' dir='ltr'>episcopus,</span> 
     </span>
     <span class='ocr_line' id='line_1_36' title="bbox 124 3792 922 3870; baseline 0.003 -17"><span class='ocrx_word' id='word_1_196' title='bbox 124 3809 224 3870; x_wconf 93' lang='lat' dir='ltr'>quum</span> <span class='ocrx_word' id='word_1_197' title='bbox 247 3792 382 3868; x_wconf 88' lang='lat' dir='ltr'>petitam</span> <span class='ocrx_word' id='word_1_198' title='bbox 410 3793 693 3854; x_wconf 86' lang='lat' dir='ltr'>assecurationem</span> <span class='ocrx_word' id='word_1_199' title='bbox 720 3808 787 3854; x_wconf 91' lang='lat' dir='ltr'>non</span> <span class='ocrx_word' id='word_1_200' title='bbox 815 3793 922 3869; x_wconf 89' lang='lat' dir='ltr'>potuit</span> 
     </span>
     <span class='ocr_line' id='line_1_37' title="bbox 123 3890 922 3967; baseline -0.001 -16"><span class='ocrx_word' id='word_1_201' title='bbox 123 3890 284 3961; x_wconf 88' lang='lat' dir='ltr'>oblinere,</span> <span class='ocrx_word' id='word_1_202' title='bbox 310 3906 376 3950; x_wconf 92' lang='lat' dir='ltr'>non</span> <span class='ocrx_word' id='word_1_203' title='bbox 398 3890 562 3951; x_wconf 91' lang='lat' dir='ltr'>immerito</span> <span class='ocrx_word' id='word_1_204' title='bbox 584 3906 684 3967; x_wconf 88' lang='lat' dir='ltr'>super</span> <span class='ocrx_word' id='word_1_205' title='bbox 708 3892 833 3966; x_wconf 89' lang='lat' dir='ltr'>partem</span> <span class='ocrx_word' id='word_1_206' title='bbox 857 3890 922 3951; x_wconf 89' lang='lat' dir='ltr'>ali-</span> 
     </span>
     <span class='ocr_line' id='line_1_38' title="bbox 123 3987 920 4064; baseline 0.003 -18"><span class='ocrx_word' id='word_1_207' title='bbox 123 4003 222 4063; x_wconf 88' lang='lat' dir='ltr'>quam</span> <span class='ocrx_word' id='word_1_208' title='bbox 232 3988 327 4061; x_wconf 90' lang='lat' dir='ltr'>regni</span> <span class='ocrx_word' id='word_1_209' title='bbox 339 3990 412 4064; x_wconf 89' lang='lat' dir='ltr'>ejus</span> <span class='ocrx_word' id='word_1_210' title='bbox 420 3987 646 4064; x_wconf 85' lang='lat' dir='ltr'>jurisdictioni</span> <span class='ocrx_word' id='word_1_211' title='bbox 659 4003 728 4048; x_wconf 87' lang='lat' dir='ltr'>suae</span> <span class='ocrx_word' id='word_1_212' title='bbox 740 3987 920 4063; x_wconf 86' lang='lat' dir='ltr'>subjectam</span> 
     </span>
     <span class='ocr_line' id='line_1_39' title="bbox 123 4083 920 4160; baseline 0.003 -16"><span class='ocrx_word' id='word_1_213' title='bbox 123 4083 385 4144; x_wconf 89' lang='lat' dir='ltr'>ecclesiasticum</span> <span class='ocrx_word' id='word_1_214' title='bbox 404 4099 563 4144; x_wconf 80' lang='lat' dir='ltr'>exercere</span> <span class='ocrx_word' id='word_1_215' title='bbox 578 4085 741 4160; x_wconf 88' lang='lat' dir='ltr'>rigorem;</span> <span class='ocrx_word' id='word_1_216' title='bbox 767 4085 824 4146; x_wconf 92' lang='lat' dir='ltr'>sed</span> <span class='ocrx_word' id='word_1_217' title='bbox 845 4102 920 4146; x_wconf 92' lang='lat' dir='ltr'>ma-</span> 
     </span>
     <span class='ocr_line' id='line_1_40' title="bbox 123 4181 922 4262; baseline 0.003 -20"><span class='ocrx_word' id='word_1_218' title='bbox 123 4182 185 4242; x_wconf 91' lang='lat' dir='ltr'>luit</span> <span class='ocrx_word' id='word_1_219' title='bbox 197 4181 388 4242; x_wconf 77' lang='lat' dir='ltr'>reverenter</span> <span class='ocrx_word' id='word_1_220' title='bbox 402 4181 502 4257; x_wconf 80' lang='lat' dir='ltr'>regim</span> <span class='ocrx_word' id='word_1_221' title='bbox 516 4183 681 4259; x_wconf 89' lang='lat' dir='ltr'>majestati</span> <span class='ocrx_word' id='word_1_222' title='bbox 694 4182 833 4255; x_wconf 82' lang='lat' dir='ltr'>deterre,</span> <span class='ocrx_word' id='word_1_223' title='bbox 851 4200 922 4262; x_wconf 91' lang='lat' dir='ltr'>spe·</span> 
     </span>
     <span class='ocr_line' id='line_1_41' title="bbox 123 4277 920 4357; baseline 0.003 -18"><span class='ocrx_word' id='word_1_224' title='bbox 123 4295 203 4339; x_wconf 90' lang='lat' dir='ltr'>rans</span> <span class='ocrx_word' id='word_1_225' title='bbox 218 4277 304 4355; x_wconf 91' lang='lat' dir='ltr'>quod</span> <span class='ocrx_word' id='word_1_226' title='bbox 320 4277 376 4339; x_wconf 90' lang='lat' dir='ltr'>ille</span> <span class='ocrx_word' id='word_1_227' title='bbox 392 4278 426 4339; x_wconf 93' lang='lat' dir='ltr'>in</span> <span class='ocrx_word' id='word_1_228' title='bbox 441 4283 536 4357; x_wconf 90' lang='lat' dir='ltr'>cujus</span> <span class='ocrx_word' id='word_1_229' title='bbox 557 4279 635 4342; x_wconf 90' lang='lat' dir='ltr'>sunt</span> <span class='ocrx_word' id='word_1_230' title='bbox 649 4279 800 4341; x_wconf 88' lang='lat' dir='ltr'>manibus</span> <span class='ocrx_word' id='word_1_231' title='bbox 820 4281 920 4341; x_wconf 90' lang='lat' dir='ltr'>corda</span> 
     </span>
     <span class='ocr_line' id='line_1_42' title="bbox 122 4377 919 4453; baseline 0.001 -16"><span class='ocrx_word' id='word_1_232' title='bbox 122 4393 250 4451; x_wconf 87' lang='lat' dir='ltr'>regum,</span> <span class='ocrx_word' id='word_1_233' title='bbox 277 4392 356 4453; x_wconf 90' lang='lat' dir='ltr'>erga</span> <span class='ocrx_word' id='word_1_234' title='bbox 378 4393 452 4438; x_wconf 89' lang='lat' dir='ltr'>eum</span> <span class='ocrx_word' id='word_1_235' title='bbox 482 4377 627 4453; x_wconf 83' lang='lat' dir='ltr'>regalem</span> <span class='ocrx_word' id='word_1_236' title='bbox 654 4378 801 4441; x_wconf 90' lang='lat' dir='ltr'>animum</span> <span class='ocrx_word' id='word_1_237' title='bbox 824 4393 919 4438; x_wconf 89' lang='lat' dir='ltr'>sere·</span> 
     </span>
     <span class='ocr_line' id='line_1_43' title="bbox 122 4473 921 4553; baseline -0.001 -18"><span class='ocrx_word' id='word_1_238' title='bbox 122 4473 226 4537; x_wconf 90' lang='lat' dir='ltr'>nabit.</span> <span class='ocrx_word' id='word_1_239' title='bbox 252 4476 339 4536; x_wconf 88' lang='lat' dir='ltr'>Num</span> <span class='ocrx_word' id='word_1_240' title='bbox 363 4475 440 4553; x_wconf 92' lang='lat' dir='ltr'>quid</span> <span class='ocrx_word' id='word_1_241' title='bbox 462 4475 569 4537; x_wconf 91' lang='lat' dir='ltr'>dictus</span> <span class='ocrx_word' id='word_1_242' title='bbox 584 4491 646 4539; x_wconf 88' lang='lat' dir='ltr'>rex</span> <span class='ocrx_word' id='word_1_243' title='bbox 670 4475 767 4537; x_wconf 88' lang='lat' dir='ltr'>debet</span> <span class='ocrx_word' id='word_1_244' title='bbox 787 4476 834 4537; x_wconf 92' lang='lat' dir='ltr'>ita</span> <span class='ocrx_word' id='word_1_245' title='bbox 854 4478 921 4536; x_wconf 87' lang='lat' dir='ltr'>Do-</span> 
     </span>
     <span class='ocr_line' id='line_1_44' title="bbox 121 4572 920 4651; baseline 0.001 -18"><span class='ocrx_word' id='word_1_246' title='bbox 121 4572 213 4633; x_wconf 91' lang='lat' dir='ltr'>mino</span> <span class='ocrx_word' id='word_1_247' title='bbox 231 4573 433 4651; x_wconf 90' lang='lat' dir='ltr'>respondere</span> <span class='ocrx_word' id='word_1_248' title='bbox 454 4589 513 4649; x_wconf 92' lang='lat' dir='ltr'>pro</span> <span class='ocrx_word' id='word_1_249' title='bbox 537 4572 690 4634; x_wconf 90' lang='lat' dir='ltr'>omnibus</span> <span class='ocrx_word' id='word_1_250' title='bbox 708 4589 780 4650; x_wconf 86' lang='lat' dir='ltr'>quae</span> <span class='ocrx_word' id='word_1_251' title='bbox 804 4572 920 4634; x_wconf 89' lang='lat' dir='ltr'>tribuit</span> 
     </span>
     <span class='ocr_line' id='line_1_45' title="bbox 122 4670 920 4748; baseline -0.001 -17"><span class='ocrx_word' id='word_1_252' title='bbox 122 4671 193 4748; x_wconf 91' lang='lat' dir='ltr'>ipse</span> <span class='ocrx_word' id='word_1_253' title='bbox 208 4670 297 4731; x_wconf 86' lang='lat' dir='ltr'>sibi&#39;l</span> <span class='ocrx_word' id='word_1_254' title='bbox 316 4671 458 4732; x_wconf 87' lang='lat' dir='ltr'>Credere</span> <span class='ocrx_word' id='word_1_255' title='bbox 478 4671 609 4747; x_wconf 88' lang='lat' dir='ltr'>quidem</span> <span class='ocrx_word' id='word_1_256' title='bbox 625 4670 721 4732; x_wconf 88' lang='lat' dir='ltr'>debet</span> <span class='ocrx_word' id='word_1_257' title='bbox 740 4672 773 4733; x_wconf 87' lang='lat' dir='ltr'>et</span> <span class='ocrx_word' id='word_1_258' title='bbox 787 4670 920 4733; x_wconf 90' lang='lat' dir='ltr'>indubi-</span> 
     </span>
     <span class='ocr_line' id='line_1_46' title="bbox 120 4768 921 4846; baseline -0.004 -16"><span class='ocrx_word' id='word_1_259' title='bbox 120 4772 231 4830; x_wconf 89' lang='lat' dir='ltr'>tanter</span> <span class='ocrx_word' id='word_1_260' title='bbox 241 4772 365 4841; x_wconf 90' lang='lat' dir='ltr'>tenere,</span> <span class='ocrx_word' id='word_1_261' title='bbox 383 4769 467 4845; x_wconf 93' lang='lat' dir='ltr'>quod</span> <span class='ocrx_word' id='word_1_262' title='bbox 481 4768 536 4846; x_wconf 93' lang='lat' dir='ltr'>qui</span> <span class='ocrx_word' id='word_1_263' title='bbox 549 4768 652 4829; x_wconf 88' lang='lat' dir='ltr'>David</span> <span class='ocrx_word' id='word_1_264' title='bbox 662 4769 695 4831; x_wconf 89' lang='lat' dir='ltr'>et</span> <span class='ocrx_word' id='word_1_265' title='bbox 707 4768 813 4830; x_wconf 90' lang='lat' dir='ltr'>omnis</span> <span class='ocrx_word' id='word_1_266' title='bbox 825 4784 921 4829; x_wconf 89' lang='lat' dir='ltr'>man-</span> 
     </span>
     <span class='ocr_line' id='line_1_47' title="bbox 121 4866 917 4943; baseline -0.001 -16"><span class='ocrx_word' id='word_1_267' title='bbox 121 4867 304 4928; x_wconf 88' lang='lat' dir='ltr'>suetudinis</span> <span class='ocrx_word' id='word_1_268' title='bbox 320 4869 392 4943; x_wconf 89' lang='lat' dir='ltr'>ejus</span> <span class='ocrx_word' id='word_1_269' title='bbox 408 4867 568 4935; x_wconf 91' lang='lat' dir='ltr'>meminit,</span> <span class='ocrx_word' id='word_1_270' title='bbox 581 4866 638 4928; x_wconf 93' lang='lat' dir='ltr'>ille</span> <span class='ocrx_word' id='word_1_271' title='bbox 651 4866 715 4927; x_wconf 92' lang='lat' dir='ltr'>sibi</span> <span class='ocrx_word' id='word_1_272' title='bbox 728 4882 795 4927; x_wconf 94' lang='lat' dir='ltr'>non</span> <span class='ocrx_word' id='word_1_273' title='bbox 810 4867 917 4927; x_wconf 90' lang='lat' dir='ltr'>solum</span> 
     </span>
     <span class='ocr_line' id='line_1_48' title="bbox 120 4964 917 5042; baseline 0 -19"><span class='ocrx_word' id='word_1_274' title='bbox 120 4964 200 5025; x_wconf 84' lang='lat' dir='ltr'>lecit</span> <span class='ocrx_word' id='word_1_275' title='bbox 214 4967 247 5025; x_wconf 92' lang='lat' dir='ltr'>et</span> <span class='ocrx_word' id='word_1_276' title='bbox 261 4965 400 5026; x_wconf 89' lang='lat' dir='ltr'>contulit</span> <span class='ocrx_word' id='word_1_277' title='bbox 414 4965 539 5040; x_wconf 83' lang='lat' dir='ltr'>grande</span> <span class='ocrx_word' id='word_1_278' title='bbox 555 4980 675 5025; x_wconf 88' lang='lat' dir='ltr'>nomen</span> <span class='ocrx_word' id='word_1_279' title='bbox 687 4966 785 5042; x_wconf 84' lang='lat' dir='ltr'>juxta</span> <span class='ocrx_word' id='word_1_280' title='bbox 798 4980 917 5024; x_wconf 94' lang='lat' dir='ltr'>nomen</span> 
     </span>
     <span class='ocr_line' id='line_1_49' title="bbox 122 5062 918 5139; baseline 0 -18"><span class='ocrx_word' id='word_1_281' title='bbox 122 5076 315 5137; x_wconf 90' lang='lat' dir='ltr'>magnorum</span> <span class='ocrx_word' id='word_1_282' title='bbox 332 5063 481 5139; x_wconf 92' lang='lat' dir='ltr'>quisunt</span> <span class='ocrx_word' id='word_1_283' title='bbox 500 5062 534 5122; x_wconf 92' lang='lat' dir='ltr'>iu</span> <span class='ocrx_word' id='word_1_284' title='bbox 554 5065 654 5133; x_wconf 89' lang='lat' dir='ltr'>terra,</span> <span class='ocrx_word' id='word_1_285' title='bbox 676 5078 791 5123; x_wconf 85' lang='lat' dir='ltr'>verum</span> <span class='ocrx_word' id='word_1_286' title='bbox 818 5063 918 5123; x_wconf 84' lang='lat' dir='ltr'>etiam</span> 
     </span>
     <span class='ocr_line' id='line_1_50' title="bbox 121 5157 919 5235; baseline -0.001 -17"><span class='ocrx_word' id='word_1_287' title='bbox 121 5172 259 5233; x_wconf 88' lang='lat' dir='ltr'>regnum</span> <span class='ocrx_word' id='word_1_288' title='bbox 280 5174 376 5219; x_wconf 84' lang='lat' dir='ltr'>suurn</span> <span class='ocrx_word' id='word_1_289' title='bbox 395 5158 455 5218; x_wconf 92' lang='lat' dir='ltr'>sub</span> <span class='ocrx_word' id='word_1_290' title='bbox 471 5160 543 5235; x_wconf 86' lang='lat' dir='ltr'>ejus</span> <span class='ocrx_word' id='word_1_291' title='bbox 563 5158 724 5234; x_wconf 90' lang='lat' dir='ltr'>regimine</span> <span class='ocrx_word' id='word_1_292' title='bbox 740 5157 919 5235; x_wconf 78' lang='lat' dir='ltr'>gloriosius</span> 
     </span>
     <span class='ocr_line' id='line_1_51' title="bbox 121 5255 918 5334; baseline 0 -17"><span class='ocrx_word' id='word_1_293' title='bbox 121 5256 254 5317; x_wconf 85' lang='lat' dir='ltr'>coeteris</span> <span class='ocrx_word' id='word_1_294' title='bbox 282 5256 451 5329; x_wconf 81' lang='lat' dir='ltr'>exaltavit,</span> <span class='ocrx_word' id='word_1_295' title='bbox 480 5256 677 5334; x_wconf 78' lang='lat' dir='ltr'>inunxitque</span> <span class='ocrx_word' id='word_1_296' title='bbox 707 5255 816 5334; x_wconf 93' lang='lat' dir='ltr'>ipsum</span> <span class='ocrx_word' id='word_1_297' title='bbox 845 5256 918 5318; x_wconf 90' lang='lat' dir='ltr'>oleo</span> 
     </span>
     <span class='ocr_line' id='line_1_52' title="bbox 122 5352 920 5431; baseline -0.001 -17"><span class='ocrx_word' id='word_1_298' title='bbox 122 5352 246 5414; x_wconf 70' lang='lat' dir='ltr'>laetitiae</span> <span class='ocrx_word' id='word_1_299' title='bbox 263 5368 330 5429; x_wconf 85' lang='lat' dir='ltr'>prae</span> <span class='ocrx_word' id='word_1_300' title='bbox 350 5355 478 5415; x_wconf 90' lang='lat' dir='ltr'>cunctis</span> <span class='ocrx_word' id='word_1_301' title='bbox 497 5353 631 5428; x_wconf 86' lang='lat' dir='ltr'>regibus</span> <span class='ocrx_word' id='word_1_302' title='bbox 651 5354 706 5431; x_wconf 94' lang='lat' dir='ltr'>qui</span> <span class='ocrx_word' id='word_1_303' title='bbox 731 5370 819 5415; x_wconf 92' lang='lat' dir='ltr'>nunc</span> <span class='ocrx_word' id='word_1_304' title='bbox 838 5354 920 5414; x_wconf 89' lang='lat' dir='ltr'>ads-</span> 
     </span>
     <span class='ocr_line' id='line_1_53' title="bbox 121 5450 918 5527; baseline -0.003 -14"><span class='ocrx_word' id='word_1_305' title='bbox 121 5453 205 5522; x_wconf 84' lang='lat' dir='ltr'>tant,</span> <span class='ocrx_word' id='word_1_306' title='bbox 224 5466 338 5527; x_wconf 86' lang='lat' dir='ltr'>pacem</span> <span class='ocrx_word' id='word_1_307' title='bbox 356 5450 418 5511; x_wconf 92' lang='lat' dir='ltr'>sibi</span> <span class='ocrx_word' id='word_1_308' title='bbox 443 5452 483 5512; x_wconf 92' lang='lat' dir='ltr'>de</span> <span class='ocrx_word' id='word_1_309' title='bbox 507 5451 576 5512; x_wconf 91' lang='lat' dir='ltr'>suis</span> <span class='ocrx_word' id='word_1_310' title='bbox 601 5450 750 5512; x_wconf 88' lang='lat' dir='ltr'>hostibus</span> <span class='ocrx_word' id='word_1_311' title='bbox 770 5451 918 5513; x_wconf 88' lang='lat' dir='ltr'>circum-</span> 
     </span>
    </p>
   </div>
   <div class='ocr_carea' id='block_1_4' title="bbox 119 5581 920 5727">
    <p class='ocr_par' dir='ltr' id='par_1_5' title="bbox 119 5581 920 5727">
     <span class='ocr_line' id='line_1_54' title="bbox 156 5581 920 5655; baseline 0 -16"><span class='ocrx_word' id='word_1_312' title='bbox 156 5582 196 5651; x_wconf 79' lang='grc'>111</span> <span class='ocrx_word' id='word_1_313' title='bbox 217 5583 278 5639; x_wconf 90' lang='lat' dir='ltr'>Nou</span> <span class='ocrx_word' id='word_1_314' title='bbox 301 5596 388 5639; x_wconf 88' lang='lat' dir='ltr'>unam</span> <span class='ocrx_word' id='word_1_315' title='bbox 403 5581 489 5655; x_wconf 81' lang='lat' dir='ltr'>jurgii</span> <span class='ocrx_word' id='word_1_316' title='bbox 511 5597 627 5640; x_wconf 87' lang='lat' dir='ltr'>causam</span> <span class='ocrx_word' id='word_1_317' title='bbox 649 5581 748 5640; x_wconf 85' lang='lat' dir='ltr'>habuit</span> <span class='ocrx_word' id='word_1_318' title='bbox 770 5583 920 5640; x_wconf 78' lang='lat' dir='ltr'>Monaeses</span> 
     </span>
     <span class='ocr_line' id='line_1_55' title="bbox 119 5652 915 5727; baseline -0.003 -14"><span class='ocrx_word' id='word_1_319' title='bbox 119 5652 336 5713; x_wconf 76' lang='lat' dir='ltr'>Aurelianensis</span> <span class='ocrx_word' id='word_1_320' title='bbox 350 5652 502 5727; x_wconf 89' lang='lat' dir='ltr'>episcopus</span> <span class='ocrx_word' id='word_1_321' title='bbox 516 5668 581 5712; x_wconf 87' lang='lat' dir='ltr'>curn</span> <span class='ocrx_word' id='word_1_322' title='bbox 602 5654 735 5713; x_wconf 78' lang='lat' dir='ltr'>iohanne</span> <span class='ocrx_word' id='word_1_323' title='bbox 756 5653 845 5713; x_wconf 89' lang='lat' dir='ltr'>nobili</span> <span class='ocrx_word' id='word_1_324' title='bbox 863 5655 915 5712; x_wconf 80' lang='lat' dir='ltr'>nri·</span> 
     </span>
    </p>
   </div>
   <div class='ocr_carea' id='block_1_5' title="bbox 750 306 1164 369">
    <p class='ocr_par' dir='ltr' id='par_1_6' title="bbox 750 306 1164 369">
     <span class='ocr_line' id='line_1_56' title="bbox 750 306 1164 369; baseline -0.005 0"><span class='ocrx_word' id='word_1_325' title='bbox 750 308 925 369; x_wconf 71' lang='lat' dir='ltr'>hououh</span> <span class='ocrx_word' id='word_1_326' title='bbox 948 306 992 367; x_wconf 92' lang='lat'>111</span> <span class='ocrx_word' id='word_1_327' title='bbox 1014 308 1164 369; x_wconf 79' lang='lat' dir='ltr'><strong>OPERA.</strong></span> 
     </span>
    </p>
   </div>
   <div class='ocr_carea' id='block_1_6' title="bbox 1721 312 1775 373">
    <p class='ocr_par' dir='ltr' id='par_1_7' title="bbox 1721 312 1775 373">
     <span class='ocr_line' id='line_1_57' title="bbox 1721 312 1775 373; baseline 0 -40"><span class='ocrx_word' id='word_1_328' title='bbox 1721 312 1775 373; x_wconf 57' lang='lat'>⁶3,</span> 
     </span>
    </p>
   </div>
   <div class='ocr_carea' id='block_1_7' title="bbox 970 465 1777 5530">
    <p class='ocr_par' dir='ltr' id='par_1_8' title="bbox 978 465 1777 1425">
     <span class='ocr_line' id='line_1_58' title="bbox 978 465 1777 547; baseline 0.003 -20"><span class='ocrx_word' id='word_1_329' title='bbox 978 483 1108 547; x_wconf 88' lang='lat' dir='ltr'>quaque</span> <span class='ocrx_word' id='word_1_330' title='bbox 1128 465 1304 530; x_wconf 84' lang='lat' dir='ltr'>conterens</span> <span class='ocrx_word' id='word_1_331' title='bbox 1318 468 1351 530; x_wconf 91' lang='lat' dir='ltr'>et</span> <span class='ocrx_word' id='word_1_332' title='bbox 1373 466 1531 547; x_wconf 87' lang='lat' dir='ltr'>quietem,</span> <span class='ocrx_word' id='word_1_333' title='bbox 1556 482 1599 529; x_wconf 90' lang='lat' dir='ltr'>eo</span> <span class='ocrx_word' id='word_1_334' title='bbox 1620 466 1708 545; x_wconf 92' lang='lat' dir='ltr'>quod</span> <span class='ocrx_word' id='word_1_335' title='bbox 1728 468 1777 529; x_wconf 91' lang='lat' dir='ltr'>di·</span> 
     </span>
     <span class='ocr_line' id='line_1_59' title="bbox 980 564 1777 643; baseline 0.003 -17"><span class='ocrx_word' id='word_1_336' title='bbox 980 565 1061 628; x_wconf 86' lang='lat' dir='ltr'>lexit</span> <span class='ocrx_word' id='word_1_337' title='bbox 1080 565 1256 643; x_wconf 79' lang='lat' dir='ltr'>justitiam,</span> <span class='ocrx_word' id='word_1_338' title='bbox 1276 564 1449 627; x_wconf 87' lang='lat' dir='ltr'>liberando</span> <span class='ocrx_word' id='word_1_339' title='bbox 1471 580 1657 643; x_wconf 86' lang='lat' dir='ltr'>pauperem</span> <span class='ocrx_word' id='word_1_340' title='bbox 1680 582 1701 626; x_wconf 88' lang='lat' dir='ltr'>a</span> <span class='ocrx_word' id='word_1_341' title='bbox 1721 584 1777 643; x_wconf 86' lang='lat' dir='ltr'>po-</span> 
     </span>
     <span class='ocr_line' id='line_1_60' title="bbox 979 662 1776 741; baseline 0 -17"><span class='ocrx_word' id='word_1_342' title='bbox 979 665 1077 735; x_wconf 89' lang='lat' dir='ltr'>tente,</span> <span class='ocrx_word' id='word_1_343' title='bbox 1102 680 1141 725; x_wconf 91' lang='lat' dir='ltr'>ac</span> <span class='ocrx_word' id='word_1_344' title='bbox 1164 662 1304 730; x_wconf 86' lang='lat' dir='ltr'>liberam</span> <span class='ocrx_word' id='word_1_345' title='bbox 1328 662 1451 724; x_wconf 85' lang='lat' dir='ltr'>Christi</span> <span class='ocrx_word' id='word_1_346' title='bbox 1475 679 1637 741; x_wconf 89' lang='lat' dir='ltr'>sponsam</span> <span class='ocrx_word' id='word_1_347' title='bbox 1665 680 1686 724; x_wconf 89' lang='lat' dir='ltr'>a</span> <span class='ocrx_word' id='word_1_348' title='bbox 1710 664 1776 725; x_wconf 91' lang='lat' dir='ltr'>suis</span> 
     </span>
     <span class='ocr_line' id='line_1_61' title="bbox 979 760 1777 839; baseline -0.001 -16"><span class='ocrx_word' id='word_1_349' title='bbox 979 762 1250 839; x_wconf 86' lang='lat' dir='ltr'>oppressionibus</span> <span class='ocrx_word' id='word_1_350' title='bbox 1259 760 1413 823; x_wconf 87' lang='lat' dir='ltr'>liberavit</span> <span class='ocrx_word' id='word_1_351' title='bbox 1427 783 1435 821; x_wconf 94' lang='lat'><strong>:</strong></span> <span class='ocrx_word' id='word_1_352' title='bbox 1451 762 1509 839; x_wconf 93' lang='lat' dir='ltr'>qui</span> <span class='ocrx_word' id='word_1_353' title='bbox 1521 764 1613 822; x_wconf 85' lang='lat' dir='ltr'>Deus</span> <span class='ocrx_word' id='word_1_354' title='bbox 1626 763 1777 824; x_wconf 77' lang='grc'><strong>91119191-</strong></span> 
     </span>
     <span class='ocr_line' id='line_1_62' title="bbox 979 860 1776 936; baseline 0.004 -16"><span class='ocrx_word' id='word_1_355' title='bbox 979 876 1043 920; x_wconf 91' lang='lat' dir='ltr'>uus</span> <span class='ocrx_word' id='word_1_356' title='bbox 1071 860 1228 922; x_wconf 87' lang='lat' dir='ltr'>liberabit</span> <span class='ocrx_word' id='word_1_357' title='bbox 1255 860 1356 922; x_wconf 88' lang='lat' dir='ltr'>etiam</span> <span class='ocrx_word' id='word_1_358' title='bbox 1383 860 1622 922; x_wconf 86' lang='lat' dir='ltr'>excellentiam</span> <span class='ocrx_word' id='word_1_359' title='bbox 1654 862 1776 936; x_wconf 85' lang='lat' dir='ltr'>regiam</span> 
     </span>
     <span class='ocr_line' id='line_1_63' title="bbox 980 957 1776 1036; baseline 0.003 -17"><span class='ocrx_word' id='word_1_360' title='bbox 980 957 1290 1036; x_wconf 86' lang='lat' dir='ltr'>semperabimpelu</span> <span class='ocrx_word' id='word_1_361' title='bbox 1301 958 1496 1031; x_wconf 74' lang='lat' dir='ltr'>hostiumst</span> <span class='ocrx_word' id='word_1_362' title='bbox 1508 959 1776 1036; x_wconf 87' lang='lat' dir='ltr'>persistallibere</span> 
     </span>
     <span class='ocr_line' id='line_1_64' title="bbox 980 1055 1776 1133; baseline 0 -16"><span class='ocrx_word' id='word_1_363' title='bbox 980 1057 1014 1117; x_wconf 92' lang='lat' dir='ltr'>in</span> <span class='ocrx_word' id='word_1_364' title='bbox 1035 1055 1288 1118; x_wconf 89' lang='lat' dir='ltr'>liberationibus</span> <span class='ocrx_word' id='word_1_365' title='bbox 1302 1072 1537 1133; x_wconf 91' lang='lat' dir='ltr'>oppressorum</span> <span class='ocrx_word' id='word_1_366' title='bbox 1559 1059 1594 1118; x_wconf 92' lang='grc'>91</span> <span class='ocrx_word' id='word_1_367' title='bbox 1609 1057 1776 1117; x_wconf 90' lang='lat' dir='ltr'>ecclesias·</span> 
     </span>
     <span class='ocr_line' id='line_1_65' title="bbox 980 1153 1774 1231; baseline 0.001 -17"><span class='ocrx_word' id='word_1_368' title='bbox 980 1154 1045 1215; x_wconf 91' lang='lat' dir='ltr'>tica</span> <span class='ocrx_word' id='word_1_369' title='bbox 1071 1154 1222 1215; x_wconf 89' lang='lat' dir='ltr'>libertate</span> <span class='ocrx_word' id='word_1_370' title='bbox 1253 1154 1396 1223; x_wconf 88' lang='lat' dir='ltr'>tuenda,</span> <span class='ocrx_word' id='word_1_371' title='bbox 1424 1153 1458 1214; x_wconf 87' lang='lat' dir='ltr'>et</span> <span class='ocrx_word' id='word_1_372' title='bbox 1480 1153 1632 1231; x_wconf 87' lang='lat' dir='ltr'>insuper,</span> <span class='ocrx_word' id='word_1_373' title='bbox 1660 1170 1774 1215; x_wconf 89' lang='lat' dir='ltr'>cuma</span> 
     </span>
     <span class='ocr_line' id='line_1_66' title="bbox 980 1250 1773 1324; baseline 0.003 -13"><span class='ocrx_word' id='word_1_374' title='bbox 980 1252 1090 1312; x_wconf 90' lang='lat' dir='ltr'>carnis</span> <span class='ocrx_word' id='word_1_375' title='bbox 1104 1268 1239 1314; x_wconf 88' lang='lat' dir='ltr'>carcere</span> <span class='ocrx_word' id='word_1_376' title='bbox 1256 1250 1416 1313; x_wconf 90' lang='lat' dir='ltr'>liberatus</span> <span class='ocrx_word' id='word_1_377' title='bbox 1432 1252 1544 1324; x_wconf 85' lang='lat' dir='ltr'>tuerit,</span> <span class='ocrx_word' id='word_1_378' title='bbox 1561 1252 1603 1313; x_wconf 90' lang='lat' dir='ltr'>ad</span> <span class='ocrx_word' id='word_1_379' title='bbox 1621 1253 1773 1313; x_wconf 86' lang='lat' dir='ltr'>aeternam</span> 
     </span>
     <span class='ocr_line' id='line_1_67' title="bbox 980 1349 1436 1425; baseline -0.002 -15"><span class='ocrx_word' id='word_1_380' title='bbox 980 1365 1054 1410; x_wconf 81' lang='lat' dir='ltr'>cunr</span> <span class='ocrx_word' id='word_1_381' title='bbox 1070 1350 1227 1425; x_wconf 86' lang='lat' dir='ltr'>provehet</span> <span class='ocrx_word' id='word_1_382' title='bbox 1240 1349 1436 1411; x_wconf 89' lang='lat' dir='ltr'>libertatem.</span> 
     </span>
    </p>

    <p class='ocr_par' dir='ltr' id='par_1_9' title="bbox 970 1447 1774 5530">
     <span class='ocr_line' id='line_1_68' title="bbox 1020 1447 1774 1524; baseline 0.003 -17"><span class='ocrx_word' id='word_1_383' title='bbox 1020 1449 1227 1524; x_wconf 89' lang='lat' dir='ltr'>Quapropter</span> <span class='ocrx_word' id='word_1_384' title='bbox 1246 1447 1418 1508; x_wconf 89' lang='lat' dir='ltr'>serenitati</span> <span class='ocrx_word' id='word_1_385' title='bbox 1443 1447 1545 1523; x_wconf 86' lang='lat' dir='ltr'>regiae</span> <span class='ocrx_word' id='word_1_386' title='bbox 1565 1464 1627 1524; x_wconf 91' lang='lat' dir='ltr'>per</span> <span class='ocrx_word' id='word_1_387' title='bbox 1651 1448 1774 1510; x_wconf 87' lang='lat' dir='ltr'>litteras</span> 
     </span>
     <span class='ocr_line' id='line_1_69' title="bbox 980 1544 1774 1621; baseline 0.004 -17"><span class='ocrx_word' id='word_1_388' title='bbox 980 1547 1113 1605; x_wconf 89' lang='lat' dir='ltr'>nostras</span> <span class='ocrx_word' id='word_1_389' title='bbox 1128 1546 1267 1621; x_wconf 89' lang='lat' dir='ltr'>paterna</span> <span class='ocrx_word' id='word_1_390' title='bbox 1289 1544 1653 1607; x_wconf 89' lang='lat' dir='ltr'>dulcedinesuademus</span> <span class='ocrx_word' id='word_1_391' title='bbox 1669 1550 1704 1607; x_wconf 91' lang='lat' dir='ltr'>et</span> <span class='ocrx_word' id='word_1_392' title='bbox 1716 1546 1774 1606; x_wconf 91' lang='lat' dir='ltr'>ob-</span> 
     </span>
     <span class='ocr_line' id='line_1_70' title="bbox 980 1642 1774 1720; baseline 0.004 -18"><span class='ocrx_word' id='word_1_393' title='bbox 980 1657 1149 1703; x_wconf 89' lang='lat' dir='ltr'>secramus</span> <span class='ocrx_word' id='word_1_394' title='bbox 1178 1642 1212 1702; x_wconf 91' lang='lat' dir='ltr'>in</span> <span class='ocrx_word' id='word_1_395' title='bbox 1240 1643 1391 1714; x_wconf 90' lang='lat' dir='ltr'>Domino,</span> <span class='ocrx_word' id='word_1_396' title='bbox 1422 1644 1468 1715; x_wconf 90' lang='lat' dir='ltr'>ut,</span> <span class='ocrx_word' id='word_1_397' title='bbox 1496 1659 1532 1704; x_wconf 86' lang='lat' dir='ltr'>se</span> <span class='ocrx_word' id='word_1_398' title='bbox 1561 1642 1625 1703; x_wconf 92' lang='lat' dir='ltr'>sub</span> <span class='ocrx_word' id='word_1_399' title='bbox 1654 1646 1774 1720; x_wconf 89' lang='lat' dir='ltr'>potenti</span> 
     </span>
     <span class='ocr_line' id='line_1_71' title="bbox 980 1740 1772 1816; baseline 0.004 -17"><span class='ocrx_word' id='word_1_400' title='bbox 980 1756 1079 1800; x_wconf 91' lang='lat' dir='ltr'>manu</span> <span class='ocrx_word' id='word_1_401' title='bbox 1094 1740 1153 1801; x_wconf 91' lang='lat' dir='ltr'>Dei</span> <span class='ocrx_word' id='word_1_402' title='bbox 1173 1756 1305 1816; x_wconf 88' lang='lat' dir='ltr'>semper</span> <span class='ocrx_word' id='word_1_403' title='bbox 1321 1740 1512 1812; x_wconf 86' lang='lat' dir='ltr'>humilians,</span> <span class='ocrx_word' id='word_1_404' title='bbox 1530 1743 1563 1802; x_wconf 90' lang='lat' dir='ltr'>et</span> <span class='ocrx_word' id='word_1_405' title='bbox 1586 1741 1622 1800; x_wconf 91' lang='lat' dir='ltr'>iu</span> <span class='ocrx_word' id='word_1_406' title='bbox 1645 1741 1772 1802; x_wconf 85' lang='lat' dir='ltr'>exalta·</span> 
     </span>
     <span class='ocr_line' id='line_1_72' title="bbox 981 1838 1774 1915; baseline 0 -16"><span class='ocrx_word' id='word_1_407' title='bbox 981 1838 1069 1899; x_wconf 86' lang='lat' dir='ltr'>tione</span> <span class='ocrx_word' id='word_1_408' title='bbox 1084 1838 1271 1913; x_wconf 89' lang='lat' dir='ltr'>recogitans</span> <span class='ocrx_word' id='word_1_409' title='bbox 1283 1838 1359 1899; x_wconf 86' lang='lat' dir='ltr'>linis</span> <span class='ocrx_word' id='word_1_410' title='bbox 1372 1838 1434 1909; x_wconf 91' lang='lat' dir='ltr'>sui,</span> <span class='ocrx_word' id='word_1_411' title='bbox 1447 1854 1489 1899; x_wconf 91' lang='lat' dir='ltr'>ne</span> <span class='ocrx_word' id='word_1_412' title='bbox 1502 1840 1620 1915; x_wconf 86' lang='lat' dir='ltr'>pereat</span> <span class='ocrx_word' id='word_1_413' title='bbox 1632 1839 1671 1902; x_wconf 91' lang='lat' dir='ltr'>in</span> <span class='ocrx_word' id='word_1_414' title='bbox 1681 1842 1774 1901; x_wconf 81' lang='lat' dir='ltr'>aeter-</span> 
     </span>
     <span class='ocr_line' id='line_1_73' title="bbox 979 1936 1772 2013; baseline 0.004 -18"><span class='ocrx_word' id='word_1_415' title='bbox 979 1952 1068 2007; x_wconf 90' lang='lat' dir='ltr'>num,</span> <span class='ocrx_word' id='word_1_416' title='bbox 1086 1938 1200 2008; x_wconf 84' lang='lat' dir='ltr'>Deum,</span> <span class='ocrx_word' id='word_1_417' title='bbox 1218 1936 1356 2013; x_wconf 91' lang='lat' dir='ltr'>quieum</span> <span class='ocrx_word' id='word_1_418' title='bbox 1373 1938 1570 2013; x_wconf 90' lang='lat' dir='ltr'>propensius</span> <span class='ocrx_word' id='word_1_419' title='bbox 1587 1936 1772 2009; x_wconf 88' lang='lat' dir='ltr'>honoravit,</span> 
     </span>
     <span class='ocr_line' id='line_1_74' title="bbox 980 2033 1773 2097; baseline 0.004 -4"><span class='ocrx_word' id='word_1_420' title='bbox 980 2033 1119 2095; x_wconf 91' lang='lat' dir='ltr'>honoret</span> <span class='ocrx_word' id='word_1_421' title='bbox 1131 2034 1165 2094; x_wconf 92' lang='lat' dir='ltr'>in</span> <span class='ocrx_word' id='word_1_422' title='bbox 1181 2050 1319 2095; x_wconf 90' lang='lat' dir='ltr'>suorum</span> <span class='ocrx_word' id='word_1_423' title='bbox 1332 2034 1587 2096; x_wconf 87' lang='lat' dir='ltr'>honoriticentia</span> <span class='ocrx_word' id='word_1_424' title='bbox 1601 2035 1773 2097; x_wconf 89' lang='lat' dir='ltr'>ministro-</span> 
     </span>
     <span class='ocr_line' id='line_1_75' title="bbox 980 2130 1774 2209; baseline 0.005 -18"><span class='ocrx_word' id='word_1_425' title='bbox 980 2149 1064 2199; x_wconf 90' lang='lat' dir='ltr'>rum,</span> <span class='ocrx_word' id='word_1_426' title='bbox 1080 2133 1113 2194; x_wconf 91' lang='lat' dir='ltr'>et</span> <span class='ocrx_word' id='word_1_427' title='bbox 1132 2130 1378 2194; x_wconf 80' lang='lat' dir='ltr'>malefactorem</span> <span class='ocrx_word' id='word_1_428' title='bbox 1392 2132 1590 2209; x_wconf 74' lang='lat' dir='ltr'>pradictum</span> <span class='ocrx_word' id='word_1_429' title='bbox 1602 2149 1774 2195; x_wconf 89' lang='lat' dir='ltr'>cumcom-</span> 
     </span>
     <span class='ocr_line' id='line_1_76' title="bbox 978 2228 1771 2309; baseline -0.003 -19"><span class='ocrx_word' id='word_1_430' title='bbox 978 2229 1120 2308; x_wconf 90' lang='lat' dir='ltr'>plicibus</span> <span class='ocrx_word' id='word_1_431' title='bbox 1134 2230 1203 2290; x_wconf 90' lang='lat' dir='ltr'>suis</span> <span class='ocrx_word' id='word_1_432' title='bbox 1220 2228 1302 2309; x_wconf 85' lang='lat' dir='ltr'>(qui,</span> <span class='ocrx_word' id='word_1_433' title='bbox 1313 2247 1387 2291; x_wconf 92' lang='lat' dir='ltr'>curn</span> <span class='ocrx_word' id='word_1_434' title='bbox 1398 2230 1442 2291; x_wconf 92' lang='lat' dir='ltr'>sit</span> <span class='ocrx_word' id='word_1_435' title='bbox 1452 2230 1551 2292; x_wconf 92' lang='lat' dir='ltr'>homo</span> <span class='ocrx_word' id='word_1_436' title='bbox 1566 2247 1650 2293; x_wconf 89' lang='lat' dir='ltr'>suus</span> <span class='ocrx_word' id='word_1_437' title='bbox 1666 2232 1771 2308; x_wconf 83' lang='lat' dir='ltr'>ligius,</span> 
     </span>
     <span class='ocr_line' id='line_1_77' title="bbox 980 2326 1772 2403; baseline 0.001 -16"><span class='ocrx_word' id='word_1_438' title='bbox 980 2343 1040 2389; x_wconf 89' lang='lat' dir='ltr'>nec</span> <span class='ocrx_word' id='word_1_439' title='bbox 1063 2328 1158 2388; x_wconf 79' lang='lat' dir='ltr'>extra</span> <span class='ocrx_word' id='word_1_440' title='bbox 1177 2342 1316 2402; x_wconf 81' lang='lat' dir='ltr'>regnum</span> <span class='ocrx_word' id='word_1_441' title='bbox 1335 2329 1407 2403; x_wconf 89' lang='lat' dir='ltr'>ejus</span> <span class='ocrx_word' id='word_1_442' title='bbox 1427 2326 1555 2403; x_wconf 90' lang='lat' dir='ltr'>aliquid</span> <span class='ocrx_word' id='word_1_443' title='bbox 1576 2326 1704 2390; x_wconf 88' lang='lat' dir='ltr'>habere</span> <span class='ocrx_word' id='word_1_444' title='bbox 1723 2330 1772 2389; x_wconf 91' lang='lat' dir='ltr'>di-</span> 
     </span>
     <span class='ocr_line' id='line_1_78' title="bbox 979 2424 1772 2501; baseline 0.003 -16"><span class='ocrx_word' id='word_1_445' title='bbox 979 2425 1084 2496; x_wconf 88' lang='lat' dir='ltr'>catur,</span> <span class='ocrx_word' id='word_1_446' title='bbox 1104 2424 1162 2484; x_wconf 76' lang='lat' dir='ltr'>vix</span> <span class='ocrx_word' id='word_1_447' title='bbox 1186 2424 1339 2485; x_wconf 90' lang='lat' dir='ltr'>credetur</span> <span class='ocrx_word' id='word_1_448' title='bbox 1353 2425 1426 2485; x_wconf 89' lang='lat' dir='ltr'>sine</span> <span class='ocrx_word' id='word_1_449' title='bbox 1440 2424 1546 2501; x_wconf 88' lang='lat' dir='ltr'>ipsius</span> <span class='ocrx_word' id='word_1_450' title='bbox 1562 2426 1772 2487; x_wconf 77' lang='lat' dir='ltr'>conniventia</span> 
     </span>
     <span class='ocr_line' id='line_1_79' title="bbox 978 2522 1773 2601; baseline 0 -18"><span class='ocrx_word' id='word_1_451' title='bbox 978 2522 1186 2584; x_wconf 88' lang='lat' dir='ltr'>commisisse</span> <span class='ocrx_word' id='word_1_452' title='bbox 1215 2522 1313 2594; x_wconf 90' lang='lat' dir='ltr'>talia,</span> <span class='ocrx_word' id='word_1_453' title='bbox 1342 2522 1406 2583; x_wconf 91' lang='lat' dir='ltr'>nisi</span> <span class='ocrx_word' id='word_1_454' title='bbox 1435 2525 1507 2601; x_wconf 89' lang='lat' dir='ltr'>ejus</span> <span class='ocrx_word' id='word_1_455' title='bbox 1540 2524 1706 2585; x_wconf 90' lang='lat' dir='ltr'>malitiam</span> <span class='ocrx_word' id='word_1_456' title='bbox 1727 2526 1773 2584; x_wconf 89' lang='lat' dir='ltr'>ul-</span> 
     </span>
     <span class='ocr_line' id='line_1_80' title="bbox 977 2619 1771 2699; baseline 0 -16"><span class='ocrx_word' id='word_1_457' title='bbox 977 2621 1068 2683; x_wconf 91' lang='lat' dir='ltr'>tione</span> <span class='ocrx_word' id='word_1_458' title='bbox 1089 2620 1191 2681; x_wconf 90' lang='lat' dir='ltr'>celeri</span> <span class='ocrx_word' id='word_1_459' title='bbox 1212 2619 1457 2698; x_wconf 84' lang='lat' dir='ltr'>prosequatur),</span> <span class='ocrx_word' id='word_1_460' title='bbox 1477 2625 1513 2682; x_wconf 93' lang='lat' dir='ltr'>ut</span> <span class='ocrx_word' id='word_1_461' title='bbox 1530 2623 1690 2699; x_wconf 89' lang='lat' dir='ltr'>episcopo</span> <span class='ocrx_word' id='word_1_462' title='bbox 1704 2639 1771 2683; x_wconf 90' lang='lat' dir='ltr'>me-</span> 
     </span>
     <span class='ocr_line' id='line_1_81' title="bbox 978 2718 1771 2791; baseline 0 -12"><span class='ocrx_word' id='word_1_463' title='bbox 978 2719 1106 2780; x_wconf 91' lang='lat' dir='ltr'>morato</span> <span class='ocrx_word' id='word_1_464' title='bbox 1121 2719 1154 2779; x_wconf 91' lang='lat' dir='ltr'>et</span> <span class='ocrx_word' id='word_1_465' title='bbox 1168 2718 1244 2777; x_wconf 87' lang='lat' dir='ltr'>aliis</span> <span class='ocrx_word' id='word_1_466' title='bbox 1261 2718 1370 2778; x_wconf 89' lang='lat' dir='ltr'>ablata</span> <span class='ocrx_word' id='word_1_467' title='bbox 1388 2719 1544 2781; x_wconf 88' lang='lat' dir='ltr'>restituat</span> <span class='ocrx_word' id='word_1_468' title='bbox 1559 2722 1729 2791; x_wconf 86' lang='lat' dir='ltr'>universa,</span> <span class='ocrx_word' id='word_1_469' title='bbox 1743 2723 1771 2780; x_wconf 86' lang='lat' dir='ltr'>et</span> 
     </span>
     <span class='ocr_line' id='line_1_82' title="bbox 977 2816 1769 2893; baseline 0.004 -17"><span class='ocrx_word' id='word_1_470' title='bbox 977 2817 1018 2877; x_wconf 89' lang='lat' dir='ltr'>de</span> <span class='ocrx_word' id='word_1_471' title='bbox 1041 2816 1170 2877; x_wconf 91' lang='lat' dir='ltr'>damnis</span> <span class='ocrx_word' id='word_1_472' title='bbox 1194 2818 1227 2877; x_wconf 91' lang='lat' dir='ltr'>et</span> <span class='ocrx_word' id='word_1_473' title='bbox 1251 2816 1500 2891; x_wconf 87' lang='lat' dir='ltr'>gravaminibus</span> <span class='ocrx_word' id='word_1_474' title='bbox 1530 2817 1691 2893; x_wconf 88' lang='lat' dir='ltr'>irrogatis</span> <span class='ocrx_word' id='word_1_475' title='bbox 1717 2835 1769 2879; x_wconf 91' lang='lat' dir='ltr'>sa-</span> 
     </span>
     <span class='ocr_line' id='line_1_83' title="bbox 977 2913 1771 2991; baseline 0 -16"><span class='ocrx_word' id='word_1_476' title='bbox 977 2914 1122 2975; x_wconf 77' lang='lat' dir='ltr'>tisfaciat</span> <span class='ocrx_word' id='word_1_477' title='bbox 1136 2915 1369 2989; x_wconf 87' lang='lat' dir='ltr'>competenter,</span> <span class='ocrx_word' id='word_1_478' title='bbox 1387 2913 1479 2990; x_wconf 92' lang='lat' dir='ltr'>regia</span> <span class='ocrx_word' id='word_1_479' title='bbox 1505 2915 1670 2991; x_wconf 87' lang='lat' dir='ltr'>potestate</span> <span class='ocrx_word' id='word_1_480' title='bbox 1687 2933 1771 2977; x_wconf 92' lang='lat' dir='ltr'>com·</span> 
     </span>
     <span class='ocr_line' id='line_1_84' title="bbox 978 3012 1770 3091; baseline 0.004 -20"><span class='ocrx_word' id='word_1_481' title='bbox 978 3012 1098 3089; x_wconf 87' lang='lat' dir='ltr'>pellat,</span> <span class='ocrx_word' id='word_1_482' title='bbox 1124 3012 1236 3088; x_wconf 91' lang='lat' dir='ltr'>sicque</span> <span class='ocrx_word' id='word_1_483' title='bbox 1251 3012 1397 3088; x_wconf 90' lang='lat' dir='ltr'>corrigat</span> <span class='ocrx_word' id='word_1_484' title='bbox 1411 3028 1471 3088; x_wconf 92' lang='lat' dir='ltr'>per</span> <span class='ocrx_word' id='word_1_485' title='bbox 1494 3013 1644 3090; x_wconf 90' lang='lat' dir='ltr'>seipsum</span> <span class='ocrx_word' id='word_1_486' title='bbox 1664 3013 1770 3091; x_wconf 88' lang='lat' dir='ltr'>hujus·</span> 
     </span>
     <span class='ocr_line' id='line_1_85' title="bbox 978 3110 1768 3189; baseline 0 -19"><span class='ocrx_word' id='word_1_487' title='bbox 978 3110 1065 3171; x_wconf 89' lang='lat' dir='ltr'>modi</span> <span class='ocrx_word' id='word_1_488' title='bbox 1086 3110 1280 3172; x_wconf 84' lang='lat' dir='ltr'>temeritatis</span> <span class='ocrx_word' id='word_1_489' title='bbox 1306 3125 1476 3182; x_wconf 73' lang='lat' dir='ltr'>excessus</span> <span class='ocrx_word' id='word_1_490' title='bbox 1507 3111 1594 3188; x_wconf 92' lang='lat' dir='ltr'>quod</span> <span class='ocrx_word' id='word_1_491' title='bbox 1620 3112 1690 3183; x_wconf 90' lang='lat' dir='ltr'>alii,</span> <span class='ocrx_word' id='word_1_492' title='bbox 1719 3112 1768 3189; x_wconf 93' lang='lat' dir='ltr'>qui</span> 
     </span>
     <span class='ocr_line' id='line_1_86' title="bbox 977 3207 1769 3285; baseline 0.003 -18"><span class='ocrx_word' id='word_1_493' title='bbox 977 3208 1105 3284; x_wconf 85' lang='lat' dir='ltr'>praelati</span> <span class='ocrx_word' id='word_1_494' title='bbox 1119 3208 1245 3269; x_wconf 86' lang='lat' dir='ltr'>scelera</span> <span class='ocrx_word' id='word_1_495' title='bbox 1261 3207 1416 3269; x_wconf 89' lang='lat' dir='ltr'>scelerati</span> <span class='ocrx_word' id='word_1_496' title='bbox 1427 3210 1496 3285; x_wconf 89' lang='lat' dir='ltr'>jam</span> <span class='ocrx_word' id='word_1_497' title='bbox 1510 3209 1659 3279; x_wconf 89' lang='lat' dir='ltr'>trahunt,</span> <span class='ocrx_word' id='word_1_498' title='bbox 1676 3213 1711 3271; x_wconf 89' lang='lat' dir='ltr'>ut</span> <span class='ocrx_word' id='word_1_499' title='bbox 1723 3210 1769 3269; x_wconf 91' lang='lat' dir='ltr'>di-</span> 
     </span>
     <span class='ocr_line' id='line_1_87' title="bbox 977 3305 1769 3383; baseline -0.001 -16"><span class='ocrx_word' id='word_1_500' title='bbox 977 3306 1073 3378; x_wconf 87' lang='lat' dir='ltr'>eitur,</span> <span class='ocrx_word' id='word_1_501' title='bbox 1092 3305 1338 3383; x_wconf 84' lang='lat' dir='ltr'>inexemplum,</span> <span class='ocrx_word' id='word_1_502' title='bbox 1354 3306 1387 3365; x_wconf 93' lang='lat' dir='ltr'>in</span> <span class='ocrx_word' id='word_1_503' title='bbox 1400 3306 1655 3368; x_wconf 84' lang='lat' dir='ltr'>irreverentiam</span> <span class='ocrx_word' id='word_1_504' title='bbox 1677 3307 1769 3369; x_wconf 91' lang='lat' dir='ltr'>cleri-</span> 
     </span>
     <span class='ocr_line' id='line_1_88' title="bbox 977 3405 1767 3480; baseline 0.003 -16"><span class='ocrx_word' id='word_1_505' title='bbox 977 3419 1101 3475; x_wconf 90' lang='lat' dir='ltr'>corum,</span> <span class='ocrx_word' id='word_1_506' title='bbox 1120 3405 1207 3465; x_wconf 88' lang='lat' dir='ltr'>metu</span> <span class='ocrx_word' id='word_1_507' title='bbox 1223 3419 1327 3480; x_wconf 87' lang='lat' dir='ltr'>poeuae</span> <span class='ocrx_word' id='word_1_508' title='bbox 1351 3405 1545 3480; x_wconf 87' lang='lat' dir='ltr'>temporalis</span> <span class='ocrx_word' id='word_1_509' title='bbox 1560 3405 1732 3467; x_wconf 88' lang='lat' dir='ltr'>addiscant</span> <span class='ocrx_word' id='word_1_510' title='bbox 1751 3422 1767 3466; x_wconf 89' lang='lat' dir='ltr'>a</span> 
     </span>
     <span class='ocr_line' id='line_1_89' title="bbox 977 3501 1766 3573; baseline 0.004 -11"><span class='ocrx_word' id='word_1_511' title='bbox 977 3501 1141 3563; x_wconf 90' lang='lat' dir='ltr'>similibus</span> <span class='ocrx_word' id='word_1_512' title='bbox 1165 3501 1342 3563; x_wconf 89' lang='lat' dir='ltr'>abstinere.</span> <span class='ocrx_word' id='word_1_513' title='bbox 1364 3505 1469 3573; x_wconf 90' lang='lat' dir='ltr'>Quum</span> <span class='ocrx_word' id='word_1_514' title='bbox 1490 3503 1579 3564; x_wconf 90' lang='lat' dir='ltr'>enim</span> <span class='ocrx_word' id='word_1_515' title='bbox 1604 3504 1692 3565; x_wconf 86' lang='lat' dir='ltr'>idern</span> <span class='ocrx_word' id='word_1_516' title='bbox 1712 3520 1766 3565; x_wconf 79' lang='lat' dir='ltr'>rex</span> 
     </span>
     <span class='ocr_line' id='line_1_90' title="bbox 972 3598 1768 3677; baseline 0.003 -18"><span class='ocrx_word' id='word_1_517' title='bbox 972 3602 1089 3677; x_wconf 89' lang='lat' dir='ltr'>jugum</span> <span class='ocrx_word' id='word_1_518' title='bbox 1099 3600 1157 3661; x_wconf 87' lang='lat' dir='ltr'>Dei</span> <span class='ocrx_word' id='word_1_519' title='bbox 1165 3598 1207 3660; x_wconf 90' lang='lat' dir='ltr'>ab</span> <span class='ocrx_word' id='word_1_520' title='bbox 1217 3599 1441 3661; x_wconf 89' lang='lat' dir='ltr'>adolescentia</span> <span class='ocrx_word' id='word_1_521' title='bbox 1449 3617 1509 3661; x_wconf 92' lang='lat' dir='ltr'>sua</span> <span class='ocrx_word' id='word_1_522' title='bbox 1522 3602 1707 3677; x_wconf 87' lang='lat' dir='ltr'>portaverit</span> <span class='ocrx_word' id='word_1_523' title='bbox 1716 3620 1768 3663; x_wconf 89' lang='lat' dir='ltr'>su-</span> 
     </span>
     <span class='ocr_line' id='line_1_91' title="bbox 977 3697 1763 3773; baseline 0.006 -18"><span class='ocrx_word' id='word_1_524' title='bbox 977 3714 1035 3773; x_wconf 92' lang='lat' dir='ltr'>per</span> <span class='ocrx_word' id='word_1_525' title='bbox 1061 3697 1306 3758; x_wconf 90' lang='lat' dir='ltr'>manutenenda</span> <span class='ocrx_word' id='word_1_526' title='bbox 1332 3697 1483 3758; x_wconf 86' lang='lat' dir='ltr'>ecclesiae</span> <span class='ocrx_word' id='word_1_527' title='bbox 1508 3697 1673 3769; x_wconf 87' lang='lat' dir='ltr'>libertale,</span> <span class='ocrx_word' id='word_1_528' title='bbox 1687 3700 1763 3761; x_wconf 89' lang='lat' dir='ltr'>absit</span> 
     </span>
     <span class='ocr_line' id='line_1_92' title="bbox 976 3794 1767 3859; baseline 0.001 -4"><span class='ocrx_word' id='word_1_529' title='bbox 976 3796 1013 3856; x_wconf 89' lang='lat' dir='ltr'>ut</span> <span class='ocrx_word' id='word_1_530' title='bbox 1035 3794 1116 3855; x_wconf 90' lang='lat' dir='ltr'>illud</span> <span class='ocrx_word' id='word_1_531' title='bbox 1141 3794 1182 3856; x_wconf 91' lang='lat' dir='ltr'>ab</span> <span class='ocrx_word' id='word_1_532' title='bbox 1198 3795 1344 3856; x_wconf 90' lang='lat' dir='ltr'>humeris</span> <span class='ocrx_word' id='word_1_533' title='bbox 1363 3795 1433 3855; x_wconf 87' lang='lat' dir='ltr'>suis</span> <span class='ocrx_word' id='word_1_534' title='bbox 1454 3797 1603 3858; x_wconf 81' lang='lat' dir='ltr'>excutiat</span> <span class='ocrx_word' id='word_1_535' title='bbox 1624 3798 1660 3858; x_wconf 93' lang='lat' dir='ltr'>in</span> <span class='ocrx_word' id='word_1_536' title='bbox 1679 3798 1767 3859; x_wconf 74' lang='lat' dir='ltr'>etate</span> 
     </span>
     <span class='ocr_line' id='line_1_93' title="bbox 976 3891 1765 3971; baseline 0.001 -19"><span class='ocrx_word' id='word_1_537' title='bbox 976 3895 1149 3970; x_wconf 85' lang='lat' dir='ltr'>provecta,</span> <span class='ocrx_word' id='word_1_538' title='bbox 1174 3893 1305 3971; x_wconf 87' lang='lat' dir='ltr'>quando</span> <span class='ocrx_word' id='word_1_539' title='bbox 1329 3891 1447 3954; x_wconf 86' lang='lat' dir='ltr'>sortior</span> <span class='ocrx_word' id='word_1_540' title='bbox 1468 3894 1503 3953; x_wconf 92' lang='lat' dir='ltr'>in</span> <span class='ocrx_word' id='word_1_541' title='bbox 1519 3895 1695 3956; x_wconf 88' lang='lat' dir='ltr'>servandis</span> <span class='ocrx_word' id='word_1_542' title='bbox 1715 3893 1765 3955; x_wconf 85' lang='lat' dir='ltr'>Dei</span> 
     </span>
     <span class='ocr_line' id='line_1_94' title="bbox 971 3989 1763 4069; baseline -0.001 -19"><span class='ocrx_word' id='word_1_543' title='bbox 971 3990 1268 4067; x_wconf 75' lang='lat' dir='ltr'>justificationibus</span> <span class='ocrx_word' id='word_1_544' title='bbox 1287 3989 1383 4052; x_wconf 91' lang='lat' dir='ltr'>debet</span> <span class='ocrx_word' id='word_1_545' title='bbox 1402 4006 1486 4062; x_wconf 89' lang='lat' dir='ltr'>esse,</span> <span class='ocrx_word' id='word_1_546' title='bbox 1504 3992 1557 4052; x_wconf 88' lang='lat' dir='ltr'>vel</span> <span class='ocrx_word' id='word_1_547' title='bbox 1572 3993 1660 4068; x_wconf 94' lang='lat' dir='ltr'>quod</span> <span class='ocrx_word' id='word_1_548' title='bbox 1683 3993 1763 4069; x_wconf 88' lang='lat' dir='ltr'>prius</span> 
     </span>
     <span class='ocr_line' id='line_1_95' title="bbox 976 4088 1763 4165; baseline -0.001 -15"><span class='ocrx_word' id='word_1_549' title='bbox 976 4089 1073 4164; x_wconf 88' lang='lat' dir='ltr'>coepti</span> <span class='ocrx_word' id='word_1_550' title='bbox 1089 4102 1222 4149; x_wconf 89' lang='lat' dir='ltr'>cursum</span> <span class='ocrx_word' id='word_1_551' title='bbox 1235 4088 1365 4149; x_wconf 90' lang='lat' dir='ltr'>itineris</span> <span class='ocrx_word' id='word_1_552' title='bbox 1379 4088 1520 4161; x_wconf 87' lang='lat' dir='ltr'>deserat,</span> <span class='ocrx_word' id='word_1_553' title='bbox 1533 4106 1635 4165; x_wconf 87' lang='lat' dir='ltr'>quarn</span> <span class='ocrx_word' id='word_1_554' title='bbox 1649 4090 1690 4150; x_wconf 88' lang='lat' dir='ltr'>ad</span> <span class='ocrx_word' id='word_1_555' title='bbox 1703 4105 1763 4149; x_wconf 88' lang='lat' dir='ltr'>mo-</span> 
     </span>
     <span class='ocr_line' id='line_1_96' title="bbox 975 4186 1760 4264; baseline -0.004 -17"><span class='ocrx_word' id='word_1_556' title='bbox 975 4187 1041 4247; x_wconf 88' lang='lat' dir='ltr'>tam</span> <span class='ocrx_word' id='word_1_557' title='bbox 1058 4186 1238 4263; x_wconf 86' lang='lat' dir='ltr'>perveniat,</span> <span class='ocrx_word' id='word_1_558' title='bbox 1261 4186 1301 4247; x_wconf 91' lang='lat' dir='ltr'>de</span> <span class='ocrx_word' id='word_1_559' title='bbox 1316 4203 1380 4263; x_wconf 88' lang='lat' dir='ltr'>qua</span> <span class='ocrx_word' id='word_1_560' title='bbox 1401 4186 1464 4246; x_wconf 90' lang='lat' dir='ltr'>sibi</span> <span class='ocrx_word' id='word_1_561' title='bbox 1487 4203 1612 4248; x_wconf 89' lang='lat' dir='ltr'>corona</span> <span class='ocrx_word' id='word_1_562' title='bbox 1634 4187 1760 4264; x_wconf 72' lang='lat' dir='ltr'>justitiae</span> 
     </span>
     <span class='ocr_line' id='line_1_97' title="bbox 976 4281 1757 4361; baseline -0.004 -18"><span class='ocrx_word' id='word_1_563' title='bbox 976 4285 1173 4361; x_wconf 83' lang='lat' dir='ltr'>reponatur!</span> <span class='ocrx_word' id='word_1_564' title='bbox 1191 4285 1384 4346; x_wconf 78' lang='lat' dir='ltr'>consideret</span> <span class='ocrx_word' id='word_1_565' title='bbox 1399 4285 1482 4360; x_wconf 88' lang='lat' dir='ltr'>ipse,</span> <span class='ocrx_word' id='word_1_566' title='bbox 1496 4281 1757 4361; x_wconf 85' lang='lat' dir='ltr'>consideretquid</span> 
     </span>
     <span class='ocr_line' id='line_1_98' title="bbox 975 4381 1755 4458; baseline -0.005 -16"><span class='ocrx_word' id='word_1_567' title='bbox 975 4381 1086 4442; x_wconf 89' lang='lat' dir='ltr'>amisit</span> <span class='ocrx_word' id='word_1_568' title='bbox 1098 4381 1265 4453; x_wconf 89' lang='lat' dir='ltr'>Salomon,</span> <span class='ocrx_word' id='word_1_569' title='bbox 1276 4382 1353 4458; x_wconf 90' lang='lat' dir='ltr'>quia</span> <span class='ocrx_word' id='word_1_570' title='bbox 1366 4398 1486 4458; x_wconf 90' lang='lat' dir='ltr'>purum</span> <span class='ocrx_word' id='word_1_571' title='bbox 1499 4384 1567 4443; x_wconf 87' lang='lat' dir='ltr'>Deo</span> <span class='ocrx_word' id='word_1_572' title='bbox 1581 4386 1614 4443; x_wconf 93' lang='lat' dir='ltr'>et</span> <span class='ocrx_word' id='word_1_573' title='bbox 1621 4382 1755 4444; x_wconf 88' lang='lat' dir='ltr'>stabilem</span> 
     </span>
     <span class='ocr_line' id='line_1_99' title="bbox 974 4479 1753 4556; baseline -0.004 -17"><span class='ocrx_word' id='word_1_574' title='bbox 974 4479 1120 4539; x_wconf 91' lang='lat' dir='ltr'>animum</span> <span class='ocrx_word' id='word_1_575' title='bbox 1140 4495 1206 4540; x_wconf 93' lang='lat' dir='ltr'>non</span> <span class='ocrx_word' id='word_1_576' title='bbox 1231 4479 1391 4549; x_wconf 83' lang='lat' dir='ltr'>servavit,</span> <span class='ocrx_word' id='word_1_577' title='bbox 1412 4484 1446 4541; x_wconf 91' lang='lat' dir='ltr'>et</span> <span class='ocrx_word' id='word_1_578' title='bbox 1469 4480 1511 4540; x_wconf 90' lang='lat' dir='ltr'>ad</span> <span class='ocrx_word' id='word_1_579' title='bbox 1534 4495 1633 4556; x_wconf 90' lang='lat' dir='ltr'>quem</span> <span class='ocrx_word' id='word_1_580' title='bbox 1657 4493 1753 4541; x_wconf 84' lang='lat' dir='ltr'>casura</span> 
     </span>
     <span class='ocr_line' id='line_1_100' title="bbox 976 4575 1753 4655; baseline -0.004 -21"><span class='ocrx_word' id='word_1_581' title='bbox 976 4575 1054 4635; x_wconf 88' lang='lat' dir='ltr'>Saul</span> <span class='ocrx_word' id='word_1_582' title='bbox 1081 4576 1271 4647; x_wconf 89' lang='lat' dir='ltr'>devenerit,</span> <span class='ocrx_word' id='word_1_583' title='bbox 1299 4593 1338 4638; x_wconf 91' lang='lat' dir='ltr'>eo</span> <span class='ocrx_word' id='word_1_584' title='bbox 1369 4577 1454 4654; x_wconf 90' lang='lat' dir='ltr'>quod</span> <span class='ocrx_word' id='word_1_585' title='bbox 1480 4578 1514 4638; x_wconf 94' lang='lat' dir='ltr'>in</span> <span class='ocrx_word' id='word_1_586' title='bbox 1539 4576 1753 4655; x_wconf 80' lang='lat' dir='ltr'>perseverante</span> 
     </span>
     <span class='ocr_line' id='line_1_101' title="bbox 974 4672 1753 4753; baseline -0.004 -20"><span class='ocrx_word' id='word_1_587' title='bbox 974 4672 1060 4734; x_wconf 91' lang='lat' dir='ltr'>bono</span> <span class='ocrx_word' id='word_1_588' title='bbox 1080 4689 1145 4733; x_wconf 90' lang='lat' dir='ltr'>non</span> <span class='ocrx_word' id='word_1_589' title='bbox 1167 4675 1267 4735; x_wconf 88' lang='lat' dir='ltr'>stetit.</span> <span class='ocrx_word' id='word_1_590' title='bbox 1286 4676 1539 4736; x_wconf 74' lang='lat' dir='ltr'>Perseveranua</span> <span class='ocrx_word' id='word_1_591' title='bbox 1556 4677 1676 4753; x_wconf 91' lang='lat' dir='ltr'>quippe</span> <span class='ocrx_word' id='word_1_592' title='bbox 1691 4686 1753 4733; x_wconf 88' lang='lat' dir='ltr'>cur-</span> 
     </span>
     <span class='ocr_line' id='line_1_102' title="bbox 974 4771 1748 4850; baseline 0.008 -20"><span class='ocrx_word' id='word_1_593' title='bbox 974 4771 1101 4832; x_wconf 89' lang='lat' dir='ltr'>rentem</span> <span class='ocrx_word' id='word_1_594' title='bbox 1117 4774 1319 4843; x_wconf 89' lang='lat' dir='ltr'>remunerat,</span> <span class='ocrx_word' id='word_1_595' title='bbox 1343 4771 1542 4849; x_wconf 88' lang='lat' dir='ltr'>roboratque</span> <span class='ocrx_word' id='word_1_596' title='bbox 1558 4774 1748 4850; x_wconf 85' lang='lat' dir='ltr'>pugnantem</span> 
     </span>
     <span class='ocr_line' id='line_1_103' title="bbox 975 4866 1748 4945; baseline -0.006 -17"><span class='ocrx_word' id='word_1_597' title='bbox 975 4885 1072 4944; x_wconf 86' lang='lat' dir='ltr'>quam</span> <span class='ocrx_word' id='word_1_598' title='bbox 1097 4868 1235 4944; x_wconf 69' lang='lat' dir='ltr'>mystice</span> <span class='ocrx_word' id='word_1_599' title='bbox 1263 4871 1481 4945; x_wconf 88' lang='lat' dir='ltr'>repraesentat</span> <span class='ocrx_word' id='word_1_600' title='bbox 1509 4871 1626 4931; x_wconf 89' lang='lat' dir='ltr'>talaris</span> <span class='ocrx_word' id='word_1_601' title='bbox 1657 4866 1748 4932; x_wconf 82' lang='lat' dir='ltr'>tunica</span> 
     </span>
     <span class='ocr_line' id='line_1_104' title="bbox 970 4962 1748 5044; baseline 0 -19"><span class='ocrx_word' id='word_1_602' title='bbox 970 4966 1052 5042; x_wconf 90' lang='lat' dir='ltr'>justi</span> <span class='ocrx_word' id='word_1_603' title='bbox 1065 4966 1199 5043; x_wconf 81' lang='lat' dir='ltr'>loseph,</span> <span class='ocrx_word' id='word_1_604' title='bbox 1216 4982 1288 5042; x_wconf 83' lang='lat' dir='ltr'>quae</span> <span class='ocrx_word' id='word_1_605' title='bbox 1305 4967 1463 5044; x_wconf 89' lang='lat' dir='ltr'>usquead</span> <span class='ocrx_word' id='word_1_606' title='bbox 1481 4967 1601 5043; x_wconf 91' lang='lat' dir='ltr'>pedum</span> <span class='ocrx_word' id='word_1_607' title='bbox 1613 4962 1748 5030; x_wconf 78' lang='lat' dir='ltr'>extremi·</span> 
     </span>
     <span class='ocr_line' id='line_1_105' title="bbox 976 5063 1748 5142; baseline -0.003 -18"><span class='ocrx_word' id='word_1_608' title='bbox 976 5066 1074 5124; x_wconf 88' lang='lat' dir='ltr'>tatem</span> <span class='ocrx_word' id='word_1_609' title='bbox 1090 5063 1253 5139; x_wconf 88' lang='lat' dir='ltr'>pervenit.</span> <span class='ocrx_word' id='word_1_610' title='bbox 1268 5066 1347 5124; x_wconf 85' lang='lat' dir='ltr'>Haeo</span> <span class='ocrx_word' id='word_1_611' title='bbox 1362 5066 1412 5125; x_wconf 91' lang='lat' dir='ltr'>esl</span> <span class='ocrx_word' id='word_1_612' title='bbox 1426 5066 1515 5125; x_wconf 91' lang='lat' dir='ltr'>euim</span> <span class='ocrx_word' id='word_1_613' title='bbox 1535 5064 1631 5129; x_wconf 70' lang='lat' dir='ltr'>bonas</span> <span class='ocrx_word' id='word_1_614' title='bbox 1652 5076 1748 5142; x_wconf 86' lang='lat' dir='ltr'>opera-</span> 
     </span>
     <span class='ocr_line' id='line_1_106' title="bbox 974 5160 1747 5241; baseline -0.001 -21"><span class='ocrx_word' id='word_1_615' title='bbox 974 5161 1074 5221; x_wconf 91' lang='lat' dir='ltr'>tionis</span> <span class='ocrx_word' id='word_1_616' title='bbox 1094 5161 1282 5232; x_wconf 88' lang='lat' dir='ltr'>calcaneus,</span> <span class='ocrx_word' id='word_1_617' title='bbox 1305 5177 1401 5239; x_wconf 89' lang='lat' dir='ltr'>quem</span> <span class='ocrx_word' id='word_1_618' title='bbox 1418 5163 1554 5238; x_wconf 88' lang='lat' dir='ltr'>sapiens</span> <span class='ocrx_word' id='word_1_619' title='bbox 1577 5181 1598 5225; x_wconf 90' lang='lat' dir='ltr'>a</span> <span class='ocrx_word' id='word_1_620' title='bbox 1619 5160 1747 5241; x_wconf 70' lang='lat' dir='ltr'>serpente</span> 
     </span>
     <span class='ocr_line' id='line_1_107' title="bbox 974 5259 1748 5341; baseline -0.001 -21"><span class='ocrx_word' id='word_1_621' title='bbox 974 5259 1126 5320; x_wconf 92' lang='lat' dir='ltr'>custodit.</span> <span class='ocrx_word' id='word_1_622' title='bbox 1144 5262 1222 5320; x_wconf 67' lang='lat' dir='ltr'>Haec</span> <span class='ocrx_word' id='word_1_623' title='bbox 1238 5263 1287 5321; x_wconf 89' lang='lat' dir='ltr'>est</span> <span class='ocrx_word' id='word_1_624' title='bbox 1303 5260 1409 5321; x_wconf 88' lang='lat' dir='ltr'>cauda</span> <span class='ocrx_word' id='word_1_625' title='bbox 1435 5260 1554 5322; x_wconf 83' lang='lat' dir='ltr'>hostiae</span> <span class='ocrx_word' id='word_1_626' title='bbox 1569 5280 1666 5341; x_wconf 83' lang='lat' dir='ltr'>quarn</span> <span class='ocrx_word' id='word_1_627' title='bbox 1682 5272 1748 5338; x_wconf 79' lang='lat' dir='ltr'>pra·</span> 
     </span>
     <span class='ocr_line' id='line_1_108' title="bbox 974 5357 1748 5434; baseline 0.004 -19"><span class='ocrx_word' id='word_1_628' title='bbox 974 5357 1062 5434; x_wconf 87' lang='lat' dir='ltr'>oepit</span> <span class='ocrx_word' id='word_1_629' title='bbox 1090 5374 1163 5418; x_wconf 91' lang='lat' dir='ltr'>cum</span> <span class='ocrx_word' id='word_1_630' title='bbox 1193 5359 1328 5419; x_wconf 88' lang='lat' dir='ltr'>victima</span> <span class='ocrx_word' id='word_1_631' title='bbox 1357 5358 1412 5419; x_wconf 84' lang='lat' dir='ltr'>lex</span> <span class='ocrx_word' id='word_1_632' title='bbox 1447 5360 1573 5420; x_wconf 85' lang='lat' dir='ltr'>otlerri.</span> <span class='ocrx_word' id='word_1_633' title='bbox 1601 5363 1748 5422; x_wconf 68' lang='lat' dir='ltr'>Menelaus</span> 
     </span>
     <span class='ocr_line' id='line_1_109' title="bbox 974 5450 1749 5530; baseline -0.001 -18"><span class='ocrx_word' id='word_1_634' title='bbox 974 5457 1133 5530; x_wconf 75' lang='lat' dir='ltr'>praterea</span> <span class='ocrx_word' id='word_1_635' title='bbox 1150 5456 1301 5516; x_wconf 91' lang='lat' dir='ltr'>eumdem</span> <span class='ocrx_word' id='word_1_636' title='bbox 1325 5459 1361 5517; x_wconf 93' lang='lat' dir='ltr'>ut</span> <span class='ocrx_word' id='word_1_637' title='bbox 1380 5456 1484 5517; x_wconf 87' lang='lat' dir='ltr'>tilium</span> <span class='ocrx_word' id='word_1_638' title='bbox 1506 5459 1710 5520; x_wconf 90' lang='lat' dir='ltr'>carissimum</span> <span class='ocrx_word' id='word_1_639' title='bbox 1727 5450 1749 5511; x_wconf 85' lang='lat' dir='ltr'>el</span> 
     </span>
    </p>
   </div>
   <div class='ocr_carea' id='block_1_8' title="bbox 974 5585 1750 5734">
    <p class='ocr_par' dir='ltr' id='par_1_10' title="bbox 974 5585 1750 5734">
     <span class='ocr_line' id='line_1_110' title="bbox 974 5585 1750 5655; baseline 0 -13"><span class='ocrx_word' id='word_1_640' title='bbox 974 5586 1023 5642; x_wconf 81' lang='lat' dir='ltr'>tite</span> <span class='ocrx_word' id='word_1_641' title='bbox 1044 5586 1078 5643; x_wconf 84' lang='lat' dir='ltr'>de</span> <span class='ocrx_word' id='word_1_642' title='bbox 1096 5585 1178 5655; x_wconf 81' lang='lat' dir='ltr'>Euri,</span> <span class='ocrx_word' id='word_1_643' title='bbox 1200 5594 1231 5644; x_wconf 84' lang='lat' dir='ltr'>ut</span> <span class='ocrx_word' id='word_1_644' title='bbox 1251 5587 1348 5645; x_wconf 89' lang='lat' dir='ltr'>videro</span> <span class='ocrx_word' id='word_1_645' title='bbox 1372 5596 1415 5646; x_wconf 82' lang='lat' dir='ltr'>est</span> <span class='ocrx_word' id='word_1_646' title='bbox 1435 5596 1514 5647; x_wconf 86' lang='lat' dir='ltr'>tomo</span> <span class='ocrx_word' id='word_1_647' title='bbox 1541 5600 1641 5649; x_wconf 83' lang='lat' dir='ltr'>nostro</span> <span class='ocrx_word' id='word_1_648' title='bbox 1667 5586 1750 5653; x_wconf 79' lang='lat' dir='ltr'>xvlu,</span> 
     </span>
     <span class='ocr_line' id='line_1_111' title="bbox 974 5658 1261 5734; baseline -0.003 -17"><span class='ocrx_word' id='word_1_649' title='bbox 974 5672 1002 5730; x_wconf 90' lang='lat' dir='ltr'>p.</span> <span class='ocrx_word' id='word_1_650' title='bbox 1019 5658 1080 5717; x_wconf 77' lang='grc'><strong>131.</strong></span> <span class='ocrx_word' id='word_1_651' title='bbox 1096 5659 1261 5734; x_wconf 67' lang='lat' dir='ltr'>(bouquet.)</span> 
     </span>
    </p>
   </div>
   <div class='ocr_carea' id='block_1_9' title="bbox 0 0 1906 6166">
    <p class='ocr_par' dir='ltr' id='par_1_11' title="bbox 0 0 1906 6166">
     <span class='ocr_line' id='line_1_112' title="bbox 0 0 1906 6166; baseline 0 1"><span class='ocrx_word' id='word_1_652' title='bbox 0 0 1906 6166; x_wconf 95' lang='lat' dir='ltr'> </span> 
     </span>
    </p>
   </div>
  </div>
 </body>
</html>
