3802 6166
119 326 180 385 tat
465 322 520 383 DE
540 321 674 383 PRIMO
695 321 872 385 HONORII
905 322 954 383 111
975 321 1280 386 PONTIFIOA'I'US
1299 320 1430 385 ANNO.
1619 374 1622 381 .
1718 330 1777 389 138

119 485 217 558 cujus
234 481 340 543 morte
354 479 437 542 tanti
458 479 556 541 terrae
574 480 682 543 motus
704 480 813 543 exorti
828 481 916 553 sunt,
972 480 1066 544 noles
1080 482 1301 559 promoverat,
1323 482 1514 560 episcopum
1534 496 1648 557 unum,
1665 500 1773 562 praes-

121 581 157 642 ut
182 580 218 641 in
239 578 406 640 montibus
425 578 547 639 Salviis
575 579 617 640 ad
642 578 787 656 quinque
812 579 919 641 millia
972 579 1107 658 hyteros
1139 596 1214 653 sex,
1248 582 1281 643 et
1315 581 1474 643 diaconos
1505 581 1661 654 totidem,
1690 582 1774 647 obiit

119 677 293 741 bominum
319 676 460 753 periisse
481 677 619 748 constet,
645 675 838 737 cadentibus
860 677 921 738 do-
974 682 1087 740 llomae
1111 680 1169 741 XV
1190 679 1265 741 Kal.
1287 678 1412 756 Aprilis
1435 694 1524 740 auno
1548 681 1637 752 1227,
1660 682 1775 742 tumu-

119 775 243 847 mibus,
266 774 424 850 saxisque
446 790 490 835 ex
511 772 740 835 cacuminibus
759 775 919 835 montium
974 777 1071 853 loque
1092 777 1143 837 est
1161 776 1314 839 conditus
1338 776 1416 839 aute
1438 792 1531 839 aram
1554 779 1713 855 praesepis
1736 779 1774 841 in

119 872 337 937 inhabitatas
351 871 656 949 convallespassim
671 871 854 934 ruentibus.
974 874 1114 936 basilica
1145 876 1178 936 S.
1212 874 1330 936 Mariae
1361 875 1516 952 Majoris,
1547 876 1716 938 Friderico
1743 880 1774 939 Il

161 973 243 1032 cum
264 970 366 1046 igitur
386 969 421 1030 in
444 968 643 1031 Pontificatu
664 970 832 1045 exegisset
852 972 922 1031 ilo-
974 970 1175 1049 imperatore
1196 973 1348 1048 augusto.
1373 971 1422 1033 Ab
1444 974 1516 1050 eJus
1543 976 1655 1036 autem
1680 973 1773 1037 obitu

121 1068 239 1130 norius
255 1082 360 1128 annos
375 1067 500 1139 decem,
518 1083 648 1129 menses
673 1070 758 1139 octe,
784 1067 922 1129 ordina·
976 1070 1017 1130 ad
1047 1069 1251 1131 successoris
1276 1069 1540 1147 designationem
1569 1071 1640 1132 dies
1673 1072 1773 1134 unica

121 1167 295 1242 tionesque
311 1165 456 1243 quinque
477 1181 590 1227 mense
605 1164 777 1226 Decembri
795 1165 829 1226 et
844 1165 921 1227 aliis
976 1166 1175 1231 intercessit.
1198 1167 1383 1247 Honupnr,
1402 1171 1525 1232 Cltron.
1542 1170 1645 1231 Post.

122 1263 293 1326 mansibus
306 1261 486 1335 habuisset,
507 1262 625 1340 quibus
638 1262 796 1325 tredecim
812 1264 923 1324 cardi-

783 1581 1120 1597 m

340 1920 405 2006 hh
442 1917 606 2007 PRIMO
645 1918 866 2007 HONORlI
903 1918 964 2006 ΙΙΙ
1002 1917 1370 2006 PONTIFIOATUS
1406 1916 1549 2005 ANNO

165 2252 209 2310 Ab
237 2251 363 2310 historie
386 2253 571 2327 scriptoribus
596 2252 726 2327 quedam
760 2251 923 2322 mutuabor,
979 2251 1035 2308 viiia
1049 2258 1154 2309 terram
1172 2252 1346 2321 invaserant,
1360 2265 1431 2323 quos
1445 2257 1541 2308 tamen
1558 2249 1587 2306 ln
1605 2248 1720 2321 Campis
1731 2248 1775 2305 las
1872 2258 1893 2273 ·‘

124 2364 252 2421 quorum
277 2351 360 2423 copia
381 2351 436 2408 etsi
462 2351 583 2423 quisque
603 2352 693 2408 lector
716 2349 925 2408 eruditissimus
978 2348 1235 2407 Navasde'lolosa
1251 2363 1337 2422 reges
1356 2348 1613 2417 christianismo
1629 2347 1708 2414 1212,
1730 2346 1772 2403 vi·

127 2462 185 2503 non
202 2447 339 2520 indigeat,
356 2447 476 2506 dicanda
491 2456 586 2506 tamen
606 2448 747 2506 videntur.
766 2450 873 2506 Forsan
896 2455 924 2505 et
978 2454 1086 2504 corant.
1111 2447 1213 2519 sicque
1227 2444 1404 2520 temporibus
1426 2445 1584 2503 innocentii
1609 2446 1649 2503 lll
1664 2451 1693 2501 et
1713 2445 1772 2501 ilo·

124 2559 229 2601 rerum
245 2545 351 2617 peritos
364 2545 532 2603 meminisse
543 2544 664 2618 juvabit.
980 2543 1052 2600 norii
1065 2546 1116 2613 Ill,
1133 2544 1266 2602 idamite
1288 2543 1357 2601 hinc
1378 2542 1444 2600 inde
1459 2548 1628 2616 arroganter
1639 2556 1672 2599 se
1686 2555 1770 2614 gere-

161 2642 424 2712 lnnocentium-lll,
439 2642 556 2699 llonorli
567 2643 656 2699 nostri
669 2640 921 2715 predecessorem,
980 2640 1058 2698 bant.

127 2739 203 2795 inter
226 2739 400 2797 clarissimos
419 2754 476 2796 non
499 2746 607 2797 tanturn
622 2740 709 2809 viros,
724 2738 776 2797 sed
787 2739 924 2797 Ecclesia
1014 2740 1077 2795 lam
1099 2752 1167 2795 vero
1186 2737 1329 2796 ceciderat
1345 2737 1496 2810 imperium
1511 2733 1770 2809 Constantinopoli·

130 2834 294 2905 Pontifices,
310 2836 556 2894 annumerandum
569 2852 634 2894 esse
648 2851 733 2894 uerno
753 2843 846 2909 potest
869 2852 919 2894 ne·
979 2843 1088 2905 tenum,
1114 2850 1199 2908 qoem
1226 2850 1301 2894 auno
1321 2835 1390 2893 1203
1403 2835 1495 2892 Latini
1508 2840 1654 2907 ceperant.
1664 2833 1777 2891 Recens

127 2947 208 3006 gare.
222 2934 331 3006 Quippe
342 2934 390 3006 qui
406 2931 442 2990 ab
456 2934 525 3007 ipsis
544 2935 699 2992 coetaneis
712 2933 788 2992 hanc
807 2934 921 2992 laudern
980 2947 1048 2990 vero
1069 2933 1234 2991 Latinorum
1260 2932 1418 2989 dominatio
1439 2930 1475 2989 ad
1502 2931 1661 2989 subsidium
1683 2931 1778 2987 Terra

129 3038 276 3103 reportare
291 3031 924 3105 meruit.Nameitliigordus,quieotempore
980 3031 1091 3088 Sancte
1104 3045 1204 3103 parum
1219 3030 1306 3099 utilis,
1319 3038 1366 3088 aut
1379 3030 1498 3087 minima
1514 3028 1574 3086 luit.
1590 3031 1670 3087 Novo
1683 3028 1778 3100 potins

127 3126 225 3185 lloruit
240 3146 247 3186 :
266 3129 473 3187 ‹innocentius
488 3144 561 3203 papa
573 3130 728 3187 celebravit
743 3132 840 3186 Rome
855 3145 924 3186 con-
979 3127 1083 3185 exinde
1095 3127 1241 3186 obstacula
1253 3127 1426 3197 oriebantur,
1436 3127 1503 3185 dum
1515 3117 1629 3184 aliunde
1644 3126 1672 3182 in
1686 3124 1776 3183 Gallia

129 3225 245 3294 cilium,
270 3225 314 3283 uir
340 3225 410 3283 clari
431 3226 555 3299 ingenii,
579 3241 693 3300 magne
717 3226 873 3299 prohibetis
896 3235 925 3285 et
980 3226 1162 3301 Albigenses,
1178 3227 1207 3283 in
1223 3226 1341 3284 Livonia
1357 3225 1464 3299 pagani
1479 3232 1609 3283 recenter
1623 3224 1659 3282 ad
1679 3224 1776 3283 Chris·

129 3323 289 3394 sapientiae,
302 3323 349 3379 cui
369 3323 464 3381 nulius
482 3323 625 3381 secundus
637 3332 766 3397 tempore
787 3338 840 3381 suo
853 3346 878 3394 ι,
893 3326 926 3381 dc
979 3330 1040 3380 tum
1059 3323 1173 3382 adducti
1198 3323 1323 3396 pericula
1348 3324 1430 3396 quasi
1452 3324 1547 3381 civilia
1574 3321 1778 3396 provocabant.

129 3421 201 3476 (lest.
222 3420 298 3476 rttt.
314 3420 389 3490 sup.
402 3421 508 3477 l'ronc.
527 3436 584 3491 reg.
602 3423 637 3477 Et
649 3422 677 3478 S.
694 3422 857 3478 Antoninus
877 3437 922 3478 ar·

128 3515 327 3590 chiepiseopus
343 3518 521 3575 Florentinus
536 3534 543 3575 :
561 3539 573 3568 ι
591 3519 657 3575 Post
670 3518 819 3575 innumera
838 3533 924 3592 opera

129 3614 248 3688 egregia
259 3615 404 3683 virtutum,
421 3613 535 3672 demum
550 3614 634 3673 besto
650 3615 706 3672 ilne
718 3616 857 3687 quievit»,
870 3616 926 3674 An·

129 3718 201 3780 ton,
217 3719 288 3784 part.
304 3713 355 3780 ΙΙΙ,
369 3713 410 3769 tit.
423 3713 501 3781 lllll,
515 3727 540 3769 e.
559 3713 584 3768 Ι.
603 3710 658 3769 Sed
679 3720 708 3769 et
726 3711 846 3786 lugubre
861 3728 923 3770 car·

130 3821 197 3866 men
225 3824 240 3865 s
268 3808 409 3867 Richardo
428 3809 576 3880 insertum,
598 3809 660 3868 haec
674 3809 775 3880 tradit,
797 3811 878 3869 llicit.
894 3812 928 3867 de

130 3906 159 3963 S.
175 3907 268 3963 uem.
281 3906 391 3975 strom,
403 3921 450 3963 an.
468 3907 537 3964 1216
550 3925 557 3964 :

161 4065 228 4123 Noc
240 4066 345 4136 accede,
360 4067 429 4138 poia
447 4067 528 4124 cessit
546 4068 596 4136 sot,
611 4068 704 4138 lugent
718 4068 804 4137 orbis,

201 4156 237 4210 ln
249 4155 337 4211 medio
352 4156 433 4224 locis,
450 4156 543 4212 tomen
558 4156 656 4212 odiism
669 4171 762 4213 suom.

161 4242 328 4299 Lomsnodit
335 4243 927 4315 mundiorisdecessitpctcrlaooceotios:

202 4333 259 4387 lste
268 4336 353 4403 poter
367 4333 487 4390 tirones
502 4333 583 4389 Orbis
597 4338 670 4390 erat.

168 4490 224 4548 Sed
236 4491 318 4561 tales,
332 4506 420 4563 quum
432 4489 589 4550 dilllciliora
604 4491 709 4549 luerint
723 4499 862 4567 tempora,
876 4493 926 4551 be·

133 4589 223 4661 nigna
249 4590 301 4646 bei
327 4588 507 4647 Providentia
535 4589 609 4646 inter
635 4588 768 4647 homines
799 4592 926 4650 suscitat.

131 4688 213 4745 AEtas
231 4686 276 4742 illa
288 4693 349 4743 erat
361 4687 390 4743 in
404 4701 460 4759 qua
478 4688 638 4745 ierusalem
665 4688 767 4745 civitas
789 4687 841 4746 sub
856 4689 928 4762 jugo

131 4782 337 4857 Ayoubitarum
351 4783 497 4856 gemebat,
509 4799 608 4856 eiquo
617 4785 814 4859 Lusignanum
829 4801 927 4861 regern

132 4889 160 4939 et
177 4881 285 4938 militiae
306 4880 415 4952 Templi
437 4882 606 4953 magistrum
629 4881 778 4940 saladinus
800 4884 928 4956 captivos

131 4975 260 5035 duxerat.
274 4981 308 5035 lu
322 4977 445 5035 Orientis
458 4978 595 5050 partibus,
611 4979 770 5053 Temudjin,
786 4996 838 5038 sou
858 4982 929 5039 Gou-

132 5074 268 5149 gishhan,
280 5088 401 5148 regnum
419 5090 502 5132 suum
523 5089 538 5132 a
561 5090 641 5132 mare
661 5076 772 5134 Sinensl
788 5076 823 5133 sd
839 5093 928 5149 usque

132 5189 212 5231 mare
235 5174 357 5247 Nigrum
376 5172 552 5241 extenderat,
578 5174 626 5246 qui
650 5188 707 5230 non
724 5174 780 5231 nisi
797 5190 844 5231 sn.
860 5176 928 5233 1226

132 5272 260 5329 moritur.
288 5274 321 5328 ln
346 5268 454 5340 leonio,
479 5270 628 5339 Alneddin,
650 5286 666 5329 e
686 5270 927 5344 Seldjoucidarum

132 5383 241 5443 genere
266 5367 416 5441 regnabat,
433 5366 469 5424 ab
491 5382 567 5424 anno
582 5368 652 5425 1220
673 5367 708 5424 ad
724 5383 830 5425 annum
847 5370 925 5439 1237,

132 5467 180 5539 qui
193 5465 244 5523 luit
257 5465 344 5522 armis
357 5473 468 5538 potens,
477 5472 505 5522 et
514 5466 760 5537 Mesopotamiam,
772 5465 926 5540 Georgium

133 5580 168 5621 ac
191 5563 357 5623 Armeniam
376 5562 490 5620 devicit.
516 5564 547 5621 lu
568 5562 731 5632 Occidente,
746 5563 924 5635 Almohadae,

133 5678 168 5719 ox
183 5660 277 5720 Africa
291 5660 448 5730 venientes,
464 5658 590 5718 subactis
605 5660 806 5732 Almoravidis,
820 5662 922 5736 llispa·

980 3420 1024 3478 ad
1035 3428 1153 3477 externa
1166 3419 1241 3477 bella
1255 3419 1441 3494 adjiciebatur
1452 3419 1557 3477 bellum
1572 3420 1725 3477 internum.

1017 3518 1067 3575 ilis
1080 3532 1194 3590 quoque
1210 3518 1302 3587 annis,
1313 3518 1435 3574 societas
1443 3517 1534 3574 civilis
1545 3517 1633 3574 variis
1643 3515 1778 3585 motibus,
1896 3552 1900 3559 -

980 3615 1067 3672 variis
1089 3615 1118 3671 in
1144 3614 1225 3683 locis,
1249 3612 1420 3688 agitabatur.
1437 3614 1562 3683 Etenim,
1577 3627 1626 3669 rex
1638 3613 1776 3681 Francia,

980 3712 1127 3785 Philippus
1141 3713 1288 3785 Augustus
1298 3710 1484 3768 adversantes
1494 3711 1547 3768 sibl
1563 3709 1717 3768 Britanniae
1729 3724 1780 3767 ro·

981 3824 1063 3884 gem,
1088 3809 1291 3882 imperatorem
1324 3806 1485 3877 Othonem,
1516 3821 1630 3865 necnon
1657 3807 1779 3864 comites

982 3906 1121 3965 Flandrie
1141 3913 1170 3964 et
1193 3906 1328 3963 Bononia
1343 3906 1450 3979 insigni
1466 3904 1583 3962 victoria
1599 3904 1774 3979 (Boeotias),

982 4018 1057 4061 anno
1074 4004 1152 4073 1211,
1164 4002 1324 4077 fugaverat.
1337 4002 1391 4060 Sed
1402 4017 1468 4060 cum
1487 4001 1535 4059 illo
1551 4001 1695 4060 bellabant
1720 4001 1776 4058 iliae

981 4101 1211 4170 communitates,
1237 4116 1357 4173 quarum
1380 4114 1485 4157 nomen
1509 4098 1601 4157 luerat
1625 4106 1709 4157 antea
1729 4099 1776 4155 in·

981 4199 1129 4273 cognitum
1144 4198 1351 4256 etinauditum.
1368 4197 1435 4256 lllas
1460 4196 1522 4255 haee
1534 4197 1651 4255 victoria
1667 4194 1773 4254 contir-
1894 4214 1897 4221 ·

982 4296 1070 4353 mavit
1081 4296 1279 4369 solidavitque.
1293 4295 1377 4353 Anno
1390 4295 1531 4367 sequenti,
1545 4295 1624 4361 1215,
1637 4292 1711 4366 apud
1722 4293 1777 4350 An·
1893 4306 1898 4313 ·

982 4394 1057 4467 glos,
1072 4392 1195 4450 barones
1207 4400 1236 4449 et
1250 4393 1377 4465 episcopi
1396 4407 1412 4450 a
1432 4406 1501 4466 rege
1516 4394 1627 4449 loanne
1637 4393 1774 4463 liugnam

983 4490 1115 4550 Chartam
1142 4497 1318 4563 receperant.
1343 4493 1376 4548 ln
1400 4490 1480 4548 ltalia
1507 4503 1632 4561 quoquc,
1649 4488 1777 4560 plurimae

982 4587 1114 4646 civitates
1123 4594 1226 4646 statuta
1234 4586 1431 4645 condebantet
1438 4586 1602 4660 juramento
1615 4582 1776 4652 firmabant,

983 4700 1046 4758 que
1059 4686 1200 4743 Honorius
1220 4685 1283 4759 ipse
1296 4700 1355 4744 non
1384 4684 1474 4741 semel
1499 4697 1613 4756 prorsus
1636 4681 1713 4736 irrita
1726 4679 1776 4737 de·

983 4784 1113 4841 claravit.

1020 4883 1172 4949 Praeterea,
1188 4879 1263 4953 apud
1277 4881 1355 4954 ipsos
1369 4879 1451 4950 quasi
1467 4877 1591 4935 infantes
1604 4876 1777 4935 seditionum

984 4985 1079 5035 motus
1093 4976 1295 5050 praevalebant.
1313 4979 1344 5034 ln
1366 4991 1441 5033 anno
1463 4975 1542 5044 1215,
1563 4990 1716 5048 puerorum
1730 4976 1774 5033 vi·
1818 4966 1827 4983 '
1888 4958 1892 4965 ’

982 5076 1055 5149 giuti
1070 5076 1156 5133 millia
1171 5073 1319 5148 cujusdam
1342 5072 1441 5131 iacobi
1465 5072 1599 5130 monachi
1617 5088 1719 5129 vocem
1734 5087 1777 5131 se

983 5172 1151 5246 euehuntur,
1176 5173 1257 5244 quasi
1292 5172 1328 5228 ad
1356 5170 1514 5229 subsidium
1547 5172 1642 5228 Terre
1665 5171 1777 5229 Sancte

982 5272 1082 5344 parati.
1102 5271 1165 5340 Qui,
1188 5269 1247 5327 iere
1268 5270 1403 5339 universi,
1420 5269 1579 5327 miserrime
1600 5269 1776 5327 interierunt.

983 5369 1060 5427 ldem
1075 5368 1200 5427 lacobus
1221 5373 1320 5441 postea
1336 5367 1392 5425 dux
1407 5366 1585 5425 luititiorum
1600 5382 1672 5440 quos
1690 5381 1776 5423 voca·

981 5466 1049 5523 bant
1072 5467 1279 5523 Postosreona.
1294 5468 1379 5534 licus,
1404 5473 1435 5523 ut
1458 5464 1583 5533 aiebant,
1604 5463 1777 5537 superbisset

982 5563 1143 5637 potentibus
1164 5562 1248 5636 huius
1273 5562 1369 5620 seculi
1396 5570 1511 5637 propter
1536 5577 1635 5620 eorum
1657 5568 1774 5634 peecata

981 5669 1069 5735 negot
1092 5662 1259 5732 victoriam
1280 5675 1362 5735 ergo,
1377 5661 1456 5733 parvi
1472 5668 1499 5718 et
1511 5659 1648 5728 humiles,
1666 5656 1777 5733 ipsiquo
