<?xml version="1.0" encoding="UTF-8"?>
<!DOCTYPE html PUBLIC "-//W3C//DTD XHTML 1.0 Transitional//EN"
    "http://www.w3.org/TR/xhtml1/DTD/xhtml1-transitional.dtd">
<html xmlns="http://www.w3.org/1999/xhtml" xml:lang="en" lang="en">
 <head>
  <title>
</title>
<meta http-equiv="Content-Type" content="text/html;charset=utf-8" />
  <meta name='ocr-system' content='tesseract 3.04.00' />
  <meta name='ocr-capabilities' content='ocr_page ocr_carea ocr_par ocr_line ocrx_word'/>
</head>
<body>
  <div class='ocr_page' id='page_1' title='image "./mediiaevibiblio02horogoog/mediiaevibiblio02horogoog_0128.png"; bbox 0 0 3802 6166; ppageno 0'>
   <div class='ocr_carea' id='block_1_1' title="bbox 119 320 1778 388">
    <p class='ocr_par' dir='ltr' id='par_1_1' title="bbox 119 320 1778 388">
     <span class='ocr_line' id='line_1_1' title="bbox 119 320 1778 388; baseline -0.002 0"><span class='ocrx_word' id='word_1_1' title='bbox 119 325 181 388; x_wconf 82' lang='grc'><strong>209</strong></span> <span class='ocrx_word' id='word_1_2' title='bbox 380 322 498 385; x_wconf 82' lang='lat' dir='ltr'><strong>XVIII.-</strong></span> <span class='ocrx_word' id='word_1_3' title='bbox 515 352 553 367; x_wconf 92' lang='lat'><em>-</em></span> <span class='ocrx_word' id='word_1_4' title='bbox 567 320 613 386; x_wconf 85' lang='grc' dir='ltr'><strong>ΙΝ</strong></span> <span class='ocrx_word' id='word_1_5' title='bbox 634 320 888 385; x_wconf 74' lang='lat' dir='ltr'><strong>Narivlrarh</strong></span> <span class='ocrx_word' id='word_1_6' title='bbox 910 320 1059 382; x_wconf 74' lang='lat' dir='ltr'><strong>sancii</strong></span> <span class='ocrx_word' id='word_1_7' title='bbox 1079 320 1257 383; x_wconf 74' lang='lat' dir='ltr'><strong>tonitrus</strong></span> <span class='ocrx_word' id='word_1_8' title='bbox 1278 321 1508 385; x_wconf 80' lang='lat' dir='ltr'><strong>BAPTIS&#39;I&#39;AE.</strong></span> <span class='ocrx_word' id='word_1_9' title='bbox 1708 322 1778 386; x_wconf 78' lang='grc' dir='ltr'><strong>21οτ</strong></span> 
     </span>
    </p>
   </div>
   <div class='ocr_carea' id='block_1_2' title="bbox 119 479 1774 4182">
    <p class='ocr_par' dir='ltr' id='par_1_2' title="bbox 119 479 1774 4182">
     <span class='ocr_line' id='line_1_2' title="bbox 119 479 1767 563; baseline -0.003 -14"><span class='ocrx_word' id='word_1_10' title='bbox 119 486 166 549; x_wconf 89' lang='lat' dir='ltr'><strong>tia</strong></span> <span class='ocrx_word' id='word_1_11' title='bbox 180 481 399 562; x_wconf 73' lang='lat' dir='ltr'><strong>virginitatis,</strong></span> <span class='ocrx_word' id='word_1_12' title='bbox 426 481 571 546; x_wconf 87' lang='lat' dir='ltr'><strong>secundo</strong></span> <span class='ocrx_word' id='word_1_13' title='bbox 589 498 650 563; x_wconf 85' lang='lat' dir='ltr'><strong>pro</strong></span> <span class='ocrx_word' id='word_1_14' title='bbox 673 482 817 561; x_wconf 84' lang='lat' dir='ltr'><strong>puritate</strong></span> <span class='ocrx_word' id='word_1_15' title='bbox 836 496 918 544; x_wconf 90' lang='lat' dir='ltr'><strong>con·</strong></span> <span class='ocrx_word' id='word_1_16' title='bbox 970 479 1104 558; x_wconf 89' lang='lat' dir='ltr'><strong>tempsit</strong></span> <span class='ocrx_word' id='word_1_17' title='bbox 1115 480 1264 555; x_wconf 90' lang='lat' dir='ltr'><strong>delicias,</strong></span> <span class='ocrx_word' id='word_1_18' title='bbox 1286 481 1412 559; x_wconf 83' lang='lat' dir='ltr'><strong>sprevit</strong></span> <span class='ocrx_word' id='word_1_19' title='bbox 1427 482 1555 560; x_wconf 87' lang='lat' dir='ltr'><strong>epulas,</strong></span> <span class='ocrx_word' id='word_1_20' title='bbox 1577 482 1610 545; x_wconf 88' lang='grc' dir='ltr'><strong>θῖ</strong></span> <span class='ocrx_word' id='word_1_21' title='bbox 1627 482 1767 545; x_wconf 79' lang='lat' dir='ltr'><strong>evitavit</strong></span> 
     </span>
     <span class='ocr_line' id='line_1_3' title="bbox 119 577 1767 660; baseline -0.001 -17"><span class='ocrx_word' id='word_1_22' title='bbox 119 581 343 655; x_wconf 79' lang='lat' dir='ltr'><strong>versationis,</strong></span> <span class='ocrx_word' id='word_1_23' title='bbox 379 581 412 643; x_wconf 92' lang='lat' dir='ltr'><strong>et</strong></span> <span class='ocrx_word' id='word_1_24' title='bbox 436 582 536 643; x_wconf 89' lang='lat' dir='ltr'><strong>tertio</strong></span> <span class='ocrx_word' id='word_1_25' title='bbox 560 597 619 660; x_wconf 94' lang='lat' dir='ltr'><strong>pro</strong></span> <span class='ocrx_word' id='word_1_26' title='bbox 636 580 776 644; x_wconf 79' lang='lat' dir='ltr'><strong>veritate</strong></span> <span class='ocrx_word' id='word_1_27' title='bbox 791 595 919 641; x_wconf 91' lang='lat' dir='ltr'><strong>annun·</strong></span> <span class='ocrx_word' id='word_1_28' title='bbox 972 577 1154 641; x_wconf 82' lang='lat' dir='ltr'><strong>illecebras.</strong></span> <span class='ocrx_word' id='word_1_29' title='bbox 1180 581 1308 653; x_wconf 88' lang='lat' dir='ltr'><strong>Castus,</strong></span> <span class='ocrx_word' id='word_1_30' title='bbox 1338 580 1480 654; x_wconf 88' lang='lat' dir='ltr'><strong>sobrius,</strong></span> <span class='ocrx_word' id='word_1_31' title='bbox 1508 580 1681 657; x_wconf 88' lang='lat' dir='ltr'><strong>benignus,</strong></span> <span class='ocrx_word' id='word_1_32' title='bbox 1704 597 1767 658; x_wconf 92' lang='lat' dir='ltr'><strong>pa-</strong></span> 
     </span>
     <span class='ocr_line' id='line_1_4' title="bbox 119 676 1769 756; baseline -0.002 -14"><span class='ocrx_word' id='word_1_33' title='bbox 119 679 282 742; x_wconf 90' lang='lat' dir='ltr'><strong>tiationis.</strong></span> <span class='ocrx_word' id='word_1_34' title='bbox 308 682 374 741; x_wconf 87' lang='lat' dir='ltr'><strong>Pro</strong></span> <span class='ocrx_word' id='word_1_35' title='bbox 416 679 579 741; x_wconf 80' lang='lat' dir='ltr'>munditia</span> <span class='ocrx_word' id='word_1_36' title='bbox 609 677 822 755; x_wconf 79' lang='lat' dir='ltr'><strong>virginitatis,</strong></span> <span class='ocrx_word' id='word_1_37' title='bbox 839 676 916 753; x_wconf 88' lang='lat' dir='ltr'><strong>quia</strong></span> <span class='ocrx_word' id='word_1_38' title='bbox 971 677 1057 738; x_wconf 91' lang='lat' dir='ltr'><strong>tiens</strong></span> <span class='ocrx_word' id='word_1_39' title='bbox 1072 679 1104 739; x_wconf 90' lang='lat' dir='ltr'><strong>et</strong></span> <span class='ocrx_word' id='word_1_40' title='bbox 1123 678 1302 747; x_wconf 88' lang='lat' dir='ltr'><strong>modestus,</strong></span> <span class='ocrx_word' id='word_1_41' title='bbox 1325 679 1382 756; x_wconf 88' lang='lat' dir='ltr'><strong>qui</strong></span> <span class='ocrx_word' id='word_1_42' title='bbox 1401 680 1533 740; x_wconf 92' lang='lat' dir='ltr'><strong>domum</strong></span> <span class='ocrx_word' id='word_1_43' title='bbox 1551 695 1625 741; x_wconf 89' lang='lat' dir='ltr'><strong>cum</strong></span> <span class='ocrx_word' id='word_1_44' title='bbox 1643 678 1769 740; x_wconf 85' lang='lat' dir='ltr'><strong>divitiis</strong></span> 
     </span>
     <span class='ocr_line' id='line_1_5' title="bbox 119 774 1768 854; baseline -0.001 -15"><span class='ocrx_word' id='word_1_45' title='bbox 119 776 269 854; x_wconf 81' lang='lat' dir='ltr'><strong>uirgines</strong></span> <span class='ocrx_word' id='word_1_46' title='bbox 292 775 421 853; x_wconf 82' lang='lat' dir='ltr'><strong>angelis</strong></span> <span class='ocrx_word' id='word_1_47' title='bbox 443 777 521 838; x_wconf 90' lang='lat' dir='ltr'><strong>sunt</strong></span> <span class='ocrx_word' id='word_1_48' title='bbox 539 776 676 848; x_wconf 88' lang='lat' dir='ltr'><strong>similes,</strong></span> <span class='ocrx_word' id='word_1_49' title='bbox 698 775 784 837; x_wconf 90' lang='lat' dir='ltr'><strong>sicut</strong></span> <span class='ocrx_word' id='word_1_50' title='bbox 800 774 916 835; x_wconf 88' lang='lat' dir='ltr'><strong>Domi·</strong></span> <span class='ocrx_word' id='word_1_51' title='bbox 972 774 1159 853; x_wconf 85' lang='lat' dir='ltr'>dereliquit,</span> <span class='ocrx_word' id='word_1_52' title='bbox 1188 791 1336 837; x_wconf 88' lang='lat' dir='ltr'><strong>eremum</strong></span> <span class='ocrx_word' id='word_1_53' title='bbox 1362 792 1440 839; x_wconf 82' lang='lat' dir='ltr'><strong>vero</strong></span> <span class='ocrx_word' id='word_1_54' title='bbox 1473 793 1548 838; x_wconf 91' lang='lat' dir='ltr'><strong>cum</strong></span> <span class='ocrx_word' id='word_1_55' title='bbox 1574 778 1768 854; x_wconf 89' lang='lat' dir='ltr'><strong>paupertate</strong></span> 
     </span>
     <span class='ocr_line' id='line_1_6' title="bbox 119 872 1765 952; baseline -0.001 -16"><span class='ocrx_word' id='word_1_56' title='bbox 119 891 181 936; x_wconf 89' lang='lat' dir='ltr'><strong>nus</strong></span> <span class='ocrx_word' id='word_1_57' title='bbox 206 874 290 936; x_wconf 92' lang='lat' dir='ltr'><strong>dicit</strong></span> <span class='ocrx_word' id='word_1_58' title='bbox 313 874 347 935; x_wconf 94' lang='lat' dir='ltr'><strong>in</strong></span> <span class='ocrx_word' id='word_1_59' title='bbox 367 875 570 951; x_wconf 86' lang='lat' dir='ltr'><strong>Evangelio:</strong></span> <span class='ocrx_word' id='word_1_60' title='bbox 594 879 637 936; x_wconf 91' lang='lat' dir='ltr'><strong>In</strong></span> <span class='ocrx_word' id='word_1_61' title='bbox 660 874 917 936; x_wconf 75' lang='lat' dir='ltr'><strong>resurrectione</strong></span> <span class='ocrx_word' id='word_1_62' title='bbox 971 873 1136 952; x_wconf 86' lang='lat' dir='ltr'><strong>quaesivit,</strong></span> <span class='ocrx_word' id='word_1_63' title='bbox 1153 874 1262 937; x_wconf 89' lang='lat' dir='ltr'><strong>noluit</strong></span> <span class='ocrx_word' id='word_1_64' title='bbox 1276 874 1461 937; x_wconf 90' lang='lat' dir='ltr'><strong>sacerdotio</strong></span> <span class='ocrx_word' id='word_1_65' title='bbox 1477 875 1570 952; x_wconf 85' lang='lat' dir='ltr'><strong>iungi</strong></span> <span class='ocrx_word' id='word_1_66' title='bbox 1587 891 1646 952; x_wconf 91' lang='lat' dir='ltr'><strong>pro</strong></span> <span class='ocrx_word' id='word_1_67' title='bbox 1661 872 1765 952; x_wconf 88' lang='lat' dir='ltr'><strong>patre,</strong></span> 
     </span>
     <span class='ocr_line' id='line_1_7' title="bbox 119 969 1770 1051; baseline -0.001 -16"><span class='ocrx_word' id='word_1_68' title='bbox 119 988 229 1048; x_wconf 79' lang='lat' dir='ltr'><strong>nepae</strong></span> <span class='ocrx_word' id='word_1_69' title='bbox 255 972 382 1034; x_wconf 77' lang='lat' dir='ltr'><strong>arabant</strong></span> <span class='ocrx_word' id='word_1_70' title='bbox 401 988 510 1047; x_wconf 77' lang='lat' dir='ltr'><strong>neque</strong></span> <span class='ocrx_word' id='word_1_71' title='bbox 529 972 712 1043; x_wconf 73' lang='lat' dir='ltr'><strong><em>nubentur,</em></strong></span> <span class='ocrx_word' id='word_1_72' title='bbox 728 973 788 1033; x_wconf 86' lang='lat' dir='ltr'><strong>sed</strong></span> <span class='ocrx_word' id='word_1_73' title='bbox 813 969 917 1032; x_wconf 72' lang='lat' dir='ltr'><strong>errarit</strong></span> <span class='ocrx_word' id='word_1_74' title='bbox 972 975 1007 1033; x_wconf 88' lang='lat' dir='ltr'><strong>ut</strong></span> <span class='ocrx_word' id='word_1_75' title='bbox 1022 972 1244 1034; x_wconf 89' lang='lat' dir='ltr'><strong>sacerdotales</strong></span> <span class='ocrx_word' id='word_1_76' title='bbox 1264 974 1298 1035; x_wconf 86' lang='grc' dir='ltr'><strong>θῖ</strong></span> <span class='ocrx_word' id='word_1_77' title='bbox 1315 972 1439 1050; x_wconf 86' lang='lat' dir='ltr'><strong>legales</strong></span> <span class='ocrx_word' id='word_1_78' title='bbox 1458 974 1637 1051; x_wconf 86' lang='lat' dir='ltr'><strong>proventus</strong></span> <span class='ocrx_word' id='word_1_79' title='bbox 1659 972 1770 1051; x_wconf 88' lang='lat' dir='ltr'><strong>perci-</strong></span> 
     </span>
     <span class='ocr_line' id='line_1_8' title="bbox 120 1066 1768 1149; baseline 0 -16"><span class='ocrx_word' id='word_1_80' title='bbox 120 1070 208 1133; x_wconf 82' lang='lat' dir='ltr'><strong>sicui</strong></span> <span class='ocrx_word' id='word_1_81' title='bbox 230 1073 344 1146; x_wconf 66' lang='lat' dir='ltr'><strong>anapoli</strong></span> <span class='ocrx_word' id='word_1_82' title='bbox 361 1072 425 1131; x_wconf 82' lang='lat' dir='ltr'><strong>Dei</strong></span> <span class='ocrx_word' id='word_1_83' title='bbox 439 1072 476 1131; x_wconf 80' lang='lat' dir='ltr'><strong>tn</strong></span> <span class='ocrx_word' id='word_1_84' title='bbox 495 1076 576 1133; x_wconf 86' lang='lat' dir='ltr'><strong>eoeio</strong></span> <span class='ocrx_word' id='word_1_85' title='bbox 595 1068 725 1148; x_wconf 85' lang='lat' dir='ltr'><strong>(Matth.</strong></span> <span class='ocrx_word' id='word_1_86' title='bbox 746 1082 831 1139; x_wconf 84' lang='lat' dir='ltr'><strong>xxn,</strong></span> <span class='ocrx_word' id='word_1_87' title='bbox 852 1066 915 1146; x_wconf 88' lang='lat'><strong>10).</strong></span> <span class='ocrx_word' id='word_1_88' title='bbox 972 1072 1074 1147; x_wconf 88' lang='lat' dir='ltr'><strong>peret,</strong></span> <span class='ocrx_word' id='word_1_89' title='bbox 1091 1071 1295 1148; x_wconf 87' lang='lat' dir='ltr'><strong>quoniamut</strong></span> <span class='ocrx_word' id='word_1_90' title='bbox 1309 1088 1411 1133; x_wconf 92' lang='lat' dir='ltr'><strong>unum</strong></span> <span class='ocrx_word' id='word_1_91' title='bbox 1422 1072 1598 1149; x_wconf 87' lang='lat' dir='ltr'><strong>acciperet,</strong></span> <span class='ocrx_word' id='word_1_92' title='bbox 1611 1071 1768 1133; x_wconf 84' lang='lat' dir='ltr'><strong>universa</strong></span> 
     </span>
     <span class='ocr_line' id='line_1_9' title="bbox 121 1166 1108 1245; baseline -0.002 -15"><span class='ocrx_word' id='word_1_93' title='bbox 121 1170 258 1245; x_wconf 85' lang='lat' dir='ltr'>Semper</span> <span class='ocrx_word' id='word_1_94' title='bbox 270 1169 321 1230; x_wconf 93' lang='grc' dir='ltr'><strong>θεῖ</strong></span> <span class='ocrx_word' id='word_1_95' title='bbox 336 1167 425 1229; x_wconf 92' lang='lat' dir='ltr'><strong>enim</strong></span> <span class='ocrx_word' id='word_1_96' title='bbox 438 1167 566 1245; x_wconf 87' lang='lat' dir='ltr'><strong>angelis</strong></span> <span class='ocrx_word' id='word_1_97' title='bbox 580 1167 714 1244; x_wconf 88' lang='lat' dir='ltr'><strong>cognita</strong></span> <span class='ocrx_word' id='word_1_98' title='bbox 726 1166 915 1243; x_wconf 83' lang='lat' dir='ltr'><strong>virginitas.</strong></span> <span class='ocrx_word' id='word_1_99' title='bbox 972 1167 1108 1230; x_wconf 82' lang='lat' dir='ltr'><strong>dimisit.</strong></span> 
     </span>
     <span class='ocr_line' id='line_1_10' title="bbox 120 1264 1769 1346; baseline 0.002 -21"><span class='ocrx_word' id='word_1_100' title='bbox 120 1283 137 1325; x_wconf 76' lang='lat' dir='ltr'><strong>a</strong></span> <span class='ocrx_word' id='word_1_101' title='bbox 156 1267 244 1328; x_wconf 90' lang='lat' dir='ltr'><strong>Nam</strong></span> <span class='ocrx_word' id='word_1_102' title='bbox 255 1265 290 1328; x_wconf 91' lang='lat' dir='ltr'><strong>in</strong></span> <span class='ocrx_word' id='word_1_103' title='bbox 306 1281 417 1339; x_wconf 90' lang='lat' dir='ltr'><strong>carne,</strong></span> <span class='ocrx_word' id='word_1_104' title='bbox 434 1267 471 1328; x_wconf 91' lang='lat' dir='ltr'><strong>ut</strong></span> <span class='ocrx_word' id='word_1_105' title='bbox 484 1266 705 1344; x_wconf 85' lang='lat' dir='ltr'><strong>Hieronymus</strong></span> <span class='ocrx_word' id='word_1_106' title='bbox 720 1264 779 1337; x_wconf 89' lang='lat' dir='ltr'><strong>ait,</strong></span> <span class='ocrx_word' id='word_1_107' title='bbox 798 1264 919 1342; x_wconf 75' lang='lat' dir='ltr'><strong>prater</strong></span> <span class='ocrx_word' id='word_1_108' title='bbox 1013 1266 1177 1343; x_wconf 88' lang='lat' dir='ltr'><strong>Scriptum</strong></span> <span class='ocrx_word' id='word_1_109' title='bbox 1191 1268 1241 1329; x_wconf 88' lang='grc' dir='ltr'><strong>θεῖ</strong></span> <span class='ocrx_word' id='word_1_110' title='bbox 1254 1266 1374 1345; x_wconf 90' lang='lat' dir='ltr'><strong>quippe</strong></span> <span class='ocrx_word' id='word_1_111' title='bbox 1388 1267 1428 1329; x_wconf 87' lang='lat' dir='ltr'><strong>de</strong></span> <span class='ocrx_word' id='word_1_112' title='bbox 1440 1267 1509 1340; x_wconf 90' lang='lat' dir='ltr'><strong>illo,</strong></span> <span class='ocrx_word' id='word_1_113' title='bbox 1524 1267 1609 1346; x_wconf 92' lang='lat' dir='ltr'><strong>quod</strong></span> <span class='ocrx_word' id='word_1_114' title='bbox 1625 1265 1769 1328; x_wconf 88' lang='lat' dir='ltr'><strong>habebat</strong></span> 
     </span>
     <span class='ocr_line' id='line_1_11' title="bbox 120 1361 1768 1444; baseline -0.001 -18"><span class='ocrx_word' id='word_1_115' title='bbox 120 1380 254 1426; x_wconf 88' lang='lat' dir='ltr'><strong>carnem</strong></span> <span class='ocrx_word' id='word_1_116' title='bbox 268 1364 395 1437; x_wconf 79' lang='lat' dir='ltr'><strong>rivere,</strong></span> <span class='ocrx_word' id='word_1_117' title='bbox 409 1363 506 1437; x_wconf 89' lang='lat' dir='ltr'><strong>idest,</strong></span> <span class='ocrx_word' id='word_1_118' title='bbox 521 1363 651 1441; x_wconf 85' lang='lat' dir='ltr'><strong>quando</strong></span> <span class='ocrx_word' id='word_1_119' title='bbox 666 1363 764 1424; x_wconf 90' lang='lat' dir='ltr'><strong>homo</strong></span> <span class='ocrx_word' id='word_1_120' title='bbox 781 1377 847 1422; x_wconf 93' lang='lat' dir='ltr'><strong>non</strong></span> <span class='ocrx_word' id='word_1_121' title='bbox 861 1361 916 1423; x_wconf 87' lang='lat' dir='ltr'><strong>ia·</strong></span> <span class='ocrx_word' id='word_1_122' title='bbox 971 1364 1204 1427; x_wconf 86' lang='lat' dir='ltr'><strong>vestimentum</strong></span> <span class='ocrx_word' id='word_1_123' title='bbox 1217 1365 1258 1427; x_wconf 92' lang='lat' dir='ltr'><strong>de</strong></span> <span class='ocrx_word' id='word_1_124' title='bbox 1272 1366 1350 1444; x_wconf 91' lang='lat' dir='ltr'><strong>pilis</strong></span> <span class='ocrx_word' id='word_1_125' title='bbox 1366 1366 1581 1438; x_wconf 88' lang='lat' dir='ltr'><strong>camelorum,</strong></span> <span class='ocrx_word' id='word_1_126' title='bbox 1598 1366 1631 1427; x_wconf 91' lang='grc' dir='ltr'><strong>θῖ</strong></span> <span class='ocrx_word' id='word_1_127' title='bbox 1650 1380 1768 1426; x_wconf 88' lang='lat' dir='ltr'><strong>zonam</strong></span> 
     </span>
     <span class='ocr_line' id='line_1_12' title="bbox 120 1459 1768 1539; baseline -0.001 -15"><span class='ocrx_word' id='word_1_128' title='bbox 120 1463 162 1524; x_wconf 93' lang='lat' dir='ltr'><strong>cit</strong></span> <span class='ocrx_word' id='word_1_129' title='bbox 177 1461 385 1525; x_wconf 76' lang='lat' dir='ltr'><strong>uoluntatem</strong></span> <span class='ocrx_word' id='word_1_130' title='bbox 406 1478 513 1535; x_wconf 92' lang='lat' dir='ltr'><strong>suam,</strong></span> <span class='ocrx_word' id='word_1_131' title='bbox 541 1462 598 1524; x_wconf 89' lang='lat' dir='ltr'><strong>sed</strong></span> <span class='ocrx_word' id='word_1_132' title='bbox 624 1460 829 1524; x_wconf 84' lang='lat' dir='ltr'><strong>voluntatem</strong></span> <span class='ocrx_word' id='word_1_133' title='bbox 845 1459 916 1528; x_wconf 86' lang='lat' dir='ltr'><strong>Dei,</strong></span> <span class='ocrx_word' id='word_1_134' title='bbox 973 1462 1145 1539; x_wconf 84' lang='lat' dir='ltr'><strong>pelliceam</strong></span> <span class='ocrx_word' id='word_1_135' title='bbox 1174 1464 1264 1525; x_wconf 87' lang='lat' dir='ltr'><strong>circa</strong></span> <span class='ocrx_word' id='word_1_136' title='bbox 1288 1462 1416 1525; x_wconf 90' lang='lat' dir='ltr'><strong>lumbos</strong></span> <span class='ocrx_word' id='word_1_137' title='bbox 1436 1480 1525 1525; x_wconf 91' lang='lat' dir='ltr'><strong>suos.</strong></span> <span class='ocrx_word' id='word_1_138' title='bbox 1548 1466 1632 1524; x_wconf 90' lang='lat' dir='ltr'><strong>Esca</strong></span> <span class='ocrx_word' id='word_1_139' title='bbox 1658 1465 1768 1524; x_wconf 90' lang='lat' dir='ltr'><strong>autem</strong></span> 
     </span>
     <span class='ocr_line' id='line_1_13' title="bbox 121 1557 1768 1636; baseline 0 -15"><span class='ocrx_word' id='word_1_140' title='bbox 121 1576 184 1621; x_wconf 92' lang='lat' dir='ltr'><strong>non</strong></span> <span class='ocrx_word' id='word_1_141' title='bbox 214 1559 399 1621; x_wconf 89' lang='lat' dir='ltr'><strong>humanum</strong></span> <span class='ocrx_word' id='word_1_142' title='bbox 423 1560 484 1632; x_wconf 92' lang='grc' dir='ltr'>θεῖ,</span> <span class='ocrx_word' id='word_1_143' title='bbox 499 1559 556 1622; x_wconf 91' lang='lat' dir='ltr'><strong>sed</strong></span> <span class='ocrx_word' id='word_1_144' title='bbox 582 1559 812 1636; x_wconf 83' lang='lat' dir='ltr'><strong>angelicum.»</strong></span> <span class='ocrx_word' id='word_1_145' title='bbox 838 1557 919 1629; x_wconf 89' lang='lat' dir='ltr'><strong>Qui·</strong></span> <span class='ocrx_word' id='word_1_146' title='bbox 972 1561 1068 1622; x_wconf 89' lang='lat' dir='ltr'><strong>erant</strong></span> <span class='ocrx_word' id='word_1_147' title='bbox 1082 1561 1218 1623; x_wconf 87' lang='lat' dir='ltr'><strong>locusiae</strong></span> <span class='ocrx_word' id='word_1_148' title='bbox 1230 1562 1262 1623; x_wconf 93' lang='lat' dir='ltr'><strong>et</strong></span> <span class='ocrx_word' id='word_1_149' title='bbox 1278 1561 1341 1622; x_wconf 91' lang='lat' dir='ltr'><strong>mel</strong></span> <span class='ocrx_word' id='word_1_150' title='bbox 1352 1561 1517 1623; x_wconf 85' lang='lat' dir='ltr'><strong>silvestre.</strong></span> <span class='ocrx_word' id='word_1_151' title='bbox 1532 1564 1596 1622; x_wconf 90' lang='lat' dir='ltr'><strong>Per</strong></span> <span class='ocrx_word' id='word_1_152' title='bbox 1606 1561 1768 1622; x_wconf 89' lang='lat' dir='ltr'><strong>locustam</strong></span> 
     </span>
     <span class='ocr_line' id='line_1_14' title="bbox 123 1655 1771 1736; baseline 0 -17"><span class='ocrx_word' id='word_1_153' title='bbox 123 1674 264 1735; x_wconf 86' lang='lat' dir='ltr'><strong>cumque</strong></span> <span class='ocrx_word' id='word_1_154' title='bbox 279 1656 350 1719; x_wconf 84' lang='lat' dir='ltr'><strong>vult</strong></span> <span class='ocrx_word' id='word_1_155' title='bbox 370 1673 485 1719; x_wconf 86' lang='lat' dir='ltr'><strong>veram</strong></span> <span class='ocrx_word' id='word_1_156' title='bbox 500 1656 697 1719; x_wconf 91' lang='lat' dir='ltr'><strong>munditiam</strong></span> <span class='ocrx_word' id='word_1_157' title='bbox 716 1655 918 1732; x_wconf 84' lang='lat' dir='ltr'><strong>virginitatis</strong></span> <span class='ocrx_word' id='word_1_158' title='bbox 972 1657 1129 1719; x_wconf 87' lang='lat' dir='ltr'><strong>debemus</strong></span> <span class='ocrx_word' id='word_1_159' title='bbox 1158 1658 1345 1735; x_wconf 86' lang='lat' dir='ltr'><strong>intelligere</strong></span> <span class='ocrx_word' id='word_1_160' title='bbox 1373 1659 1532 1736; x_wconf 90' lang='lat' dir='ltr'><strong>gaudium</strong></span> <span class='ocrx_word' id='word_1_161' title='bbox 1565 1658 1771 1735; x_wconf 88' lang='lat' dir='ltr'><strong>contempla-</strong></span> 
     </span>
     <span class='ocr_line' id='line_1_15' title="bbox 123 1754 1771 1834; baseline 0 -18"><span class='ocrx_word' id='word_1_162' title='bbox 123 1755 248 1817; x_wconf 89' lang='lat' dir='ltr'><strong>habere</strong></span> <span class='ocrx_word' id='word_1_163' title='bbox 261 1756 297 1816; x_wconf 92' lang='lat' dir='ltr'><strong>in</strong></span> <span class='ocrx_word' id='word_1_164' title='bbox 317 1755 417 1818; x_wconf 87' lang='lat' dir='ltr'><strong>corde</strong></span> <span class='ocrx_word' id='word_1_165' title='bbox 433 1772 505 1829; x_wconf 90' lang='lat' dir='ltr'><strong>suo,</strong></span> <span class='ocrx_word' id='word_1_166' title='bbox 526 1755 668 1833; x_wconf 90' lang='lat' dir='ltr'><strong>accipiat</strong></span> <span class='ocrx_word' id='word_1_167' title='bbox 681 1770 797 1816; x_wconf 92' lang='lat' dir='ltr'><strong>zonam</strong></span> <span class='ocrx_word' id='word_1_168' title='bbox 818 1754 918 1830; x_wconf 90' lang='lat' dir='ltr'><strong>pelli·</strong></span> <span class='ocrx_word' id='word_1_169' title='bbox 973 1756 1084 1817; x_wconf 91' lang='lat' dir='ltr'><strong>tionis.</strong></span> <span class='ocrx_word' id='word_1_170' title='bbox 1102 1759 1167 1818; x_wconf 91' lang='lat' dir='ltr'><strong>Pro</strong></span> <span class='ocrx_word' id='word_1_171' title='bbox 1193 1773 1232 1819; x_wconf 90' lang='lat' dir='ltr'><strong>eo</strong></span> <span class='ocrx_word' id='word_1_172' title='bbox 1255 1757 1340 1834; x_wconf 88' lang='lat' dir='ltr'><strong>quod</strong></span> <span class='ocrx_word' id='word_1_173' title='bbox 1361 1758 1527 1819; x_wconf 92' lang='lat' dir='ltr'><strong>modicum</strong></span> <span class='ocrx_word' id='word_1_174' title='bbox 1551 1757 1643 1819; x_wconf 84' lang='lat' dir='ltr'><strong>volat</strong></span> <span class='ocrx_word' id='word_1_175' title='bbox 1661 1756 1694 1818; x_wconf 90' lang='grc' dir='ltr'><strong>θῖ</strong></span> <span class='ocrx_word' id='word_1_176' title='bbox 1713 1755 1771 1817; x_wconf 89' lang='lat' dir='ltr'><strong>dat</strong></span> 
     </span>
     <span class='ocr_line' id='line_1_16' title="bbox 123 1852 1770 1931; baseline -0.001 -16"><span class='ocrx_word' id='word_1_177' title='bbox 123 1870 214 1915; x_wconf 87' lang='lat' dir='ltr'><strong>ceam</strong></span> <span class='ocrx_word' id='word_1_178' title='bbox 236 1854 277 1915; x_wconf 91' lang='lat' dir='ltr'><strong>de</strong></span> <span class='ocrx_word' id='word_1_179' title='bbox 301 1853 422 1915; x_wconf 93' lang='lat' dir='ltr'><strong>lumbis</strong></span> <span class='ocrx_word' id='word_1_180' title='bbox 451 1854 602 1925; x_wconf 80' lang='lat' dir='ltr'><strong>ioannis,</strong></span> <span class='ocrx_word' id='word_1_181' title='bbox 627 1853 723 1915; x_wconf 89' lang='lat' dir='ltr'><strong>tollat</strong></span> <span class='ocrx_word' id='word_1_182' title='bbox 750 1852 918 1927; x_wconf 83' lang='lat' dir='ltr'><strong>cingulum</strong></span> <span class='ocrx_word' id='word_1_183' title='bbox 973 1853 1090 1916; x_wconf 83' lang='lat' dir='ltr'><strong>breves</strong></span> <span class='ocrx_word' id='word_1_184' title='bbox 1105 1855 1221 1928; x_wconf 89' lang='lat' dir='ltr'><strong>saltus,</strong></span> <span class='ocrx_word' id='word_1_185' title='bbox 1237 1855 1362 1917; x_wconf 89' lang='lat' dir='ltr'><strong>idcirco</strong></span> <span class='ocrx_word' id='word_1_186' title='bbox 1377 1855 1534 1917; x_wconf 89' lang='lat' dir='ltr'><strong>debemus</strong></span> <span class='ocrx_word' id='word_1_187' title='bbox 1545 1852 1770 1931; x_wconf 87' lang='lat' dir='ltr'><strong>contemplare</strong></span> 
     </span>
     <span class='ocr_line' id='line_1_17' title="bbox 123 1950 1771 2030; baseline -0.001 -17"><span class='ocrx_word' id='word_1_188' title='bbox 123 1952 284 2014; x_wconf 88' lang='lat' dir='ltr'><strong>castitatis</strong></span> <span class='ocrx_word' id='word_1_189' title='bbox 300 1951 340 2013; x_wconf 94' lang='lat' dir='ltr'><strong>de</strong></span> <span class='ocrx_word' id='word_1_190' title='bbox 350 1951 485 2013; x_wconf 90' lang='lat' dir='ltr'><strong>renibus</strong></span> <span class='ocrx_word' id='word_1_191' title='bbox 492 1950 626 2028; x_wconf 90' lang='lat' dir='ltr'><strong>Joseph,</strong></span> <span class='ocrx_word' id='word_1_192' title='bbox 638 1951 750 2012; x_wconf 88' lang='lat' dir='ltr'><strong>teneat</strong></span> <span class='ocrx_word' id='word_1_193' title='bbox 763 1950 918 2027; x_wconf 84' lang='lat' dir='ltr'><strong>papulum</strong></span> <span class='ocrx_word' id='word_1_194' title='bbox 973 1952 1133 2014; x_wconf 88' lang='lat' dir='ltr'><strong>coelestia.</strong></span> <span class='ocrx_word' id='word_1_195' title='bbox 1154 1955 1220 2015; x_wconf 91' lang='lat' dir='ltr'><strong>Per</strong></span> <span class='ocrx_word' id='word_1_196' title='bbox 1239 1953 1303 2015; x_wconf 88' lang='lat' dir='ltr'><strong>mel</strong></span> <span class='ocrx_word' id='word_1_197' title='bbox 1320 1953 1517 2030; x_wconf 82' lang='lat' dir='ltr'><strong>intelligitur</strong></span> <span class='ocrx_word' id='word_1_198' title='bbox 1531 1952 1688 2030; x_wconf 82' lang='lat' dir='ltr'><strong>gaudium</strong></span> <span class='ocrx_word' id='word_1_199' title='bbox 1707 1951 1771 2013; x_wconf 90' lang='lat' dir='ltr'><strong>tri-</strong></span> 
     </span>
     <span class='ocr_line' id='line_1_18' title="bbox 124 2047 1771 2130; baseline 0 -20"><span class='ocrx_word' id='word_1_200' title='bbox 124 2049 291 2128; x_wconf 86' lang='lat' dir='ltr'><strong>pudicitiae</strong></span> <span class='ocrx_word' id='word_1_201' title='bbox 320 2049 360 2111; x_wconf 90' lang='lat' dir='ltr'><strong>de</strong></span> <span class='ocrx_word' id='word_1_202' title='bbox 386 2048 472 2110; x_wconf 82' lang='lat' dir='ltr'><strong>facie</strong></span> <span class='ocrx_word' id='word_1_203' title='bbox 499 2052 672 2122; x_wconf 88' lang='lat' dir='ltr'><strong>Susannae,</strong></span> <span class='ocrx_word' id='word_1_204' title='bbox 693 2048 788 2110; x_wconf 90' lang='lat' dir='ltr'><strong>tollat</strong></span> <span class='ocrx_word' id='word_1_205' title='bbox 813 2047 918 2109; x_wconf 88' lang='lat' dir='ltr'><strong>absii·</strong></span> <span class='ocrx_word' id='word_1_206' title='bbox 973 2048 1165 2112; x_wconf 88' lang='lat' dir='ltr'><strong>bulationis.</strong></span> <span class='ocrx_word' id='word_1_207' title='bbox 1183 2052 1247 2113; x_wconf 86' lang='lat' dir='ltr'><strong>Sed</strong></span> <span class='ocrx_word' id='word_1_208' title='bbox 1263 2052 1341 2130; x_wconf 87' lang='lat' dir='ltr'><strong>quia</strong></span> <span class='ocrx_word' id='word_1_209' title='bbox 1361 2052 1620 2113; x_wconf 88' lang='lat' dir='ltr'><strong>consentaneum</strong></span> <span class='ocrx_word' id='word_1_210' title='bbox 1640 2051 1691 2111; x_wconf 97' lang='grc' dir='ltr'><strong>θεῖ</strong></span> <span class='ocrx_word' id='word_1_211' title='bbox 1707 2064 1771 2110; x_wconf 87' lang='lat' dir='ltr'><strong>na-</strong></span> 
     </span>
     <span class='ocr_line' id='line_1_19' title="bbox 124 2146 1770 2225; baseline -0.001 -16"><span class='ocrx_word' id='word_1_212' title='bbox 124 2148 272 2209; x_wconf 87' lang='lat' dir='ltr'><strong>neniiam</strong></span> <span class='ocrx_word' id='word_1_213' title='bbox 284 2148 326 2209; x_wconf 91' lang='lat' dir='ltr'><strong>de</strong></span> <span class='ocrx_word' id='word_1_214' title='bbox 335 2163 393 2209; x_wconf 90' lang='lat' dir='ltr'><strong>ore</strong></span> <span class='ocrx_word' id='word_1_215' title='bbox 405 2148 542 2225; x_wconf 83' lang='lat' dir='ltr'><strong>Moysis,</strong></span> <span class='ocrx_word' id='word_1_216' title='bbox 553 2147 718 2225; x_wconf 76' lang='lat' dir='ltr'><strong>jeJunium</strong></span> <span class='ocrx_word' id='word_1_217' title='bbox 733 2146 773 2207; x_wconf 91' lang='lat' dir='ltr'><strong>de</strong></span> <span class='ocrx_word' id='word_1_218' title='bbox 788 2148 919 2221; x_wconf 83' lang='lat' dir='ltr'><strong>gutture</strong></span> <span class='ocrx_word' id='word_1_219' title='bbox 973 2149 1056 2209; x_wconf 87' lang='lat' dir='ltr'><strong>turae</strong></span> <span class='ocrx_word' id='word_1_220' title='bbox 1076 2149 1222 2225; x_wconf 88' lang='lat' dir='ltr'><strong>gaudere</strong></span> <span class='ocrx_word' id='word_1_221' title='bbox 1245 2150 1281 2211; x_wconf 92' lang='lat' dir='ltr'><strong>in</strong></span> <span class='ocrx_word' id='word_1_222' title='bbox 1300 2149 1408 2221; x_wconf 89' lang='lat' dir='ltr'><strong>bonis,</strong></span> <span class='ocrx_word' id='word_1_223' title='bbox 1434 2150 1595 2211; x_wconf 87' lang='lat' dir='ltr'><strong>remotum</strong></span> <span class='ocrx_word' id='word_1_224' title='bbox 1616 2148 1725 2209; x_wconf 89' lang='lat' dir='ltr'><strong>autern</strong></span> <span class='ocrx_word' id='word_1_225' title='bbox 1749 2162 1770 2207; x_wconf 94' lang='lat' dir='ltr'><strong>a</strong></span> 
     </span>
     <span class='ocr_line' id='line_1_20' title="bbox 125 2244 1771 2324; baseline -0.002 -16"><span class='ocrx_word' id='word_1_226' title='bbox 125 2246 239 2318; x_wconf 70' lang='lat' dir='ltr'><strong>ileliae,</strong></span> <span class='ocrx_word' id='word_1_227' title='bbox 267 2245 413 2307; x_wconf 85' lang='lat' dir='ltr'><strong>esuriem</strong></span> <span class='ocrx_word' id='word_1_228' title='bbox 436 2245 476 2307; x_wconf 90' lang='lat' dir='ltr'><strong>de</strong></span> <span class='ocrx_word' id='word_1_229' title='bbox 496 2246 627 2324; x_wconf 91' lang='lat' dir='ltr'><strong>jejunio</strong></span> <span class='ocrx_word' id='word_1_230' title='bbox 649 2245 783 2317; x_wconf 91' lang='lat' dir='ltr'><strong>Christi,</strong></span> <span class='ocrx_word' id='word_1_231' title='bbox 808 2246 842 2306; x_wconf 85' lang='lat' dir='ltr'><strong>et</strong></span> <span class='ocrx_word' id='word_1_232' title='bbox 856 2246 921 2305; x_wconf 90' lang='lat' dir='ltr'><strong>sta·</strong></span> <span class='ocrx_word' id='word_1_233' title='bbox 974 2246 1093 2307; x_wconf 91' lang='lat' dir='ltr'><strong>natura</strong></span> <span class='ocrx_word' id='word_1_234' title='bbox 1105 2246 1251 2323; x_wconf 88' lang='lat' dir='ltr'><strong>gaudere</strong></span> <span class='ocrx_word' id='word_1_235' title='bbox 1266 2248 1302 2307; x_wconf 93' lang='lat' dir='ltr'><strong>in</strong></span> <span class='ocrx_word' id='word_1_236' title='bbox 1318 2246 1596 2319; x_wconf 82' lang='lat' dir='ltr'><strong>tribulationibus,</strong></span> <span class='ocrx_word' id='word_1_237' title='bbox 1617 2246 1691 2307; x_wconf 92' lang='lat' dir='ltr'><strong>ideo</strong></span> <span class='ocrx_word' id='word_1_238' title='bbox 1704 2244 1771 2306; x_wconf 92' lang='lat' dir='ltr'><strong>mel</strong></span> 
     </span>
     <span class='ocr_line' id='line_1_21' title="bbox 124 2342 1768 2421; baseline -0.002 -14"><span class='ocrx_word' id='word_1_239' title='bbox 124 2346 217 2407; x_wconf 82' lang='grc' dir='ltr'><strong>ῖιιθιιε</strong></span> <span class='ocrx_word' id='word_1_240' title='bbox 230 2345 374 2406; x_wconf 92' lang='lat' dir='ltr'><strong>cultrum</strong></span> <span class='ocrx_word' id='word_1_241' title='bbox 389 2344 424 2405; x_wconf 94' lang='lat' dir='ltr'><strong>in</strong></span> <span class='ocrx_word' id='word_1_242' title='bbox 445 2345 578 2421; x_wconf 90' lang='lat' dir='ltr'><strong>gutture</strong></span> <span class='ocrx_word' id='word_1_243' title='bbox 591 2359 663 2416; x_wconf 90' lang='lat' dir='ltr'><strong>suo,</strong></span> <span class='ocrx_word' id='word_1_244' title='bbox 680 2343 728 2404; x_wconf 90' lang='lat' dir='ltr'><strong>sic</strong></span> <span class='ocrx_word' id='word_1_245' title='bbox 747 2342 920 2419; x_wconf 87' lang='lat' dir='ltr'><strong>succingat</strong></span> <span class='ocrx_word' id='word_1_246' title='bbox 974 2344 1126 2405; x_wconf 85' lang='lat' dir='ltr'><strong>silvestre</strong></span> <span class='ocrx_word' id='word_1_247' title='bbox 1144 2346 1284 2406; x_wconf 83' lang='lat' dir='ltr'><strong>vocatur</strong></span> <span class='ocrx_word' id='word_1_248' title='bbox 1304 2344 1462 2421; x_wconf 86' lang='lat' dir='ltr'><strong>gaudium</strong></span> <span class='ocrx_word' id='word_1_249' title='bbox 1483 2345 1518 2405; x_wconf 93' lang='lat' dir='ltr'><strong>in</strong></span> <span class='ocrx_word' id='word_1_250' title='bbox 1541 2342 1768 2405; x_wconf 85' lang='lat' dir='ltr'><strong>tribulatione.</strong></span> 
     </span>
     <span class='ocr_line' id='line_1_22' title="bbox 124 2439 1770 2519; baseline -0.001 -15"><span class='ocrx_word' id='word_1_251' title='bbox 124 2443 251 2505; x_wconf 90' lang='lat' dir='ltr'><strong>lumbos</strong></span> <span class='ocrx_word' id='word_1_252' title='bbox 262 2458 354 2511; x_wconf 90' lang='lat' dir='ltr'><strong>suos,</strong></span> <span class='ocrx_word' id='word_1_253' title='bbox 367 2444 404 2504; x_wconf 92' lang='lat' dir='ltr'><strong>ut</strong></span> <span class='ocrx_word' id='word_1_254' title='bbox 418 2442 485 2504; x_wconf 90' lang='lat' dir='ltr'><strong>sint</strong></span> <span class='ocrx_word' id='word_1_255' title='bbox 497 2441 599 2503; x_wconf 90' lang='lat' dir='ltr'><strong>lumbi</strong></span> <span class='ocrx_word' id='word_1_256' title='bbox 613 2443 685 2518; x_wconf 83' lang='lat' dir='ltr'><strong>ejus</strong></span> <span class='ocrx_word' id='word_1_257' title='bbox 700 2439 872 2517; x_wconf 69' lang='lat' dir='ltr'><strong>praesumti</strong></span> <span class='ocrx_word' id='word_1_258' title='bbox 888 2441 920 2503; x_wconf 93' lang='lat' dir='ltr'><strong>et</strong></span> <span class='ocrx_word' id='word_1_259' title='bbox 975 2440 1068 2503; x_wconf 85' lang='lat' dir='ltr'><strong>Unde</strong></span> <span class='ocrx_word' id='word_1_260' title='bbox 1085 2441 1230 2505; x_wconf 80' lang='lat' dir='ltr'><strong>lacobus</strong></span> <span class='ocrx_word' id='word_1_261' title='bbox 1245 2442 1281 2502; x_wconf 92' lang='lat' dir='ltr'><strong>in</strong></span> <span class='ocrx_word' id='word_1_262' title='bbox 1296 2441 1442 2519; x_wconf 85' lang='lat' dir='ltr'><strong>Epistola</strong></span> <span class='ocrx_word' id='word_1_263' title='bbox 1458 2442 1641 2504; x_wconf 88' lang='lat' dir='ltr'><strong>canonica:</strong></span> <span class='ocrx_word' id='word_1_264' title='bbox 1663 2443 1770 2503; x_wconf 74' lang='lat' dir='ltr'><strong>Omiza</strong></span> 
     </span>
     <span class='ocr_line' id='line_1_23' title="bbox 125 2537 1773 2614; baseline -0.002 -12"><span class='ocrx_word' id='word_1_265' title='bbox 125 2539 283 2602; x_wconf 88' lang='lat' dir='ltr'><strong>esurienti</strong></span> <span class='ocrx_word' id='word_1_266' title='bbox 307 2540 427 2601; x_wconf 85' lang='lat' dir='ltr'><strong>animae</strong></span> <span class='ocrx_word' id='word_1_267' title='bbox 457 2540 558 2601; x_wconf 88' lang='lat' dir='ltr'><strong>etiam</strong></span> <span class='ocrx_word' id='word_1_268' title='bbox 587 2554 702 2600; x_wconf 89' lang='lat' dir='ltr'><strong>amara</strong></span> <span class='ocrx_word' id='word_1_269' title='bbox 731 2537 841 2599; x_wconf 91' lang='lat' dir='ltr'><strong>dulcia</strong></span> <span class='ocrx_word' id='word_1_270' title='bbox 868 2538 921 2599; x_wconf 85' lang='lat' dir='ltr'><strong>vi·</strong></span> <span class='ocrx_word' id='word_1_271' title='bbox 972 2542 1138 2614; x_wconf 77' lang='lat' dir='ltr'><strong>poncium</strong></span> <span class='ocrx_word' id='word_1_272' title='bbox 1153 2539 1365 2608; x_wconf 75' lang='lat' dir='ltr'><strong>cnistimaic,</strong></span> <span class='ocrx_word' id='word_1_273' title='bbox 1383 2540 1525 2614; x_wconf 71' lang='lat' dir='ltr'><strong>fratres,</strong></span> <span class='ocrx_word' id='word_1_274' title='bbox 1541 2554 1620 2600; x_wconf 80' lang='lat' dir='ltr'><strong>enni</strong></span> <span class='ocrx_word' id='word_1_275' title='bbox 1641 2540 1773 2599; x_wconf 83' lang='lat' dir='ltr'><strong>incide·</strong></span> 
     </span>
     <span class='ocr_line' id='line_1_24' title="bbox 126 2634 1772 2716; baseline -0.002 -17"><span class='ocrx_word' id='word_1_276' title='bbox 126 2638 274 2701; x_wconf 88' lang='lat' dir='ltr'><strong>deantur.</strong></span> <span class='ocrx_word' id='word_1_277' title='bbox 287 2637 378 2699; x_wconf 84' lang='lat' dir='ltr'><strong>&#39;ralis</strong></span> <span class='ocrx_word' id='word_1_278' title='bbox 391 2637 453 2700; x_wconf 85' lang='lat' dir='ltr'><strong>suit</strong></span> <span class='ocrx_word' id='word_1_279' title='bbox 468 2637 585 2699; x_wconf 88' lang='lat' dir='ltr'><strong>beatus</strong></span> <span class='ocrx_word' id='word_1_280' title='bbox 596 2639 742 2700; x_wconf 85' lang='lat' dir='ltr'><strong>loannes</strong></span> <span class='ocrx_word' id='word_1_281' title='bbox 757 2635 916 2713; x_wconf 86' lang='lat' dir='ltr'><strong>Baptista,</strong></span> <span class='ocrx_word' id='word_1_282' title='bbox 973 2638 1055 2698; x_wconf 76' lang='lat' dir='ltr'><strong>ritis</strong></span> <span class='ocrx_word' id='word_1_283' title='bbox 1075 2640 1112 2698; x_wconf 89' lang='lat' dir='ltr'><strong>in</strong></span> <span class='ocrx_word' id='word_1_284' title='bbox 1128 2637 1383 2700; x_wconf 70' lang='lat' dir='ltr'><strong>internetionem</strong></span> <span class='ocrx_word' id='word_1_285' title='bbox 1398 2635 1483 2716; x_wconf 90' lang='lat' dir='ltr'><strong>(Jac.</strong></span> <span class='ocrx_word' id='word_1_286' title='bbox 1500 2652 1523 2709; x_wconf 90' lang='grc' dir='ltr'><strong>ι,</strong></span> <span class='ocrx_word' id='word_1_287' title='bbox 1544 2634 1589 2715; x_wconf 80' lang='grc'><strong>2).</strong></span> <span class='ocrx_word' id='word_1_288' title='bbox 1607 2637 1647 2697; x_wconf 82' lang='grc' dir='ltr'>Εῖ</span> <span class='ocrx_word' id='word_1_289' title='bbox 1665 2638 1772 2713; x_wconf 86' lang='lat' dir='ltr'><strong>Apos-</strong></span> 
     </span>
     <span class='ocr_line' id='line_1_25' title="bbox 127 2731 1770 2815; baseline -0.002 -17"><span class='ocrx_word' id='word_1_290' title='bbox 127 2738 176 2815; x_wconf 89' lang='lat' dir='ltr'><strong>qui</strong></span> <span class='ocrx_word' id='word_1_291' title='bbox 207 2753 268 2814; x_wconf 90' lang='lat' dir='ltr'><strong>pro</strong></span> <span class='ocrx_word' id='word_1_292' title='bbox 297 2736 459 2798; x_wconf 91' lang='lat' dir='ltr'><strong>munditia</strong></span> <span class='ocrx_word' id='word_1_293' title='bbox 488 2753 557 2797; x_wconf 83' lang='lat' dir='ltr'><strong>suae</strong></span> <span class='ocrx_word' id='word_1_294' title='bbox 571 2735 775 2811; x_wconf 81' lang='lat' dir='ltr'><strong>virginitatis</strong></span> <span class='ocrx_word' id='word_1_295' title='bbox 798 2734 920 2797; x_wconf 87' lang='lat' dir='ltr'><strong>meruit</strong></span> <span class='ocrx_word' id='word_1_296' title='bbox 973 2734 1060 2796; x_wconf 88' lang='lat' dir='ltr'><strong>tolus</strong></span> <span class='ocrx_word' id='word_1_297' title='bbox 1077 2756 1084 2795; x_wconf 93' lang='lat'><strong>:</strong></span> <span class='ocrx_word' id='word_1_298' title='bbox 1101 2738 1144 2795; x_wconf 87' lang='lat' dir='ltr'><strong>In</strong></span> <span class='ocrx_word' id='word_1_299' title='bbox 1157 2735 1376 2797; x_wconf 79' lang='lat' dir='ltr'><strong>tribulatione</strong></span> <span class='ocrx_word' id='word_1_300' title='bbox 1385 2735 1573 2811; x_wconf 81' lang='lat' dir='ltr'><strong>pandentes</strong></span> <span class='ocrx_word' id='word_1_301' title='bbox 1586 2731 1693 2805; x_wconf 83' lang='lat' dir='ltr'><strong>(Rom.</strong></span> <span class='ocrx_word' id='word_1_302' title='bbox 1707 2748 1770 2803; x_wconf 81' lang='grc' dir='ltr'>ιιι,</span> 
     </span>
     <span class='ocr_line' id='line_1_26' title="bbox 128 2830 1771 2911; baseline -0.003 -16"><span class='ocrx_word' id='word_1_303' title='bbox 128 2833 261 2910; x_wconf 89' lang='lat' dir='ltr'><strong>augelus</strong></span> <span class='ocrx_word' id='word_1_304' title='bbox 273 2832 447 2910; x_wconf 89' lang='lat' dir='ltr'><strong>appellari.</strong></span> <span class='ocrx_word' id='word_1_305' title='bbox 975 2833 1037 2911; x_wconf 83' lang='grc'>12).</span> <span class='ocrx_word' id='word_1_306' title='bbox 1054 2832 1093 2893; x_wconf 90' lang='lat' dir='ltr'><strong>Et</strong></span> <span class='ocrx_word' id='word_1_307' title='bbox 1110 2831 1191 2893; x_wconf 89' lang='lat' dir='ltr'><strong>alibi</strong></span> <span class='ocrx_word' id='word_1_308' title='bbox 1208 2832 1407 2909; x_wconf 86' lang='lat' dir='ltr'><strong>exprimitur</strong></span> <span class='ocrx_word' id='word_1_309' title='bbox 1420 2833 1596 2909; x_wconf 87' lang='lat' dir='ltr'><strong>utrumque</strong></span> <span class='ocrx_word' id='word_1_310' title='bbox 1610 2830 1771 2908; x_wconf 84' lang='lat' dir='ltr'><strong>gaudium</strong></span> 
     </span>
     <span class='ocr_line' id='line_1_27' title="bbox 163 2928 1772 3009; baseline -0.004 -16"><span class='ocrx_word' id='word_1_311' title='bbox 163 2935 230 2993; x_wconf 91' lang='lat' dir='ltr'><strong>Pro</strong></span> <span class='ocrx_word' id='word_1_312' title='bbox 241 2931 387 3009; x_wconf 87' lang='lat' dir='ltr'><strong>puritate</strong></span> <span class='ocrx_word' id='word_1_313' title='bbox 400 2930 919 3009; x_wconf 79' lang='lat' dir='ltr'><strong>conversationis,quiadoannes</strong></span> <span class='ocrx_word' id='word_1_314' title='bbox 973 2932 1040 2992; x_wconf 86' lang='lat' dir='ltr'><strong>tam</strong></span> <span class='ocrx_word' id='word_1_315' title='bbox 1067 2930 1107 2991; x_wconf 90' lang='lat' dir='ltr'><strong>de</strong></span> <span class='ocrx_word' id='word_1_316' title='bbox 1127 2929 1223 2992; x_wconf 92' lang='lat' dir='ltr'><strong>bonis</strong></span> <span class='ocrx_word' id='word_1_317' title='bbox 1243 2945 1342 3008; x_wconf 90' lang='lat' dir='ltr'><strong>quam</strong></span> <span class='ocrx_word' id='word_1_318' title='bbox 1362 2929 1402 2991; x_wconf 92' lang='lat' dir='ltr'><strong>de</strong></span> <span class='ocrx_word' id='word_1_319' title='bbox 1421 2929 1529 3002; x_wconf 91' lang='lat' dir='ltr'><strong>malis,</strong></span> <span class='ocrx_word' id='word_1_320' title='bbox 1546 2928 1602 2990; x_wconf 93' lang='lat' dir='ltr'><strong>ubi</strong></span> <span class='ocrx_word' id='word_1_321' title='bbox 1627 2929 1772 2990; x_wconf 74' lang='lat' dir='ltr'><strong>diciturz</strong></span> 
     </span>
     <span class='ocr_line' id='line_1_28' title="bbox 126 3026 1769 3107; baseline -0.002 -16"><span class='ocrx_word' id='word_1_322' title='bbox 126 3030 270 3107; x_wconf 83' lang='lat' dir='ltr'><strong>Baptista</strong></span> <span class='ocrx_word' id='word_1_323' title='bbox 292 3028 400 3090; x_wconf 91' lang='lat' dir='ltr'><strong>adhuc</strong></span> <span class='ocrx_word' id='word_1_324' title='bbox 422 3044 504 3105; x_wconf 87' lang='lat' dir='ltr'><strong>puer</strong></span> <span class='ocrx_word' id='word_1_325' title='bbox 526 3027 696 3089; x_wconf 88' lang='lat' dir='ltr'><strong>habitabat</strong></span> <span class='ocrx_word' id='word_1_326' title='bbox 719 3027 754 3089; x_wconf 93' lang='lat' dir='ltr'><strong>in</strong></span> <span class='ocrx_word' id='word_1_327' title='bbox 775 3028 916 3098; x_wconf 86' lang='lat' dir='ltr'><strong>deserto,</strong></span> <span class='ocrx_word' id='word_1_328' title='bbox 973 3032 1063 3089; x_wconf 84' lang='lat' dir='ltr'><strong>Esco</strong></span> <span class='ocrx_word' id='word_1_329' title='bbox 1083 3032 1229 3089; x_wconf 67' lang='lat' dir='ltr'><strong>leoninis</strong></span> <span class='ocrx_word' id='word_1_330' title='bbox 1243 3028 1344 3089; x_wconf 69' lang='lat' dir='ltr'><strong>erarii</strong></span> <span class='ocrx_word' id='word_1_331' title='bbox 1358 3028 1496 3090; x_wconf 70' lang='lat' dir='ltr'><strong>meantia</strong></span> <span class='ocrx_word' id='word_1_332' title='bbox 1510 3029 1543 3089; x_wconf 81' lang='lat' dir='ltr'><strong>et</strong></span> <span class='ocrx_word' id='word_1_333' title='bbox 1558 3032 1625 3088; x_wconf 79' lang='lat' dir='ltr'><strong>naci</strong></span> <span class='ocrx_word' id='word_1_334' title='bbox 1638 3026 1769 3106; x_wconf 88' lang='lat' dir='ltr'><strong>(Matth.</strong></span> 
     </span>
     <span class='ocr_line' id='line_1_29' title="bbox 128 3124 1773 3205; baseline -0.002 -16"><span class='ocrx_word' id='word_1_335' title='bbox 128 3131 157 3189; x_wconf 91' lang='lat' dir='ltr'><strong>ut</strong></span> <span class='ocrx_word' id='word_1_336' title='bbox 177 3127 398 3203; x_wconf 88' lang='lat' dir='ltr'><strong>Evangelium</strong></span> <span class='ocrx_word' id='word_1_337' title='bbox 413 3126 565 3197; x_wconf 86' lang='lat' dir='ltr'><strong>testatur,</strong></span> <span class='ocrx_word' id='word_1_338' title='bbox 583 3141 686 3204; x_wconf 86' lang='lat' dir='ltr'><strong>usque</strong></span> <span class='ocrx_word' id='word_1_339' title='bbox 710 3126 745 3186; x_wconf 93' lang='lat' dir='ltr'><strong>in</strong></span> <span class='ocrx_word' id='word_1_340' title='bbox 761 3125 848 3186; x_wconf 91' lang='lat' dir='ltr'><strong>diem</strong></span> <span class='ocrx_word' id='word_1_341' title='bbox 863 3141 920 3186; x_wconf 92' lang='grc' dir='ltr'><strong>οε-</strong></span> <span class='ocrx_word' id='word_1_342' title='bbox 974 3142 1023 3198; x_wconf 86' lang='grc' dir='ltr'>ιιι,</span> <span class='ocrx_word' id='word_1_343' title='bbox 1053 3124 1099 3205; x_wconf 81' lang='grc'><strong>4),</strong></span> <span class='ocrx_word' id='word_1_344' title='bbox 1124 3126 1220 3199; x_wconf 91' lang='lat' dir='ltr'><strong>idest,</strong></span> <span class='ocrx_word' id='word_1_345' title='bbox 1238 3126 1397 3202; x_wconf 87' lang='lat' dir='ltr'><strong>gaudium</strong></span> <span class='ocrx_word' id='word_1_346' title='bbox 1423 3125 1711 3204; x_wconf 81' lang='lat' dir='ltr'><strong>contemplationis</strong></span> <span class='ocrx_word' id='word_1_347' title='bbox 1739 3124 1773 3185; x_wconf 93' lang='lat' dir='ltr'><strong>et</strong></span> 
     </span>
     <span class='ocr_line' id='line_1_30' title="bbox 125 3221 1770 3300; baseline -0.001 -14"><span class='ocrx_word' id='word_1_348' title='bbox 125 3225 283 3287; x_wconf 87' lang='lat' dir='ltr'><strong>tensionis</strong></span> <span class='ocrx_word' id='word_1_349' title='bbox 302 3240 371 3286; x_wconf 83' lang='lat' dir='ltr'><strong>suae</strong></span> <span class='ocrx_word' id='word_1_350' title='bbox 399 3224 441 3284; x_wconf 90' lang='lat' dir='ltr'><strong>ad</strong></span> <span class='ocrx_word' id='word_1_351' title='bbox 461 3223 574 3285; x_wconf 89' lang='lat' dir='ltr'><strong>Israel.</strong></span> <span class='ocrx_word' id='word_1_352' title='bbox 599 3223 688 3284; x_wconf 90' lang='lat' dir='ltr'><strong>Beda</strong></span> <span class='ocrx_word' id='word_1_353' title='bbox 713 3222 805 3295; x_wconf 89' lang='lat' dir='ltr'><strong>dicii,</strong></span> <span class='ocrx_word' id='word_1_354' title='bbox 830 3221 918 3299; x_wconf 87' lang='lat' dir='ltr'><strong>quod</strong></span> <span class='ocrx_word' id='word_1_355' title='bbox 973 3224 1131 3300; x_wconf 88' lang='lat' dir='ltr'><strong>gaudium</strong></span> <span class='ocrx_word' id='word_1_356' title='bbox 1149 3223 1383 3286; x_wconf 90' lang='lat' dir='ltr'><strong>tribulationis.</strong></span> <span class='ocrx_word' id='word_1_357' title='bbox 1404 3226 1443 3285; x_wconf 91' lang='lat' dir='ltr'><strong>Et</strong></span> <span class='ocrx_word' id='word_1_358' title='bbox 1457 3223 1520 3285; x_wconf 94' lang='lat' dir='ltr'><strong>hoc</strong></span> <span class='ocrx_word' id='word_1_359' title='bbox 1542 3224 1594 3285; x_wconf 89' lang='lat' dir='ltr'><strong>est</strong></span> <span class='ocrx_word' id='word_1_360' title='bbox 1619 3223 1706 3299; x_wconf 83' lang='lat' dir='ltr'><strong>quod</strong></span> <span class='ocrx_word' id='word_1_361' title='bbox 1722 3223 1770 3284; x_wconf 93' lang='lat' dir='ltr'><strong>ait</strong></span> 
     </span>
     <span class='ocr_line' id='line_1_31' title="bbox 126 3321 1773 3398; baseline -0.001 -15"><span class='ocrx_word' id='word_1_362' title='bbox 126 3323 295 3385; x_wconf 84' lang='lat' dir='ltr'><strong>duodecim</strong></span> <span class='ocrx_word' id='word_1_363' title='bbox 308 3322 405 3382; x_wconf 92' lang='lat' dir='ltr'><strong>annis</strong></span> <span class='ocrx_word' id='word_1_364' title='bbox 418 3321 571 3398; x_wconf 84' lang='lat' dir='ltr'><strong>regnavit</strong></span> <span class='ocrx_word' id='word_1_365' title='bbox 584 3322 751 3397; x_wconf 82' lang='lat' dir='ltr'><strong>Augustus</strong></span> <span class='ocrx_word' id='word_1_366' title='bbox 765 3323 838 3396; x_wconf 90' lang='lat' dir='ltr'><strong>post</strong></span> <span class='ocrx_word' id='word_1_367' title='bbox 853 3336 918 3380; x_wconf 90' lang='lat' dir='ltr'><strong>na·</strong></span> <span class='ocrx_word' id='word_1_368' title='bbox 973 3321 1170 3397; x_wconf 86' lang='lat' dir='ltr'><strong>Apostolus:</strong></span> <span class='ocrx_word' id='word_1_369' title='bbox 1184 3324 1380 3384; x_wconf 76' lang='lat' dir='ltr'><strong>Glorientur</strong></span> <span class='ocrx_word' id='word_1_370' title='bbox 1390 3337 1457 3383; x_wconf 89' lang='lat' dir='ltr'><strong>non</strong></span> <span class='ocrx_word' id='word_1_371' title='bbox 1466 3325 1578 3383; x_wconf 84' lang='lat' dir='ltr'><strong>solum</strong></span> <span class='ocrx_word' id='word_1_372' title='bbox 1587 3324 1700 3394; x_wconf 76' lang='lat' dir='ltr'><strong>inape,</strong></span> <span class='ocrx_word' id='word_1_373' title='bbox 1711 3322 1773 3381; x_wconf 86' lang='lat' dir='ltr'><strong>sed</strong></span> 
     </span>
     <span class='ocr_line' id='line_1_32' title="bbox 126 3417 1774 3495; baseline -0.002 -13"><span class='ocrx_word' id='word_1_374' title='bbox 126 3422 285 3483; x_wconf 82' lang='lat' dir='ltr'><strong>tivitatem</strong></span> <span class='ocrx_word' id='word_1_375' title='bbox 298 3419 430 3490; x_wconf 89' lang='lat' dir='ltr'><strong>Christi,</strong></span> <span class='ocrx_word' id='word_1_376' title='bbox 452 3421 486 3481; x_wconf 92' lang='lat' dir='ltr'><strong>et</strong></span> <span class='ocrx_word' id='word_1_377' title='bbox 503 3417 656 3480; x_wconf 73' lang='lat' dir='ltr'><strong>Emerius</strong></span> <span class='ocrx_word' id='word_1_378' title='bbox 672 3417 825 3495; x_wconf 89' lang='lat' dir='ltr'><strong>regnavit</strong></span> <span class='ocrx_word' id='word_1_379' title='bbox 846 3418 920 3494; x_wconf 89' lang='lat' dir='ltr'><strong>post</strong></span> <span class='ocrx_word' id='word_1_380' title='bbox 974 3420 1081 3480; x_wconf 84' lang='lat' dir='ltr'><strong>eiiam</strong></span> <span class='ocrx_word' id='word_1_381' title='bbox 1095 3423 1132 3480; x_wconf 86' lang='lat' dir='ltr'><strong>in</strong></span> <span class='ocrx_word' id='word_1_382' title='bbox 1144 3420 1420 3480; x_wconf 80' lang='lat' dir='ltr'><strong>tribulationibus</strong></span> <span class='ocrx_word' id='word_1_383' title='bbox 1435 3417 1542 3490; x_wconf 86' lang='lat' dir='ltr'><strong>(Rom.</strong></span> <span class='ocrx_word' id='word_1_384' title='bbox 1558 3435 1590 3490; x_wconf 84' lang='lat' dir='ltr'><strong>v,</strong></span> <span class='ocrx_word' id='word_1_385' title='bbox 1607 3420 1653 3490; x_wconf 78' lang='lat'><strong>2).</strong></span> <span class='ocrx_word' id='word_1_386' title='bbox 1670 3419 1709 3478; x_wconf 93' lang='lat' dir='ltr'><strong>Et</strong></span> <span class='ocrx_word' id='word_1_387' title='bbox 1724 3418 1774 3478; x_wconf 92' lang='lat' dir='ltr'><strong>is-</strong></span> 
     </span>
     <span class='ocr_line' id='line_1_33' title="bbox 126 3514 1768 3597; baseline -0.004 -16"><span class='ocrx_word' id='word_1_388' title='bbox 126 3522 316 3597; x_wconf 83' lang='lat' dir='ltr'><strong>dugustum.</strong></span> <span class='ocrx_word' id='word_1_389' title='bbox 341 3518 433 3580; x_wconf 90' lang='lat' dir='ltr'><strong>Unde</strong></span> <span class='ocrx_word' id='word_1_390' title='bbox 456 3533 530 3578; x_wconf 91' lang='lat' dir='ltr'><strong>cum</strong></span> <span class='ocrx_word' id='word_1_391' title='bbox 546 3532 634 3578; x_wconf 88' lang='lat' dir='ltr'><strong>anno</strong></span> <span class='ocrx_word' id='word_1_392' title='bbox 656 3516 770 3594; x_wconf 89' lang='lat' dir='ltr'><strong>quinto</strong></span> <span class='ocrx_word' id='word_1_393' title='bbox 792 3515 919 3576; x_wconf 87' lang='lat' dir='ltr'><strong>decimo</strong></span> <span class='ocrx_word' id='word_1_394' title='bbox 974 3515 1030 3577; x_wconf 93' lang='lat' dir='ltr'><strong>tud</strong></span> <span class='ocrx_word' id='word_1_395' title='bbox 1047 3516 1171 3593; x_wconf 85' lang='lat' dir='ltr'><strong>duplex</strong></span> <span class='ocrx_word' id='word_1_396' title='bbox 1185 3515 1343 3592; x_wconf 86' lang='lat' dir='ltr'><strong>gaudium</strong></span> <span class='ocrx_word' id='word_1_397' title='bbox 1357 3516 1406 3577; x_wconf 90' lang='lat' dir='ltr'><strong>est</strong></span> <span class='ocrx_word' id='word_1_398' title='bbox 1417 3514 1539 3591; x_wconf 82' lang='lat' dir='ltr'><strong>duplex</strong></span> <span class='ocrx_word' id='word_1_399' title='bbox 1554 3514 1647 3576; x_wconf 90' lang='lat' dir='ltr'><strong>cibus</strong></span> <span class='ocrx_word' id='word_1_400' title='bbox 1661 3517 1768 3576; x_wconf 89' lang='lat' dir='ltr'><strong>Joan-</strong></span> 
     </span>
     <span class='ocr_line' id='line_1_34' title="bbox 126 3612 1771 3695; baseline -0.003 -18"><span class='ocrx_word' id='word_1_401' title='bbox 126 3617 255 3695; x_wconf 91' lang='lat' dir='ltr'><strong>imperii</strong></span> <span class='ocrx_word' id='word_1_402' title='bbox 276 3616 400 3677; x_wconf 83' lang='lat' dir='ltr'><strong>Tiberii</strong></span> <span class='ocrx_word' id='word_1_403' title='bbox 425 3616 468 3677; x_wconf 89' lang='lat' dir='ltr'><strong>sit</strong></span> <span class='ocrx_word' id='word_1_404' title='bbox 489 3613 765 3675; x_wconf 89' lang='lat' dir='ltr'><strong>iactumverbum</strong></span> <span class='ocrx_word' id='word_1_405' title='bbox 788 3613 919 3674; x_wconf 92' lang='lat' dir='ltr'><strong>Domini</strong></span> <span class='ocrx_word' id='word_1_406' title='bbox 975 3612 1038 3673; x_wconf 90' lang='lat' dir='ltr'><strong>uis.</strong></span> <span class='ocrx_word' id='word_1_407' title='bbox 1072 3613 1165 3674; x_wconf 89' lang='lat' dir='ltr'><strong>Unde</strong></span> <span class='ocrx_word' id='word_1_408' title='bbox 1194 3612 1368 3688; x_wconf 83' lang='lat' dir='ltr'><strong>magnilica</strong></span> <span class='ocrx_word' id='word_1_409' title='bbox 1393 3613 1514 3674; x_wconf 92' lang='lat' dir='ltr'><strong>meruit</strong></span> <span class='ocrx_word' id='word_1_410' title='bbox 1540 3629 1599 3690; x_wconf 92' lang='lat' dir='ltr'><strong>pro</strong></span> <span class='ocrx_word' id='word_1_411' title='bbox 1626 3612 1771 3689; x_wconf 89' lang='lat' dir='ltr'><strong>puritate</strong></span> 
     </span>
     <span class='ocr_line' id='line_1_35' title="bbox 126 3709 1664 3794; baseline -0.003 -18"><span class='ocrx_word' id='word_1_412' title='bbox 126 3732 222 3794; x_wconf 88' lang='lat' dir='ltr'><strong>super</strong></span> <span class='ocrx_word' id='word_1_413' title='bbox 233 3718 407 3785; x_wconf 80' lang='lat' dir='ltr'><strong>ioannem,</strong></span> <span class='ocrx_word' id='word_1_414' title='bbox 418 3712 593 3774; x_wconf 91' lang='lat' dir='ltr'><strong>sicutdicii</strong></span> <span class='ocrx_word' id='word_1_415' title='bbox 604 3714 710 3774; x_wconf 89' lang='lat' dir='ltr'><strong>Lucas</strong></span> <span class='ocrx_word' id='word_1_416' title='bbox 720 3711 802 3792; x_wconf 87' lang='lat' dir='ltr'><strong>(Luc</strong></span> <span class='ocrx_word' id='word_1_417' title='bbox 812 3727 862 3783; x_wconf 87' lang='lat'><strong>111,</strong></span> <span class='ocrx_word' id='word_1_418' title='bbox 874 3709 917 3790; x_wconf 89' lang='grc'><strong>1),</strong></span> <span class='ocrx_word' id='word_1_419' title='bbox 975 3726 1044 3771; x_wconf 88' lang='lat' dir='ltr'><strong>suae</strong></span> <span class='ocrx_word' id='word_1_420' title='bbox 1058 3709 1324 3772; x_wconf 82' lang='lat' dir='ltr'><strong>conuersationis</strong></span> <span class='ocrx_word' id='word_1_421' title='bbox 1339 3710 1477 3786; x_wconf 84' lang='lat' dir='ltr'><strong>angelus</strong></span> <span class='ocrx_word' id='word_1_422' title='bbox 1490 3710 1664 3787; x_wconf 86' lang='lat' dir='ltr'><strong>appellari.</strong></span> 
     </span>
     <span class='ocr_line' id='line_1_36' title="bbox 126 3807 1773 3891; baseline -0.004 -16"><span class='ocrx_word' id='word_1_423' title='bbox 126 3816 212 3891; x_wconf 87' lang='lat' dir='ltr'><strong>patet</strong></span> <span class='ocrx_word' id='word_1_424' title='bbox 222 3812 309 3891; x_wconf 89' lang='lat' dir='ltr'><strong>quod</strong></span> <span class='ocrx_word' id='word_1_425' title='bbox 321 3814 467 3875; x_wconf 83' lang='lat' dir='ltr'><strong>loannes</strong></span> <span class='ocrx_word' id='word_1_426' title='bbox 480 3810 617 3887; x_wconf 87' lang='lat' dir='ltr'><strong>incoepit</strong></span> <span class='ocrx_word' id='word_1_427' title='bbox 631 3808 814 3888; x_wconf 87' lang='lat' dir='ltr'><strong>praedicare</strong></span> <span class='ocrx_word' id='word_1_428' title='bbox 831 3809 921 3885; x_wconf 77' lang='lat' dir='ltr'><strong>vige·</strong></span> <span class='ocrx_word' id='word_1_429' title='bbox 1018 3811 1082 3869; x_wconf 92' lang='lat' dir='ltr'><strong>Pro</strong></span> <span class='ocrx_word' id='word_1_430' title='bbox 1095 3807 1235 3870; x_wconf 84' lang='lat' dir='ltr'><strong>veritate</strong></span> <span class='ocrx_word' id='word_1_431' title='bbox 1250 3808 1524 3880; x_wconf 86' lang='lat' dir='ltr'><strong>annuntiationis,</strong></span> <span class='ocrx_word' id='word_1_432' title='bbox 1542 3808 1619 3885; x_wconf 89' lang='lat' dir='ltr'><strong>quia</strong></span> <span class='ocrx_word' id='word_1_433' title='bbox 1635 3808 1773 3884; x_wconf 84' lang='lat' dir='ltr'><strong>angelus</strong></span> 
     </span>
     <span class='ocr_line' id='line_1_37' title="bbox 126 3906 1773 3984; baseline -0.001 -14"><span class='ocrx_word' id='word_1_434' title='bbox 126 3910 432 3972; x_wconf 85' lang='lat' dir='ltr'><strong>simooctavoanno</strong></span> <span class='ocrx_word' id='word_1_435' title='bbox 444 3907 628 3969; x_wconf 85' lang='lat' dir='ltr'><strong>nativitatis</strong></span> <span class='ocrx_word' id='word_1_436' title='bbox 641 3906 775 3979; x_wconf 91' lang='lat' dir='ltr'><strong>Christi,</strong></span> <span class='ocrx_word' id='word_1_437' title='bbox 792 3906 845 3969; x_wconf 86' lang='lat' dir='ltr'><strong>vel</strong></span> <span class='ocrx_word' id='word_1_438' title='bbox 859 3906 921 3968; x_wconf 91' lang='lat' dir='ltr'><strong>cir·</strong></span> <span class='ocrx_word' id='word_1_439' title='bbox 974 3906 1213 3983; x_wconf 88' lang='lat' dir='ltr'><strong>interpretatur</strong></span> <span class='ocrx_word' id='word_1_440' title='bbox 1224 3906 1378 3967; x_wconf 92' lang='lat' dir='ltr'><strong>nuncius.</strong></span> <span class='ocrx_word' id='word_1_441' title='bbox 1398 3906 1438 3967; x_wconf 89' lang='lat' dir='ltr'><strong>Et</strong></span> <span class='ocrx_word' id='word_1_442' title='bbox 1460 3909 1606 3970; x_wconf 80' lang='lat' dir='ltr'><strong>ioannes</strong></span> <span class='ocrx_word' id='word_1_443' title='bbox 1625 3907 1773 3984; x_wconf 88' lang='lat' dir='ltr'><strong>Baptista</strong></span> 
     </span>
     <span class='ocr_line' id='line_1_38' title="bbox 125 4004 1772 4081; baseline -0.003 -10"><span class='ocrx_word' id='word_1_444' title='bbox 125 4011 215 4081; x_wconf 90' lang='lat' dir='ltr'><strong>citer,</strong></span> <span class='ocrx_word' id='word_1_445' title='bbox 227 4010 261 4071; x_wconf 89' lang='lat' dir='ltr'><strong>et</strong></span> <span class='ocrx_word' id='word_1_446' title='bbox 271 4008 352 4070; x_wconf 92' lang='lat' dir='ltr'><strong>tunc</strong></span> <span class='ocrx_word' id='word_1_447' title='bbox 367 4005 603 4068; x_wconf 90' lang='lat' dir='ltr'><strong>ostendebatur</strong></span> <span class='ocrx_word' id='word_1_448' title='bbox 613 4006 653 4066; x_wconf 90' lang='lat' dir='ltr'><strong>ad</strong></span> <span class='ocrx_word' id='word_1_449' title='bbox 671 4005 788 4067; x_wconf 89' lang='lat' dir='ltr'><strong>lsrael.</strong></span> <span class='ocrx_word' id='word_1_450' title='bbox 804 4008 922 4077; x_wconf 89' lang='lat' dir='ltr'><strong>Quam·</strong></span> <span class='ocrx_word' id='word_1_451' title='bbox 976 4005 1032 4081; x_wconf 92' lang='lat' dir='ltr'><strong>qui</strong></span> <span class='ocrx_word' id='word_1_452' title='bbox 1047 4004 1214 4066; x_wconf 90' lang='lat' dir='ltr'><strong>Christum</strong></span> <span class='ocrx_word' id='word_1_453' title='bbox 1240 4004 1362 4066; x_wconf 91' lang='lat' dir='ltr'><strong>mundo</strong></span> <span class='ocrx_word' id='word_1_454' title='bbox 1386 4005 1608 4076; x_wconf 89' lang='lat' dir='ltr'><strong>annuntiavit,</strong></span> <span class='ocrx_word' id='word_1_455' title='bbox 1632 4004 1772 4081; x_wconf 87' lang='lat' dir='ltr'><strong>angelus</strong></span> 
     </span>
     <span class='ocr_line' id='line_1_39' title="bbox 124 4102 1773 4182; baseline -0.004 -12"><span class='ocrx_word' id='word_1_456' title='bbox 124 4109 171 4170; x_wconf 78' lang='lat' dir='ltr'><strong>ris</strong></span> <span class='ocrx_word' id='word_1_457' title='bbox 200 4106 291 4169; x_wconf 89' lang='lat' dir='ltr'><strong>enim</strong></span> <span class='ocrx_word' id='word_1_458' title='bbox 324 4105 416 4182; x_wconf 89' lang='lat' dir='ltr'><strong>prius</strong></span> <span class='ocrx_word' id='word_1_459' title='bbox 446 4103 541 4165; x_wconf 92' lang='lat' dir='ltr'><strong>multi</strong></span> <span class='ocrx_word' id='word_1_460' title='bbox 571 4104 613 4165; x_wconf 86' lang='lat' dir='ltr'><strong>ad</strong></span> <span class='ocrx_word' id='word_1_461' title='bbox 649 4120 725 4164; x_wconf 92' lang='lat' dir='ltr'><strong>eum</strong></span> <span class='ocrx_word' id='word_1_462' title='bbox 750 4103 922 4164; x_wconf 86' lang='lat' dir='ltr'><strong>venissent</strong></span> <span class='ocrx_word' id='word_1_463' title='bbox 976 4103 1107 4164; x_wconf 90' lang='lat' dir='ltr'><strong>Domini</strong></span> <span class='ocrx_word' id='word_1_464' title='bbox 1125 4103 1232 4164; x_wconf 90' lang='lat' dir='ltr'><strong>dictus</strong></span> <span class='ocrx_word' id='word_1_465' title='bbox 1247 4104 1299 4165; x_wconf 89' lang='grc' dir='ltr'><strong>θεῖ</strong></span> <span class='ocrx_word' id='word_1_466' title='bbox 1315 4104 1348 4165; x_wconf 87' lang='grc' dir='ltr'><strong>θῖ</strong></span> <span class='ocrx_word' id='word_1_467' title='bbox 1369 4103 1516 4165; x_wconf 91' lang='lat' dir='ltr'><strong>nuntius.</strong></span> <span class='ocrx_word' id='word_1_468' title='bbox 1532 4102 1686 4179; x_wconf 87' lang='lat' dir='ltr'><strong>Legimus</strong></span> <span class='ocrx_word' id='word_1_469' title='bbox 1705 4104 1773 4165; x_wconf 87' lang='lat' dir='ltr'><strong>tres</strong></span> 
     </span>
    </p>
   </div>
   <div class='ocr_carea' id='block_1_3' title="bbox 124 4201 1885 4283">
    <p class='ocr_par' dir='ltr' id='par_1_3' title="bbox 124 4201 1885 4283">
     <span class='ocr_line' id='line_1_40' title="bbox 124 4201 1885 4283; baseline -0.007 -16"><span class='ocrx_word' id='word_1_470' title='bbox 124 4206 291 4283; x_wconf 87' lang='lat' dir='ltr'><strong>tamquam</strong></span> <span class='ocrx_word' id='word_1_471' title='bbox 319 4203 361 4264; x_wconf 92' lang='lat' dir='ltr'><strong>ad</strong></span> <span class='ocrx_word' id='word_1_472' title='bbox 386 4203 496 4263; x_wconf 90' lang='lat' dir='ltr'><strong>virum</strong></span> <span class='ocrx_word' id='word_1_473' title='bbox 517 4202 679 4273; x_wconf 91' lang='lat' dir='ltr'><strong>sanctum,</strong></span> <span class='ocrx_word' id='word_1_474' title='bbox 706 4205 816 4262; x_wconf 90' lang='lat' dir='ltr'><strong>tamen</strong></span> <span class='ocrx_word' id='word_1_475' title='bbox 841 4202 921 4262; x_wconf 92' lang='lat' dir='ltr'><strong>tunc</strong></span> <span class='ocrx_word' id='word_1_476' title='bbox 976 4201 1115 4262; x_wconf 92' lang='lat' dir='ltr'><strong>nuncios</strong></span> <span class='ocrx_word' id='word_1_477' title='bbox 1130 4202 1341 4277; x_wconf 77' lang='lat' dir='ltr'><strong>praecessisse</strong></span> <span class='ocrx_word' id='word_1_478' title='bbox 1354 4204 1432 4263; x_wconf 89' lang='lat' dir='ltr'><strong>ante</strong></span> <span class='ocrx_word' id='word_1_479' title='bbox 1446 4201 1623 4263; x_wconf 90' lang='lat' dir='ltr'><strong>Christum.</strong></span> <span class='ocrx_word' id='word_1_480' title='bbox 1641 4202 1774 4262; x_wconf 89' lang='lat' dir='ltr'><strong>Primus</strong></span> <span class='ocrx_word' id='word_1_481' title='bbox 1876 4244 1885 4255; x_wconf 90' lang='lat'><strong>.</strong></span> 
     </span>
    </p>
   </div>
   <div class='ocr_carea' id='block_1_4' title="bbox 123 4287 1804 5746">
    <p class='ocr_par' dir='ltr' id='par_1_4' title="bbox 123 4287 1804 5746">
     <span class='ocr_line' id='line_1_41' title="bbox 125 4287 1804 4381; baseline -0.004 -15"><span class='ocrx_word' id='word_1_482' title='bbox 125 4303 260 4381; x_wconf 87' lang='lat' dir='ltr'><strong>lncoepit</strong></span> <span class='ocrx_word' id='word_1_483' title='bbox 273 4300 447 4363; x_wconf 83' lang='lat' dir='ltr'><strong>manifeste</strong></span> <span class='ocrx_word' id='word_1_484' title='bbox 460 4299 652 4377; x_wconf 86' lang='lat' dir='ltr'><strong>praedicare.</strong></span> <span class='ocrx_word' id='word_1_485' title='bbox 669 4302 715 4360; x_wconf 89' lang='lat' dir='ltr'><strong>De</strong></span> <span class='ocrx_word' id='word_1_486' title='bbox 728 4298 791 4360; x_wconf 91' lang='lat' dir='ltr'><strong>hac</strong></span> <span class='ocrx_word' id='word_1_487' title='bbox 810 4300 922 4360; x_wconf 88' lang='lat' dir='ltr'><strong>osten·</strong></span> <span class='ocrx_word' id='word_1_488' title='bbox 976 4298 1120 4359; x_wconf 91' lang='lat' dir='ltr'><strong>nuncius</strong></span> <span class='ocrx_word' id='word_1_489' title='bbox 1154 4299 1357 4375; x_wconf 73' lang='lat' dir='ltr'><strong>praeparant</strong></span> <span class='ocrx_word' id='word_1_490' title='bbox 1394 4299 1484 4360; x_wconf 90' lang='lat' dir='ltr'><strong>viam</strong></span> <span class='ocrx_word' id='word_1_491' title='bbox 1514 4287 1804 4371; x_wconf 78' lang='lat' dir='ltr'><strong>incarnationis,‘</strong></span> 
     </span>
     <span class='ocr_line' id='line_1_42' title="bbox 125 4396 1775 4470; baseline -0.005 -6"><span class='ocrx_word' id='word_1_492' title='bbox 125 4403 217 4464; x_wconf 87' lang='lat' dir='ltr'><strong>sione</strong></span> <span class='ocrx_word' id='word_1_493' title='bbox 233 4400 315 4461; x_wconf 91' lang='lat' dir='ltr'><strong>dicit</strong></span> <span class='ocrx_word' id='word_1_494' title='bbox 332 4400 457 4459; x_wconf 86' lang='lat' dir='ltr'><strong>Lucas:</strong></span> <span class='ocrx_word' id='word_1_495' title='bbox 474 4399 721 4458; x_wconf 77' lang='lat' dir='ltr'><strong>Fuitlonnnes</strong></span> <span class='ocrx_word' id='word_1_496' title='bbox 735 4399 772 4457; x_wconf 88' lang='lat' dir='ltr'><strong>in</strong></span> <span class='ocrx_word' id='word_1_497' title='bbox 786 4397 922 4458; x_wconf 80' lang='lat' dir='ltr'><strong>deserto</strong></span> <span class='ocrx_word' id='word_1_498' title='bbox 976 4396 1141 4458; x_wconf 89' lang='lat' dir='ltr'><strong>secundus</strong></span> <span class='ocrx_word' id='word_1_499' title='bbox 1176 4396 1265 4458; x_wconf 85' lang='lat' dir='ltr'><strong>viam</strong></span> <span class='ocrx_word' id='word_1_500' title='bbox 1298 4396 1499 4470; x_wconf 86' lang='lat' dir='ltr'><strong>nativitatis,</strong></span> <span class='ocrx_word' id='word_1_501' title='bbox 1536 4397 1653 4458; x_wconf 90' lang='lat' dir='ltr'><strong>tertius</strong></span> <span class='ocrx_word' id='word_1_502' title='bbox 1686 4397 1775 4457; x_wconf 86' lang='lat' dir='ltr'><strong>viam</strong></span> 
     </span>
     <span class='ocr_line' id='line_1_43' title="bbox 125 4493 1774 4574; baseline -0.004 -13"><span class='ocrx_word' id='word_1_503' title='bbox 125 4513 231 4574; x_wconf 79' lang='lat' dir='ltr'><strong>usqne</strong></span> <span class='ocrx_word' id='word_1_504' title='bbox 256 4498 411 4558; x_wconf 81' lang='lat' dir='ltr'><strong>acidiam</strong></span> <span class='ocrx_word' id='word_1_505' title='bbox 434 4495 639 4556; x_wconf 79' lang='lat' dir='ltr'><strong>ostensionis</strong></span> <span class='ocrx_word' id='word_1_506' title='bbox 657 4509 731 4554; x_wconf 79' lang='lat' dir='ltr'><strong>succ</strong></span> <span class='ocrx_word' id='word_1_507' title='bbox 747 4495 792 4554; x_wconf 83' lang='lat' dir='ltr'><strong>ad</strong></span> <span class='ocrx_word' id='word_1_508' title='bbox 810 4497 923 4554; x_wconf 84' lang='lat' dir='ltr'><strong>lsrael</strong></span> <span class='ocrx_word' id='word_1_509' title='bbox 977 4493 1235 4572; x_wconf 78' lang='lat' dir='ltr'><strong>pradicationis.</strong></span> <span class='ocrx_word' id='word_1_510' title='bbox 1261 4497 1326 4555; x_wconf 91' lang='lat' dir='ltr'><strong>Per</strong></span> <span class='ocrx_word' id='word_1_511' title='bbox 1347 4495 1489 4573; x_wconf 90' lang='lat' dir='ltr'><strong>primam</strong></span> <span class='ocrx_word' id='word_1_512' title='bbox 1511 4494 1599 4556; x_wconf 84' lang='lat' dir='ltr'><strong>viam</strong></span> <span class='ocrx_word' id='word_1_513' title='bbox 1621 4496 1712 4556; x_wconf 79' lang='lat' dir='ltr'><strong>venit</strong></span> <span class='ocrx_word' id='word_1_514' title='bbox 1732 4494 1774 4555; x_wconf 91' lang='lat' dir='ltr'><strong>ad</strong></span> 
     </span>
     <span class='ocr_line' id='line_1_44' title="bbox 125 4588 1774 4674; baseline -0.004 -17"><span class='ocrx_word' id='word_1_515' title='bbox 125 4596 217 4674; x_wconf 86' lang='lat' dir='ltr'><strong>(Luc.</strong></span> <span class='ocrx_word' id='word_1_516' title='bbox 234 4610 258 4661; x_wconf 88' lang='lat'><strong>1,</strong></span> <span class='ocrx_word' id='word_1_517' title='bbox 279 4594 345 4670; x_wconf 87' lang='grc'>80).</span> <span class='ocrx_word' id='word_1_518' title='bbox 371 4591 555 4667; x_wconf 87' lang='lat' dir='ltr'><strong>Trigesimo</strong></span> <span class='ocrx_word' id='word_1_519' title='bbox 575 4606 663 4650; x_wconf 92' lang='lat' dir='ltr'><strong>anno</strong></span> <span class='ocrx_word' id='word_1_520' title='bbox 686 4589 810 4650; x_wconf 87' lang='lat' dir='ltr'><strong>Christi</strong></span> <span class='ocrx_word' id='word_1_521' title='bbox 829 4588 922 4650; x_wconf 80' lang='lat' dir='ltr'><strong>venit</strong></span> <span class='ocrx_word' id='word_1_522' title='bbox 976 4591 1134 4669; x_wconf 88' lang='lat' dir='ltr'><strong>templum</strong></span> <span class='ocrx_word' id='word_1_523' title='bbox 1157 4592 1324 4667; x_wconf 89' lang='lat' dir='ltr'><strong>salutare;</strong></span> <span class='ocrx_word' id='word_1_524' title='bbox 1341 4607 1400 4669; x_wconf 92' lang='lat' dir='ltr'><strong>per</strong></span> <span class='ocrx_word' id='word_1_525' title='bbox 1421 4592 1599 4654; x_wconf 89' lang='lat' dir='ltr'><strong>secundam</strong></span> <span class='ocrx_word' id='word_1_526' title='bbox 1621 4591 1714 4652; x_wconf 74' lang='lat' dir='ltr'><strong>uenit</strong></span> <span class='ocrx_word' id='word_1_527' title='bbox 1733 4590 1774 4651; x_wconf 89' lang='lat' dir='ltr'><strong>ad</strong></span> 
     </span>
     <span class='ocr_line' id='line_1_45' title="bbox 124 4686 1775 4771; baseline -0.003 -16"><span class='ocrx_word' id='word_1_528' title='bbox 124 4694 195 4771; x_wconf 87' lang='lat' dir='ltr'><strong>ipse</strong></span> <span class='ocrx_word' id='word_1_529' title='bbox 214 4692 256 4753; x_wconf 87' lang='lat' dir='ltr'><strong>ad</strong></span> <span class='ocrx_word' id='word_1_530' title='bbox 276 4693 450 4761; x_wconf 81' lang='lat' dir='ltr'><strong>loannem,</strong></span> <span class='ocrx_word' id='word_1_531' title='bbox 473 4689 506 4750; x_wconf 93' lang='grc' dir='ltr'><strong>θῖ</strong></span> <span class='ocrx_word' id='word_1_532' title='bbox 526 4687 711 4766; x_wconf 87' lang='lat' dir='ltr'><strong>baptizatus</strong></span> <span class='ocrx_word' id='word_1_533' title='bbox 735 4689 786 4749; x_wconf 90' lang='grc' dir='ltr'><strong>θεῖ</strong></span> <span class='ocrx_word' id='word_1_534' title='bbox 809 4686 849 4748; x_wconf 88' lang='lat' dir='ltr'><strong>ab</strong></span> <span class='ocrx_word' id='word_1_535' title='bbox 870 4703 920 4748; x_wconf 91' lang='lat' dir='ltr'><strong>eo.</strong></span> <span class='ocrx_word' id='word_1_536' title='bbox 976 4690 1136 4768; x_wconf 87' lang='lat' dir='ltr'><strong>templum</strong></span> <span class='ocrx_word' id='word_1_537' title='bbox 1165 4690 1338 4753; x_wconf 90' lang='lat' dir='ltr'><strong>materiale</strong></span> <span class='ocrx_word' id='word_1_538' title='bbox 1355 4713 1362 4765; x_wconf 90' lang='lat'><strong>;</strong></span> <span class='ocrx_word' id='word_1_539' title='bbox 1379 4706 1440 4767; x_wconf 89' lang='lat' dir='ltr'><strong>per</strong></span> <span class='ocrx_word' id='word_1_540' title='bbox 1462 4688 1593 4751; x_wconf 87' lang='lat' dir='ltr'><strong>tertiam</strong></span> <span class='ocrx_word' id='word_1_541' title='bbox 1619 4688 1711 4750; x_wconf 83' lang='lat' dir='ltr'><strong>renit</strong></span> <span class='ocrx_word' id='word_1_542' title='bbox 1733 4687 1775 4750; x_wconf 90' lang='lat' dir='ltr'><strong>ad</strong></span> 
     </span>
     <span class='ocr_line' id='line_1_46' title="bbox 124 4785 1777 4869; baseline -0.002 -16"><span class='ocrx_word' id='word_1_543' title='bbox 124 4789 283 4869; x_wconf 86' lang='lat' dir='ltr'><strong>Sequenti</strong></span> <span class='ocrx_word' id='word_1_544' title='bbox 298 4786 429 4849; x_wconf 87' lang='lat' dir='ltr'><strong>Pascha</strong></span> <span class='ocrx_word' id='word_1_545' title='bbox 443 4790 560 4863; x_wconf 89' lang='lat' dir='ltr'><strong>captus</strong></span> <span class='ocrx_word' id='word_1_546' title='bbox 578 4788 799 4857; x_wconf 80' lang='lat' dir='ltr'><strong>estioannes,</strong></span> <span class='ocrx_word' id='word_1_547' title='bbox 824 4786 924 4847; x_wconf 92' lang='lat' dir='ltr'><strong>etre-</strong></span> <span class='ocrx_word' id='word_1_548' title='bbox 976 4788 1138 4865; x_wconf 87' lang='lat' dir='ltr'><strong>templum</strong></span> <span class='ocrx_word' id='word_1_549' title='bbox 1162 4788 1345 4865; x_wconf 90' lang='lat' dir='ltr'><strong>spirituale.</strong></span> <span class='ocrx_word' id='word_1_550' title='bbox 1373 4787 1520 4848; x_wconf 84' lang='lat' dir='ltr'><strong>Primum</strong></span> <span class='ocrx_word' id='word_1_551' title='bbox 1546 4785 1702 4863; x_wconf 87' lang='lat' dir='ltr'><strong>templum</strong></span> <span class='ocrx_word' id='word_1_552' title='bbox 1726 4789 1777 4850; x_wconf 90' lang='grc' dir='ltr'><strong>θεῖ</strong></span> 
     </span>
     <span class='ocr_line' id='line_1_47' title="bbox 124 4882 1775 4962; baseline -0.002 -11"><span class='ocrx_word' id='word_1_553' title='bbox 124 4890 239 4951; x_wconf 82' lang='lat' dir='ltr'><strong>voluto</strong></span> <span class='ocrx_word' id='word_1_554' title='bbox 263 4902 352 4948; x_wconf 91' lang='lat' dir='ltr'><strong>anno</strong></span> <span class='ocrx_word' id='word_1_555' title='bbox 368 4884 551 4946; x_wconf 90' lang='lat' dir='ltr'><strong>decollatus</strong></span> <span class='ocrx_word' id='word_1_556' title='bbox 565 4885 626 4945; x_wconf 90' lang='grc' dir='ltr'>θεῖ.</span> <span class='ocrx_word' id='word_1_557' title='bbox 644 4883 737 4946; x_wconf 88' lang='lat' dir='ltr'><strong>Unde</strong></span> <span class='ocrx_word' id='word_1_558' title='bbox 753 4884 860 4960; x_wconf 88' lang='lat' dir='ltr'><strong>potest</strong></span> <span class='ocrx_word' id='word_1_559' title='bbox 880 4898 923 4943; x_wconf 85' lang='lat' dir='ltr'><strong>ex</strong></span> <span class='ocrx_word' id='word_1_560' title='bbox 977 4902 1055 4947; x_wconf 89' lang='lat' dir='ltr'><strong>caro</strong></span> <span class='ocrx_word' id='word_1_561' title='bbox 1072 4885 1196 4946; x_wconf 88' lang='lat' dir='ltr'><strong>Christi</strong></span> <span class='ocrx_word' id='word_1_562' title='bbox 1210 4885 1252 4946; x_wconf 91' lang='lat' dir='ltr'><strong>ad</strong></span> <span class='ocrx_word' id='word_1_563' title='bbox 1270 4884 1355 4962; x_wconf 85' lang='lat' dir='ltr'><strong>quod</strong></span> <span class='ocrx_word' id='word_1_564' title='bbox 1378 4883 1470 4944; x_wconf 85' lang='lat' dir='ltr'><strong>venit</strong></span> <span class='ocrx_word' id='word_1_565' title='bbox 1484 4882 1628 4945; x_wconf 88' lang='lat' dir='ltr'><strong>Verbum</strong></span> <span class='ocrx_word' id='word_1_566' title='bbox 1653 4885 1775 4947; x_wconf 89' lang='lat' dir='ltr'><strong>Patris.</strong></span> 
     </span>
     <span class='ocr_line' id='line_1_48' title="bbox 124 4980 1774 5061; baseline -0.004 -12"><span class='ocrx_word' id='word_1_567' title='bbox 124 4988 187 5049; x_wconf 92' lang='lat' dir='ltr'><strong>hoc</strong></span> <span class='ocrx_word' id='word_1_568' title='bbox 201 4985 328 5060; x_wconf 85' lang='lat' dir='ltr'><strong>colligi,</strong></span> <span class='ocrx_word' id='word_1_569' title='bbox 342 4983 428 5061; x_wconf 84' lang='lat' dir='ltr'><strong>quod</strong></span> <span class='ocrx_word' id='word_1_570' title='bbox 448 4983 539 5044; x_wconf 90' lang='lat' dir='ltr'><strong>tanto</strong></span> <span class='ocrx_word' id='word_1_571' title='bbox 562 4983 710 5058; x_wconf 89' lang='lat' dir='ltr'><strong>tempore</strong></span> <span class='ocrx_word' id='word_1_572' title='bbox 728 4980 923 5059; x_wconf 74' lang='lat' dir='ltr'><strong>praedicavit</strong></span> <span class='ocrx_word' id='word_1_573' title='bbox 978 4983 1038 5044; x_wconf 84' lang='lat' dir='ltr'><strong>Vel</strong></span> <span class='ocrx_word' id='word_1_574' title='bbox 1062 4981 1144 5042; x_wconf 91' lang='lat' dir='ltr'><strong>illud</strong></span> <span class='ocrx_word' id='word_1_575' title='bbox 1166 4981 1324 5058; x_wconf 89' lang='lat' dir='ltr'><strong>templum</strong></span> <span class='ocrx_word' id='word_1_576' title='bbox 1345 4982 1395 5042; x_wconf 88' lang='lat' dir='ltr'><strong>est</strong></span> <span class='ocrx_word' id='word_1_577' title='bbox 1420 4981 1534 5042; x_wconf 84' lang='lat' dir='ltr'><strong>uterus</strong></span> <span class='ocrx_word' id='word_1_578' title='bbox 1554 4981 1715 5057; x_wconf 83' lang='lat' dir='ltr'><strong>Virginis,</strong></span> <span class='ocrx_word' id='word_1_579' title='bbox 1739 4983 1774 5043; x_wconf 94' lang='lat' dir='ltr'><strong>in</strong></span> 
     </span>
     <span class='ocr_line' id='line_1_49' title="bbox 123 5077 1777 5159; baseline -0.004 -10"><span class='ocrx_word' id='word_1_580' title='bbox 123 5089 283 5155; x_wconf 78' lang='lat' dir='ltr'><strong>loannes,</strong></span> <span class='ocrx_word' id='word_1_581' title='bbox 301 5083 425 5159; x_wconf 84' lang='lat' dir='ltr'><strong>quanto</strong></span> <span class='ocrx_word' id='word_1_582' title='bbox 444 5079 637 5157; x_wconf 77' lang='lat' dir='ltr'><strong>praedicavit</strong></span> <span class='ocrx_word' id='word_1_583' title='bbox 651 5079 813 5151; x_wconf 90' lang='lat' dir='ltr'><strong>Christus,</strong></span> <span class='ocrx_word' id='word_1_584' title='bbox 831 5078 924 5140; x_wconf 91' lang='lat' dir='ltr'><strong>scili·</strong></span> <span class='ocrx_word' id='word_1_585' title='bbox 978 5097 1041 5157; x_wconf 88' lang='lat' dir='ltr'><strong>quo</strong></span> <span class='ocrx_word' id='word_1_586' title='bbox 1064 5094 1198 5141; x_wconf 88' lang='lat' dir='ltr'><strong>carnem</strong></span> <span class='ocrx_word' id='word_1_587' title='bbox 1214 5078 1343 5155; x_wconf 92' lang='lat' dir='ltr'><strong>accepit</strong></span> <span class='ocrx_word' id='word_1_588' title='bbox 1361 5077 1467 5139; x_wconf 84' lang='lat' dir='ltr'><strong>Filius</strong></span> <span class='ocrx_word' id='word_1_589' title='bbox 1491 5079 1550 5140; x_wconf 86' lang='lat' dir='ltr'><strong>Dei</strong></span> <span class='ocrx_word' id='word_1_590' title='bbox 1570 5078 1690 5141; x_wconf 89' lang='lat' dir='ltr'><strong>Patris.</strong></span> <span class='ocrx_word' id='word_1_591' title='bbox 1716 5084 1777 5143; x_wconf 90' lang='lat' dir='ltr'><strong>Se-</strong></span> 
     </span>
     <span class='ocr_line' id='line_1_50' title="bbox 123 5176 1778 5256; baseline -0.003 -10"><span class='ocrx_word' id='word_1_592' title='bbox 123 5185 187 5256; x_wconf 90' lang='lat' dir='ltr'><strong>cet,</strong></span> <span class='ocrx_word' id='word_1_593' title='bbox 201 5180 331 5244; x_wconf 89' lang='lat' dir='ltr'><strong>duobus</strong></span> <span class='ocrx_word' id='word_1_594' title='bbox 347 5179 445 5240; x_wconf 89' lang='lat' dir='ltr'><strong>annis</strong></span> <span class='ocrx_word' id='word_1_595' title='bbox 461 5179 494 5240; x_wconf 91' lang='lat' dir='ltr'><strong>et</strong></span> <span class='ocrx_word' id='word_1_596' title='bbox 508 5177 657 5250; x_wconf 92' lang='lat' dir='ltr'><strong>dimidio,</strong></span> <span class='ocrx_word' id='word_1_597' title='bbox 673 5176 725 5239; x_wconf 90' lang='lat' dir='ltr'><strong>vel</strong></span> <span class='ocrx_word' id='word_1_598' title='bbox 739 5177 846 5255; x_wconf 86' lang='lat' dir='ltr'><strong>quasi.</strong></span> <span class='ocrx_word' id='word_1_599' title='bbox 861 5177 921 5249; x_wconf 89' lang='lat' dir='ltr'><strong>Qui</strong></span> <span class='ocrx_word' id='word_1_600' title='bbox 978 5179 1120 5239; x_wconf 86' lang='lat' dir='ltr'><strong>cundum</strong></span> <span class='ocrx_word' id='word_1_601' title='bbox 1136 5177 1295 5253; x_wconf 89' lang='lat' dir='ltr'><strong>templum</strong></span> <span class='ocrx_word' id='word_1_602' title='bbox 1316 5177 1367 5238; x_wconf 92' lang='lat' dir='ltr'><strong>est</strong></span> <span class='ocrx_word' id='word_1_603' title='bbox 1381 5176 1421 5238; x_wconf 89' lang='lat' dir='ltr'><strong>de</strong></span> <span class='ocrx_word' id='word_1_604' title='bbox 1443 5176 1608 5254; x_wconf 90' lang='lat' dir='ltr'><strong>lapidibus</strong></span> <span class='ocrx_word' id='word_1_605' title='bbox 1623 5180 1778 5241; x_wconf 88' lang='lat' dir='ltr'><strong>materia·</strong></span> 
     </span>
     <span class='ocr_line' id='line_1_51' title="bbox 124 5256 1775 5358; baseline 0 -18"><span class='ocrx_word' id='word_1_606' title='bbox 124 5298 204 5358; x_wconf 77' lang='lat' dir='ltr'><strong>ergo</strong></span> <span class='ocrx_word' id='word_1_607' title='bbox 229 5256 423 5354; x_wconf 66' lang='lat' dir='ltr'><strong>segregatus</strong></span> <span class='ocrx_word' id='word_1_608' title='bbox 442 5275 483 5336; x_wconf 90' lang='lat' dir='ltr'><strong>ab</strong></span> <span class='ocrx_word' id='word_1_609' title='bbox 505 5275 696 5336; x_wconf 89' lang='lat' dir='ltr'><strong>hominibus</strong></span> <span class='ocrx_word' id='word_1_610' title='bbox 720 5275 815 5346; x_wconf 83' lang='lat' dir='ltr'><strong>vixit,</strong></span> <span class='ocrx_word' id='word_1_611' title='bbox 835 5275 924 5337; x_wconf 87' lang='lat' dir='ltr'><strong>inter</strong></span> <span class='ocrx_word' id='word_1_612' title='bbox 977 5275 1076 5337; x_wconf 90' lang='lat' dir='ltr'><strong>libus.</strong></span> <span class='ocrx_word' id='word_1_613' title='bbox 1093 5275 1240 5337; x_wconf 83' lang='lat' dir='ltr'><strong>Tertium</strong></span> <span class='ocrx_word' id='word_1_614' title='bbox 1258 5274 1309 5335; x_wconf 91' lang='lat' dir='ltr'><strong>est</strong></span> <span class='ocrx_word' id='word_1_615' title='bbox 1324 5275 1537 5351; x_wconf 85' lang='lat' dir='ltr'><strong>congregatio</strong></span> <span class='ocrx_word' id='word_1_616' title='bbox 1552 5275 1710 5351; x_wconf 80' lang='lat' dir='ltr'><strong>fidelium.</strong></span> <span class='ocrx_word' id='word_1_617' title='bbox 1727 5279 1775 5340; x_wconf 81' lang='lat' dir='ltr'><strong>hd</strong></span> 
     </span>
     <span class='ocr_line' id='line_1_52' title="bbox 125 5372 1776 5456; baseline -0.002 -14"><span class='ocrx_word' id='word_1_618' title='bbox 125 5379 263 5456; x_wconf 86' lang='lat' dir='ltr'><strong>angelos</strong></span> <span class='ocrx_word' id='word_1_619' title='bbox 271 5374 561 5437; x_wconf 87' lang='lat' dir='ltr'><strong>conversationem</strong></span> <span class='ocrx_word' id='word_1_620' title='bbox 571 5373 711 5434; x_wconf 91' lang='lat' dir='ltr'><strong>Domino</strong></span> <span class='ocrx_word' id='word_1_621' title='bbox 726 5375 922 5451; x_wconf 88' lang='lat' dir='ltr'><strong>conjunctus</strong></span> <span class='ocrx_word' id='word_1_622' title='bbox 978 5374 1040 5435; x_wconf 92' lang='lat' dir='ltr'><strong>hoc</strong></span> <span class='ocrx_word' id='word_1_623' title='bbox 1052 5372 1221 5450; x_wconf 89' lang='lat' dir='ltr'><strong>templum,</strong></span> <span class='ocrx_word' id='word_1_624' title='bbox 1232 5373 1318 5451; x_wconf 87' lang='lat' dir='ltr'><strong>quod</strong></span> <span class='ocrx_word' id='word_1_625' title='bbox 1331 5373 1383 5434; x_wconf 90' lang='grc' dir='ltr'><strong>θεῖ</strong></span> <span class='ocrx_word' id='word_1_626' title='bbox 1397 5372 1557 5446; x_wconf 86' lang='lat' dir='ltr'><strong>Ecclesia,</strong></span> <span class='ocrx_word' id='word_1_627' title='bbox 1569 5374 1661 5436; x_wconf 85' lang='lat' dir='ltr'><strong>venii</strong></span> <span class='ocrx_word' id='word_1_628' title='bbox 1678 5377 1776 5438; x_wconf 81' lang='lat' dir='ltr'><strong>iesus</strong></span> 
     </span>
     <span class='ocr_line' id='line_1_53' title="bbox 125 5470 1778 5550; baseline -0.004 -9"><span class='ocrx_word' id='word_1_629' title='bbox 125 5478 252 5541; x_wconf 89' lang='lat' dir='ltr'><strong>habuit.</strong></span> <span class='ocrx_word' id='word_1_630' title='bbox 270 5473 333 5546; x_wconf 89' lang='lat' dir='ltr'><strong>Qui</strong></span> <span class='ocrx_word' id='word_1_631' title='bbox 352 5472 440 5533; x_wconf 87' lang='lat' dir='ltr'><strong>enim</strong></span> <span class='ocrx_word' id='word_1_632' title='bbox 455 5474 569 5533; x_wconf 88' lang='lat' dir='ltr'><strong>sancte</strong></span> <span class='ocrx_word' id='word_1_633' title='bbox 584 5471 617 5533; x_wconf 91' lang='lat' dir='ltr'><strong>et</strong></span> <span class='ocrx_word' id='word_1_634' title='bbox 638 5471 793 5546; x_wconf 81' lang='lat' dir='ltr'><strong>religiose</strong></span> <span class='ocrx_word' id='word_1_635' title='bbox 808 5470 925 5533; x_wconf 82' lang='lat' dir='ltr'><strong>vivunt</strong></span> <span class='ocrx_word' id='word_1_636' title='bbox 978 5487 1037 5550; x_wconf 90' lang='lat' dir='ltr'><strong>per</strong></span> <span class='ocrx_word' id='word_1_637' title='bbox 1051 5470 1321 5548; x_wconf 76' lang='lat' dir='ltr'><strong>praedicationem</strong></span> <span class='ocrx_word' id='word_1_638' title='bbox 1336 5470 1486 5532; x_wconf 81' lang='lat' dir='ltr'><strong>loannis.</strong></span> <span class='ocrx_word' id='word_1_639' title='bbox 1503 5473 1577 5547; x_wconf 91' lang='lat' dir='ltr'><strong>lpse</strong></span> <span class='ocrx_word' id='word_1_640' title='bbox 1590 5472 1677 5532; x_wconf 91' lang='lat' dir='ltr'><strong>enim</strong></span> <span class='ocrx_word' id='word_1_641' title='bbox 1691 5475 1778 5535; x_wconf 88' lang='lat' dir='ltr'><strong>tam-</strong></span> 
     </span>
     <span class='ocr_line' id='line_1_54' title="bbox 125 5568 1775 5647; baseline -0.004 -7"><span class='ocrx_word' id='word_1_642' title='bbox 125 5579 159 5640; x_wconf 91' lang='lat' dir='ltr'><strong>in</strong></span> <span class='ocrx_word' id='word_1_643' title='bbox 174 5576 239 5638; x_wconf 92' lang='lat' dir='ltr'><strong>hoc</strong></span> <span class='ocrx_word' id='word_1_644' title='bbox 251 5571 387 5644; x_wconf 90' lang='lat' dir='ltr'><strong>mundo,</strong></span> <span class='ocrx_word' id='word_1_645' title='bbox 402 5570 520 5631; x_wconf 86' lang='lat' dir='ltr'><strong>merito</strong></span> <span class='ocrx_word' id='word_1_646' title='bbox 534 5569 646 5645; x_wconf 84' lang='lat' dir='ltr'><strong>angeli</strong></span> <span class='ocrx_word' id='word_1_647' title='bbox 662 5584 737 5631; x_wconf 88' lang='lat' dir='ltr'><strong>esse</strong></span> <span class='ocrx_word' id='word_1_648' title='bbox 755 5569 921 5630; x_wconf 87' lang='lat' dir='ltr'><strong>dicuntur.</strong></span> <span class='ocrx_word' id='word_1_649' title='bbox 978 5585 1076 5646; x_wconf 86' lang='lat' dir='ltr'><strong>quam</strong></span> <span class='ocrx_word' id='word_1_650' title='bbox 1092 5569 1218 5630; x_wconf 90' lang='lat' dir='ltr'><strong>amicus</strong></span> <span class='ocrx_word' id='word_1_651' title='bbox 1234 5568 1347 5647; x_wconf 92' lang='lat' dir='ltr'><strong>sponsi</strong></span> <span class='ocrx_word' id='word_1_652' title='bbox 1359 5568 1555 5641; x_wconf 83' lang='lat' dir='ltr'><strong>introduxit,</strong></span> <span class='ocrx_word' id='word_1_653' title='bbox 1573 5569 1710 5642; x_wconf 90' lang='lat' dir='ltr'><strong>scilicet,</strong></span> <span class='ocrx_word' id='word_1_654' title='bbox 1733 5572 1775 5633; x_wconf 89' lang='lat' dir='ltr'><strong>ad</strong></span> 
     </span>
     <span class='ocr_line' id='line_1_55' title="bbox 124 5666 1774 5746; baseline -0.005 -7"><span class='ocrx_word' id='word_1_655' title='bbox 124 5675 220 5739; x_wconf 87' lang='lat' dir='ltr'><strong>Talis·</strong></span> <span class='ocrx_word' id='word_1_656' title='bbox 231 5671 296 5735; x_wconf 84' lang='lat' dir='ltr'><strong>luit</strong></span> <span class='ocrx_word' id='word_1_657' title='bbox 308 5670 425 5733; x_wconf 89' lang='lat' dir='ltr'><strong>beatus</strong></span> <span class='ocrx_word' id='word_1_658' title='bbox 443 5671 590 5733; x_wconf 79' lang='lat' dir='ltr'><strong>ioannes</strong></span> <span class='ocrx_word' id='word_1_659' title='bbox 602 5667 761 5746; x_wconf 85' lang='lat' dir='ltr'><strong>Baptista,</strong></span> <span class='ocrx_word' id='word_1_660' title='bbox 778 5666 834 5746; x_wconf 81' lang='lat' dir='ltr'><strong>qui</strong></span> <span class='ocrx_word' id='word_1_661' title='bbox 850 5682 925 5730; x_wconf 90' lang='lat' dir='ltr'><strong>cun·</strong></span> <span class='ocrx_word' id='word_1_662' title='bbox 979 5667 1162 5731; x_wconf 85' lang='lat' dir='ltr'><strong>Ecclesiam</strong></span> <span class='ocrx_word' id='word_1_663' title='bbox 1184 5682 1277 5731; x_wconf 88' lang='lat' dir='ltr'><strong>suam</strong></span> <span class='ocrx_word' id='word_1_664' title='bbox 1302 5681 1469 5745; x_wconf 86' lang='lat' dir='ltr'><strong>sponsam,</strong></span> <span class='ocrx_word' id='word_1_665' title='bbox 1495 5682 1569 5745; x_wconf 79' lang='lat' dir='ltr'><strong>qun</strong></span> <span class='ocrx_word' id='word_1_666' title='bbox 1588 5683 1666 5730; x_wconf 85' lang='lat' dir='ltr'><strong>vere</strong></span> <span class='ocrx_word' id='word_1_667' title='bbox 1686 5669 1774 5731; x_wconf 90' lang='lat' dir='ltr'><strong>tem·</strong></span> 
     </span>
    </p>
   </div>
   <div class='ocr_carea' id='block_1_5' title="bbox 0 0 1914 6164">
    <p class='ocr_par' dir='ltr' id='par_1_5' title="bbox 0 0 1914 6164">
     <span class='ocr_line' id='line_1_56' title="bbox 0 0 1914 6164; baseline 0 0"><span class='ocrx_word' id='word_1_668' title='bbox 0 0 1914 6164; x_wconf 95' lang='lat' dir='ltr'><strong> </strong></span> 
     </span>
    </p>
   </div>
  </div>
 </body>
</html>
