3794 6166
116 267 177 326 iou
741 262 974 324 briareum.
999 264 1076 328 LIB.
1102 263 1141 322 ll.
1708 262 1769 323 710
1871 270 1874 276 '

117 424 248 488 dilectis
261 423 340 486 filiis
355 427 500 486 Amanso
512 422 627 502 priori,
645 426 678 487 et
692 419 851 487 iratribus
863 437 915 485 ec·
967 422 1131 484 canonico
1166 421 1381 500 procuratore
1413 421 1616 484 venerabilis
1652 420 1767 484 fratris

117 523 232 586 clasiae
247 524 372 585 sanctae
386 523 502 584 Marias
513 521 674 584 dedeina
689 523 756 584 tarn
772 536 916 600 proesen-
970 520 1112 581 nostrl...
1130 521 1294 580 senonen.
1311 519 1555 598 archiepiscopi
1581 520 1764 607 asserente,

117 619 737 698 tibusquamtuturisregularemvitam
744 614 912 698 protessis,
968 613 1055 695 quod
1071 616 1211 680 dilectus
1223 616 1312 679 iilius
1326 620 1356 681 i.
1373 620 1539 681 senonen.
1556 617 1768 679 archidiaco-

119 721 197 790 etc„
210 718 251 780 de
262 717 383 796 quibus
396 717 469 779 baec
479 718 623 795 propriis
637 715 792 779 duximus
808 717 916 795 expri·
969 726 1035 776 nus
1046 712 1125 776 olim
1137 715 1320 792 resignavit
1332 717 1523 794 utrumque;
1542 715 1577 777 ln
1590 715 1664 793 ipsa
1676 717 1766 777 resi·

119 814 915 894 mendavocabulis;locumipsuminquopraelata
969 814 1126 889 guntione
1138 830 1175 876 se
1188 818 1277 888 voto,
1294 815 1346 875 vel
1364 815 1556 892 juramento
1577 814 1767 890 astringens

118 914 262 976 ecclesia
284 914 348 975 sita
362 915 423 987 est,
440 930 514 976 cum
529 913 684 976 omnibus
707 913 916 991 pertiuentiis
970 910 1055 988 quod
1071 924 1111 973 ea
1126 911 1166 973 de
1180 912 1301 974 cetero
1314 912 1387 973 sine
1400 912 1651 989 dispensatione
1662 912 1770 989 Apos-

119 1013 202 1084 suis‚
216 1012 331 1074 domos
345 1013 379 1074 et
392 1012 620 1090 possessiones
630 1026 705 1074 cum
716 1012 823 1074 vineis
833 1027 916 1090 quas
970 1009 1071 1071 tolica
1086 1023 1152 1071 non
1167 1011 1340 1087 reciperet,
1356 1011 1408 1072 vel
1418 1010 1557 1082 teneret,
1570 1010 1643 1087 ipso
1657 1011 1769 1072 autem

120 1111 252 1172 habetis
280 1110 368 1187 apud
389 1110 583 1182 Albaniam,
611 1113 645 1173 et
669 1113 793 1173 terram
817 1124 917 1188 quam
970 1107 1218 1181 archidiacone,
1246 1108 1333 1186 qrrod
1356 1108 1398 1170 de
1419 1109 1496 1170 voto
1520 1108 1553 1170 et
1577 1108 1768 1186 juramento

121 1208 346 1286 habetisapud
358 1210 501 1270 montem
517 1207 787 1271 Rotundumcum
800 1208 915 1287 pratis,
971 1207 1181 1283 praemissum
1195 1209 1247 1269 est
1263 1205 1434 1268 inficiente
1449 1206 1595 1279 omnino,
1621 1205 1655 1268 et
1677 1204 1771 1267 aidr-
1816 1240 1818 1245 ·

120 1307 234 1377 terris,
258 1306 408 1382 usuagiis
428 1309 461 1368 et
484 1307 617 1384 pascuis
639 1307 675 1369 in
698 1306 798 1369 bosco
826 1308 859 1369 et
881 1306 916 1367 in
972 1307 1083 1367 manta
1104 1304 1190 1382 quod
1219 1320 1338 1367 revera
1367 1304 1579 1383 praebendam
1605 1304 1712 1382 ipsam
1738 1304 1771 1390 et

120 1403 234 1480 plano,
250 1403 286 1464 in
307 1404 415 1482 aquis,
439 1404 475 1465 in
497 1404 659 1477 terminis,
681 1405 715 1467 et
735 1404 863 1466 semitis
885 1406 919 1465 et
971 1401 1280 1465 archidiaconatum
1305 1392 1503 1481 simpliciter
1525 1402 1721 1480 resignavit,
1738 1403 1772 1462 et

118 1501 274 1563 omnibus
287 1501 366 1564 aliis
386 1500 595 1564 libertatibus
615 1503 697 1576 suis,
714 1503 776 1566 etc.
793 1501 916 1564 Probi·
972 1493 1180 1577 postmodum
1193 1517 1252 1578 per
1262 1501 1413 1563 eumdem
1425 1501 1713 1578 archiepiscopum
1728 1497 1770 1560 de

120 1599 238 1661 bemus
254 1599 392 1677 insuper
406 1601 443 1662 ut
465 1599 549 1661 nulli
570 1600 709 1663 hamum
731 1600 918 1663 vestrorum
972 1600 1113 1677 utroque
1126 1597 1189 1661 tuit
1213 1600 1247 1660 ln
1274 1601 1438 1661 senonen.
1464 1599 1610 1676 capitulo
1626 1597 1770 1660 investi-

120 1699 197 1775 post
210 1696 331 1759 lacum
346 1697 382 1758 tu
397 1699 600 1760 monasterio
613 1697 853 1775 professionem
869 1697 918 1759 fas
971 1697 1036 1757 tus.
1051 1698 1120 1758 Nos
1133 1697 1283 1759 volentes
1296 1710 1397 1774 super
1409 1697 1452 1758 iis
1467 1705 1511 1758 ex
1531 1696 1641 1759 officio
1657 1697 1771 1757 nostro

120 1796 176 1866 sit,
193 1795 268 1856 siue
288 1794 417 1857 abbatis
435 1796 488 1857 sui
507 1796 654 1869 licentia,
679 1797 745 1858 nisi
765 1796 918 1859 arctioris
971 1793 1144 1871 manirera
1156 1794 1342 1866 veritatem,
1359 1794 1553 1857 discretioni
1571 1794 1692 1856 vestrm
1713 1808 1773 1870 per

120 1893 297 1970 religionis
315 1892 461 1966 obtentu,
485 1893 525 1957 de
540 1895 655 1957 eodem
678 1895 751 1957 loco
766 1894 918 1956 discede-
971 1893 1160 1970 apostolica
1175 1893 1298 1971 scripta
1314 1893 1521 1964 mandamus,
1539 1893 1703 1971 quatenus
1715 1906 1772 1952 re-

119 2005 172 2062 re,
191 1992 254 2053 etc.
280 2006 381 2068 quum
396 1991 508 2053 autem
531 1993 688 2068 generale
706 1992 919 2055 interdictum
973 1993 1068 2068 cepto
1083 2004 1185 2069 super
1197 1991 1260 2052 boo
1271 1992 1462 2069 juramento
1475 2006 1496 2052 a
1509 1990 1642 2053 dilectis
1652 1988 1771 2051 filiis...

121 2091 225 2151 terrae
243 2088 355 2158 bresit,
371 2088 470 2151 liceat
483 2089 579 2152 vobis
596 2090 721 2152 clausis
729 2091 846 2168 januis
861 2107 919 2153 ec-
973 2086 1103 2161 abbate,
1117 2103 1194 2151 ac...
1212 2089 1323 2166 priore
1339 2089 1452 2152 Sancti
1466 2088 1622 2160 Victoris,
1648 2088 1774 2163 magis·
1802 2075 1817 2101 '

121 2186 236 2248 clesiae
249 2188 544 2250 excommunicatis
556 2190 589 2250 et
603 2187 789 2251 interdictis
802 2187 921 2266 expul—
973 2185 1026 2247 tro
1039 2188 1076 2247 P.
1092 2186 1261 2263 capuano,
1279 2187 1439 2249 canonico
1453 2186 1618 2248 Senonen.
1635 2187 1675 2249 R.
1685 2184 1773 2247 dicto

120 2284 181 2357 sis,
197 2282 265 2346 nou'
278 2285 418 2362 pulsatis
433 2286 613 2362 campanis,
630 2294 810 2364 suppressa
825 2294 918 2357 voce,
974 2283 1157 2362 capellano,
1172 2286 1205 2347 et
1217 2285 1376 2362 magistro
1397 2286 1437 2348 R.
1454 2285 1495 2346 de
1517 2284 1642 2357 Remis,
1667 2298 1773 2346 cauo-

120 2383 237 2444 divina
245 2382 355 2444 cilicia
363 2381 544 2459 celebrare3
554 2383 700 2445 chrisma
709 2398 801 2457 voro,
810 2383 920 2445 oleum
974 2381 1061 2443 uicis
1076 2382 1254 2454 Paridem,
1270 2383 1327 2460 qui
1343 2382 1562 2459 resignationi
1583 2383 1654 2460 jam
1675 2381 1773 2444 dictae

122 2481 922 2555 sacrum,cousecrati0uesaltariumseubasili-
973 2480 1165 2542 interfuisse
1185 2480 1351 2552 dicuutur,
1366 2497 1423 2542 eos
1447 2494 1548 2558 super
1567 2479 1770 2558 juramento,

120 2594 250 2650 carum,
267 2578 495 2641 ordinationes
512 2579 721 2651 clericorum,
738 2580 794 2658 qui
808 2580 850 2642 ad
866 2596 922 2642 sa·
974 2580 1007 2639 et
1029 2578 1105 2639 voto
1127 2578 1296 2655 praedictis
1318 2577 1498 2656 inquiratis
1520 2578 1561 2639 de
1577 2577 1678 2655 plano
1691 2576 1773 2637 dili-

122 2692 199 2737 cras
214 2677 442 2739 ordinationes
463 2677 587 2739 tuerint
605 2678 832 2754 promovendi,
846 2693 922 2739 sus-
974 2675 1106 2752 gentius
1132 2676 1318 2748 veritatem,
1346 2676 1414 2737 tam
1443 2692 1545 2751 super
1575 2675 1775 2738 investitura
1850 2733 1852 2743 ,

122 2774 255 2851 cipietis
275 2774 318 2835 ab
340 2774 507 2853 episcopo,
533 2775 714 2853 siquidem
737 2776 921 2838 catholicus
975 2772 1163 2850 praebendae
1191 2788 1231 2836 ac
1255 2772 1558 2846 archidiaconatus,
1583 2781 1658 2850 quae
1689 2771 1777 2835 iacta

123 2871 234 2943 tuerit,
260 2873 294 2933 et
313 2872 582 2935 communionem
611 2875 832 2935 sacrosanctae
855 2877 923 2936 Ro·
976 2871 1171 2948 proponitur
1185 2871 1220 2933 in
1234 2871 1380 2949 capitulo
1393 2874 1559 2933 Senonen.
1571 2870 1776 2948 pereos,qui

122 2985 232 3031 manae
249 2970 343 3031 Sedis
367 2970 530 3044 babuerit,
551 2973 585 3032 et
608 2985 649 3033 ea
666 2971 761 3033 vobis
779 2971 924 3034 voluerit
977 2967 1201 3031 interfuerunt
1211 2971 1280 3031 tam
1290 2970 1469 3031 canonicos
1481 2984 1580 3047 quam
1591 2968 1675 3030 alios
1686 2966 1778 3051 simi·

123 3068 200 3128 sine
228 3067 392 3145 pravitate
422 3069 537 3146 aliqua
566 3069 737 3131 exhibere.
766 3070 923 3147 Alioquin
976 3066 1054 3127 liter
1074 3066 1285 3145 inquirendo,
1315 3068 1349 3128 et
1378 3067 1464 3144 quod
1493 3066 1691 3129 inveneritis
1716 3081 1776 3144 per

122 3165 219 3227 vobis
232 3166 330 3228 liceat
345 3180 587 3244 quemcumque
602 3167 786 3229 malueritis
812 3167 924 3228 catho-
976 3164 1108 3225 vestras
1119 3163 1214 3226 nobis
1224 3163 1354 3226 litteras
1365 3163 1775 3235 ddelitertntimetis,utea

124 3262 226 3323 licum
240 3260 334 3324 adire
351 3263 544 3335 antistitem,
565 3264 708 3341 gratiam
726 3264 760 3325 et
773 3277 924 3325 commu·
981 3261 1114 3337 cognita
1127 3260 1290 3323 iaciamus
1303 3260 1388 3339 quod
1407 3260 1592 3322 videbimus
1605 3258 1773 3339 expedire.

123 3360 258 3420 niouem
266 3361 465 3437 apostolicae
475 3361 571 3422 Sedis
582 3359 768 3433 habentem,
780 3363 837 3439 qui
848 3376 923 3423 nos·
977 3360 1096 3420 Datum
1110 3361 1223 3422 Romae
1234 3359 1321 3437 apud
1331 3360 1488 3421 Sanctum
1498 3360 1644 3432 Petrum,
1659 3358 1775 3437 qmnto

124 3459 177 3518 tra
188 3457 712 3536 iretusauctoritate,vobisquod
724 3459 921 3536 postulatur,
978 3455 1247 3529 kalendasmaii,
1263 3472 1352 3520 auno
1373 3457 1529 3519 secundo.

125 3555 306 3632 impendat,
322 3558 357 3617 et
371 3557 464 3617 salva
475 3555 925 3634 sedisapostolieaanctori-

125 3653 196 3714 tate
226 3653 260 3715 et
287 3653 468 3716 dioecesani
491 3654 638 3733 episcopi
666 3654 828 3717 canonica
847 3657 925 3733 jus·
1309 3618 1447 3705 (ΝΗ

125 3751 212 3822 titia,
228 3753 294 3813 etc.
977 3752 1030 3811 Ad
1053 3751 1209 3813 meatem
1227 3752 1346 3813 Sancti
1369 3752 1551 3822 lenerents,
1567 3751 1778 3828 magistram

166 3851 285 3911 Datum
300 3851 415 3912 Romae
437 3849 524 3928 apud
540 3851 697 3912 Sanctum
712 3851 846 3913 Petrum
866 3866 925 3929 per
1017 3850 1059 3908 P.
1093 3850 1306 3911 canonicum
1344 3851 1527 3921 Senones„
1565 3849 1778 3924 stepaanum

125 3961 262 4008 manum
281 3947 440 4025 Raynerii
455 3948 579 4009 sancte
595 3950 753 4011 Romanas
767 3949 923 4010 Ecclesiae
1019 3948 1279 4010 thesaurctrtum
1313 3949 1355 4009 dc
1388 3949 1549 4019 Brtenn„
1569 3949 1778 4010 Sertoncmts

124 4043 404 4116 vicecancellarii,
414 4047 443 4106 V
458 4044 620 4107 kalendas
634 4046 725 4118 mali,
743 4046 924 4109 indictione
1018 4044 1185 4108 dioecests.

125 4143 620 4213 Vl,lncaruatiouls1)omiuicae
627 4145 921 4216 annoMGGXVIII,
1265 4123 1300 4182 ²⁷
1315 4123 1397 4198 illst·
1415 4123 1494 4184 ¹²¹⁸·

127 4239 339 4317 pontificatus
353 4256 433 4302 vero
447 4242 588 4304 Honorii
608 4245 707 4320 Papae
727 4242 819 4304 tertii
835 4257 924 4304 anno
1009 4229 1224 4296 [semestrua
1235 4231 1308 4294 spru.
1324 4229 1747 4291 ¹⁰³¹·ffle1121'0ri0duffllt
1836 4320 1839 4324 ,

124 4337 282 4400 secundo.
978 4327 1093 4387 llandat
1113 4335 1143 4384 ui
1162 4326 1288 4385 debitum
1310 4328 1397 4385 linem
1422 4328 1583 4401 perducant
1596 4342 1692 4386 cousoe
1714 4342 1778 4400 que

465 4454 584 4541 CCVI
1013 4417 1347 4518 oliminterapiaeopum
1358 4415 1585 4475 Autisnodoren.
1600 4417 1777 4475 etcomitem

1013 4508 1222 4565 erernensem
1239 4513 1406 4563 emerserat.

124 4589 342 4651 mmm
355 4589 927 4653 Prmm‘rmmemefflmn'
1018 4622 1198 4696 Honorius,
1235 4624 1310 4684 etc.
1342 4623 1472 4685 dilectis
1512 4623 1629 4694 liliis„
1647 4621 1777 4693 ,abbati

332 4701 408 4748 sem
423 4688 715 4749 mmmmm·
979 4719 1091 4783 Sancti
1117 4720 1291 4792 lobannis,
1313 4723 1346 4782 et
1372 4721 1533 4797 magistro
1556 4723 1592 4781 P.
1614 4721 1777 4781 canonico

415 4809 448 4866 ²⁷
463 4808 544 4880 iiffl·
559 4807 638 4867 ¹²¹⁸·
979 4822 1158 4886 senonen„
1183 4821 1216 4880 et
1231 4819 1399 4895 Stephano
1425 4819 1572 4880 thesaur.
1597 4818 1639 4879 de'
1656 4817 1777 4880 Briau-

157 4913 537 4978 [asgas.,lib.11,apissloit.
550 4914 786 4966 babarorum
799 4915 894 4980 med]
980 4933 1067 4987 nen„
1084 4919 1249 4978 Senonen.
1262 4915 1429 4978 dioecesis.

125 5011 243 5070 lisudst
256 5019 288 5071 ut
306 5012 451 5084 incubant
463 5011 500 5070 de
524 5011 692 5070 invesutura
713 5011 874 5085 prebenda
896 5020 926 5070 et
1018 5013 1227 5077 Venerabilis
1240 5013 1774 5076 eaternoster...antissiodoren.

232 5101 480 5161 &obtimum
494 5102 524 5158 in
544 5102 667 5160 ewlfflii
682 5102 852 5161 80110110ssii·
978 5113 1154 5191 episcopus
1166 5127 1227 5174 sua
1242 5112 1338 5173 nobis
1355 5112 1582 5174 insinuatione
1607 5116 1794 5199 monstra-3

166 5209 345 5281 Honorius,
354 5211 429 5281 etc..
440 5208 570 5272 dilectis
582 5210 696 5271 dlits...
712 5209 825 5274 abbati
838 5213 926 5274 Prae·
978 5209 1137 5288 vit,quod
1152 5225 1227 5272 cum
1240 5211 1319 5270 olim
1336 5225 1438 5271 causa
1451 5210 1677 5288 quaevertitur
1688 5212 1778 5272 inter

124 5310 357 5380 monstratam,
374 5309 443 5370 et...
459 5307 841 5372 archidiaconollemeu.
979 5309 1170 5386 episcopum
1180 5310 1214 5370 et
1227 5307 1372 5371 nobilem
1395 5309 1505 5370 virum
1530 5310 1685 5371 comitem
1710 5311 1776 5371 Ni-

168 5406 250 5477 Quia
271 5421 372 5482 super
392 5406 569 5485 praebenda
590 5408 624 5468 et
651 5406 925 5469 archidiaconatu
978 5420 1114 5468 veruen.
1132 5405 1306 5467 feudorum
1320 5406 1361 5467 de
1374 5407 1543 5482 baugiaco
1555 5407 1590 5469 et
1602 5408 1730 5477 diemo,
1746 5409 1778 5467 et

126 5505 293 5565 senonen.
310 5504 460 5566 ecclesiae
474 5504 607 5565 diversa
631 5505 664 5565 et
689 5503 830 5566 advorsa
851 5504 926 5566 itre-
979 5504 1198 5582 quorumdam
1227 5503 1370 5566 aliorum
1404 5507 1545 5568 monetae
1569 5504 1779 5566 trifissiodo-

125 5600 196 5663 rint
220 5601 394 5678 proposita·
415 5616 527 5664 coram
552 5601 665 5671 uobis,
695 5603 732 5662 P.
756 5604 922 5664 &nonem
980 5618 1065 5669 ren..
1081 5605 1116 5663 et
1130 5600 1344 5679 supertendo
1358 5602 1400 5663 de
1415 5601 1789 5679 Gapelladeutriusque'
1841 5672 1847 5677 ,
