3802 6166
745 258 921 320 ttoaontt
944 261 990 322 111
1012 264 1158 327 OPERA.
1735 270 1776 329 fni

464 420 587 509 XLIV

127 636 179 694 Ad
194 637 406 705 Rerrrcnsern,
427 637 669 707 senonensem,
694 639 925 717 Roiornnpcn-

334 746 407 793 sern
425 736 709 808 archiepiscopos,

424 846 459 905 ili
473 854 529 904 oct.
548 848 627 905 lattt.

169 969 304 1035 [danquet.
327 970 428 1021 sserueil
444 970 488 1020 des
503 971 648 1029 historiens,
663 976 683 1023 t.
697 972 764 1030 XIX,
777 989 801 1038 p.
812 973 878 1039 1113]Ι

125 1110 241 1169 Mandat
259 1111 389 1170 Pontifex
408 1120 437 1170 ut
463 1114 667 1186 ingelrannum
688 1115 921 1173 codiciacensem

160 1200 319 1270 dominum,
341 1202 401 1275 jam
426 1202 723 1260 excommunicatione
747 1206 919 1277 perculsum,

161 1291 226 1362 (pria
243 1289 419 1348 Lndovieum
435 1293 513 1363 regis
536 1291 658 1364 l'ltilippi
682 1293 771 1349 filium
796 1292 831 1349 ad
855 1308 918 1350 sus·

160 1378 322 1450 cipiendarn
350 1379 541 1452 anglicanam
566 1380 776 1452 expeditionem
803 1382 922 1454 impule-

160 1474 215 1535 rat,
227 1467 280 1525 alia
295 1469 845 1527 ctiamexcorumunicationissententia
859 1486 922 1544 spe·

160 1556 269 1613 cialiter
295 1557 441 1617 damnent.
474 1558 540 1629 quia
569 1556 768 1616 leudenensis
790 1560 920 1617 ecclesie

158 1642 299 1702 decanum
312 1645 340 1702 in
359 1645 470 1703 vincula
486 1646 656 1719 conjecerat.

163 1791 921 1869 Honoriusepiscopus.....,t'eneralrilibusira·

124 1887 231 1949 tribus
254 1889 410 1950 Remensi
435 1888 494 1968 (l),
524 1891 708 1951 senonensi
733 1890 792 1970 (2),
818 1892 921 1953 lioto-

123 1987 273 2062 magensi
289 1984 337 2065 (3)
352 1987 623 2065 archiepiscopis,
638 1988 790 2060 salutem,
807 1991 869 2051 ete.

163 2085 256 2147 Licet
283 2084 404 2146 nobilis
426 2085 478 2144 sir
500 2086 719 2161 ingelrannus
743 2087 783 2147 de
810 2089 920 2164 Coracy

123 2182 366 2255 laudunensis,
397 2185 531 2260 propter
555 2183 762 2245 manifestam
789 2186 918 2262 iniqui-

20 2334 23 2339 .
122 2282 224 2342 tatem
238 2297 303 2358 qua
325 2281 527 2342 Ludoxicum
543 2283 797 2358 primogenitum
813 2283 921 2344 caris-

124 2379 199 2440 simi
221 2380 255 2439 in
276 2379 407 2440 Christo
431 2379 493 2439 lilii
523 2380 626 2441 nostri
657 2381 802 2458 Philippi
828 2382 918 2458 regis

124 2479 330 2538 Francorum
351 2477 492 2538 illustris
516 2477 676 2537 adsersus
693 2479 854 2540 illustrem
870 2496 921 2541 re-

122 2589 196 2648 gem
212 2575 393 2649 anglorum
405 2574 550 2649 instigat,
566 2577 919 2638 excommunicationis

123 2673 167 2733 sit
191 2672 325 2732 viuculo
353 2672 542 2742 innodatus,
566 2673 643 2749 quia
668 2676 777 2734 tamen
804 2690 920 2751 perse-

123 2770 253 2847 quendo
268 2769 444 2830 ecclesiam
465 2770 728 2841 laudunensem,
746 2770 919 2834 ‹lasanum-

123 2884 187 2944 que
208 2867 368 2943 capiendo
397 2882 436 2927 ae
462 2867 639 2929 detinendo
663 2870 829 2945 captivum
855 2870 917 2949 (ιι),

123 2965 237 3035 alium,
246 2965 758 3042 laqueumexcommunicationis
772 2970 920 3030 noscitur

122 3064 317 3131 iucurrisse,
340 3062 541 3124 fraternitati
557 3064 675 3125 vestrae
696 3080 754 3141 per
772 3069 917 3143 Aposto-

123 3162 187 3222 lica
208 3161 330 3237 scripta
353 3160 575 3237 praecipiendo
601 3163 807 3235 mandamus
835 3180 919 3241 qna-

123 3262 219 3319 tenus
239 3259 429 3335 specialiter
452 3258 515 3319 ltac
537 3259 577 3319 de
606 3276 706 3320 carisa
728 3263 794 3321 iem
810 3261 918 3338 ipsum

123 3372 221 3433 quam
250 3371 364 3417 omnes
393 3356 615 3425 consiliarius
644 3357 852 3434 coadjutores
885 3362 918 3421 et

121 3454 270 3515 l'autores
300 3453 416 3530 ipsius,
454 3455 757 3516 exconuuunicatos
788 3456 919 3533 pulrlice

122 3552 298 3623 nunciatis
315 3553 395 3623 etc.;
411 3553 444 3613 et
458 3551 617 3613 facientes
633 3556 776 3614 vestram
789 3558 919 3617 senlen-

88 3720 92 3725 ,
121 3650 201 3711 tiam
224 3665 283 3726 per
301 3649 491 3725 provincias
516 3651 644 3711 vestras
669 3650 821 3712 innovari
846 3653 916 3714 fre-

161 3834 202 3975 ti?
222 3836 363 3894 ltllterico.

159 3910 186 3977 (2²
220 3910 303 3965 Petro
316 3907 352 3963 de
369 3906 509 3965 Cnrlrolio.

162 3980 204 4049 (3)
225 3978 347 4034 nitier-to
362 3979 490 4034 Poolain.

158 4052 199 4121 (a)
220 4048 360 4104 dilamum
377 4048 413 4103 de
436 4048 627 4115 Gouriandan,
652 4049 734 4122 cujus
753 4066 840 4108 causa
865 4052 916 4109 ad·

122 4134 222 4176 seretis
246 4120 451 4191 lligelranuum
473 4120 604 4246 quaerelas
625 4119 740 4177 edidere
769 4125 918 4182 lternensis

133 4190 276 4247 rrnviueire
290 4190 410 4261 capitula
431 4196 477 4245 cat
489 4190 615 4256 ledralia,
627 4192 726 4248 litteris
744 4192 817 4265 apud
839 4196 915 4251 Guil-

133 4262 199 4318 elm.
216 4261 316 4319 llarlat
334 4261 456 4331 vulgatis
470 4268 490 4318 t.
507 4264 533 4319 ll
546 4262 621 4317 llist.
637 4264 789 4331 dernensis,
806 4279 833 4337 p.
853 4266 917 4335 tao,

122 4339 150 4389 et
165 4347 242 4405 seq.;
262 4348 297 4387 ex
319 4331 420 4402 quinus
444 4346 494 4388 eas
518 4333 763 4404 representamus
785 4334 919 4395 duximus

123 4418 174 4476 per
188 4417 260 4476 quas
272 4403 366 4459 aerius
378 4403 406 4458 iu
422 4417 501 4460 reum
517 4402 659 4460 ittselritur
673 4406 853 4464 'fornacense
867 4424 915 4465 ca·

123 4476 242 4547 pitulum
259 4473 304 4529 liis
318 4474 412 4530 ueritis
426 4490 432 4530 :

161 4569 171 4595 r
194 4544 355 4603 Venerabili
374 4545 445 4615 putri
462 4559 495 4601 ac
512 4543 628 4601 domiuo
642 4560 694 4603 suo
708 4546 850 4616 alberico,
866 4552 917 4606 liei

123 4618 215 4690 gratia
242 4619 395 4674 liemarum
413 4615 637 4698 arcldepiscapo,
662 4620 694 4675 lt.
720 4618 854 4681 decanus,
872 4627 915 4677 to·

123 4697 240 4760 tumque
254 4686 408 4759 capitulum
431 4688 618 4743 Toruacensxs
636 4689 776 4757 ecelesiae,
795 4691 916 4748 salntem

124 4766 152 4815 et
171 4768 329 4831 promptam
347 4757 383 4813 ad
403 4756 571 4828 obsequium
586 4765 614 4814 ct
627 4757 835 4831 beneplacitum
852 4778 916 4819 cum

122 4830 282 4885 ‹rlrcdientia
298 4836 327 4885 et
345 4829 502 4885 reverentia
515 4830 698 4886 voluntatem.
716 4830 818 4888 Audita
834 4835 916 4904 gravi

122 4902 320 4973 persecutione
340 4915 403 4971 quae
428 4899 624 4957 laudunensis
647 4902 776 4958 ecclcsiae
796 4900 914 4961 faculta-

122 4971 198 5027 tiltus
210 4972 339 5026 imminet
355 4978 383 5027 et
394 4985 538 5053 persone,
552 4971 576 5026 si
591 4985 645 5041 qua
667 4972 695 5027 in
708 4971 790 5028 nobis
803 4974 916 5045 pietatis

122 5042 243 5106 uiscera,
258 5054 376 5097 neeesse
387 5041 438 5096 luit
451 5041 612 5098 medullitus
621 5042 793 5099 cotrturlrari.
804 5047 916 5102 Fratres

122 5112 384 5182 nostrinutiquitns
399 5112 472 5167 iuter
485 5112 619 5168 rualleum
630 5120 657 5168 et
671 5113 802 5170 incudem
820 5118 914 5187 positi,

123 5184 239 5238 viriliter
252 5190 279 5237 ct
290 5182 429 5253 patienter
440 5190 651 5253 persecutorum
661 5185 838 5256 tyrannidem
849 5203 912 5258 per·

121 5254 255 5320 tulerunt,
265 5254 329 5323 quia
338 5253 658 5324 terripuscratpatieudi,
667 5254 786 5311 necdum
800 5272 914 5327 speran-

120 5331 264 5380 tesntrum
274 5322 393 5379 datorum
405 5322 651 5403 gludinrrunquos,
660 5326 840 5383 instantesilti
851 5344 913 5401 per·

122 5396 270 5451 secutione
282 5396 317 5464 (s.
338 5393 495 5464 passione),
507 5396 662 5452 infirmitati
677 5398 765 5453 nostri
777 5401 914 5471 temporis

122 5465 300 5539 prospiciens
315 5466 392 5520 licus
404 5465 525 5535 asseruit
541 5465 696 5522 suiieeiese.
708 5469 789 5525 liuns
806 5477 911 5533 numm,

121 5552 185 5594 eum
201 5543 298 5591 saneta
316 5535 441 5591 Ecclesia
455 5535 490 5590 ad
511 5536 571 5592 linc
587 5535 695 5594 dicatur
714 5538 825 5608 llorere,
842 5556 913 5613 pecc

120 5608 174 5664 sibi
189 5606 324 5663 divinitus
337 5620 489 5672 eoncessa3
502 5621 570 5663 ecee
580 5607 608 5662 in
626 5622 695 5679 pace
708 5611 913 5670 surrexitama·

978 428 1127 500 quanter,
1144 426 1235 487 illam
1246 426 1371 488 taurdiu
1385 426 1514 489 faciatis
1529 442 1775 505 percensuram

978 524 1248 595 ecclesiasticam,
1270 525 1493 602 appellatione
1506 529 1644 595 remota,
1661 528 1776 590 invio-

978 619 1123 683 labiliter
1144 622 1326 694 observari,
1347 624 1451 684 denec
1472 624 1560 684 idem
1576 624 1698 685 nobilis
1713 626 1775 687 de-

978 732 1060 778 cano
1089 720 1154 795 ipsi
1182 724 1214 781 et
1239 720 1389 783 eeclesiae
1417 738 1486 782 suae
1513 722 1553 783 de
1585 723 1716 783 damnis
1740 726 1774 785 et

977 815 1110 891 injuriis
1125 818 1310 880 satisfaciat
1321 820 1554 896 competenter,
1571 823 1688 883 etcum
1700 836 1775 882 ves·

977 914 1774 996 trorumtestimonialitterarumadApostolicam

978 1012 1095 1073 Sedem
1110 1015 1223 1074 veniat
1238 1014 1469 1076 absolvendus
1485 1018 1565 1076 Cum
1587 1017 1676 1077 enim
1691 1018 1773 1079 talia

977 1126 1043 1169 nou
1063 1113 1296 1174 consueverint
1319 1113 1352 1173 iu
1373 1129 1475 1188 regno
1495 1115 1645 1175 Franoiae
1665 1117 1777 1176 atten-

977 1208 1053 1271 tari.
1070 1211 1242 1287 principiis
1258 1213 1308 1271 est
1331 1210 1461 1272 tinliter
1482 1211 1715 1286 resistendum,
1733 1229 1775 1274 ne

976 1324 1035 1384 per
1053 1308 1216 1368 inermium
1238 1310 1328 1369 latria
1351 1309 1554 1385 perversitas
1575 1311 1771 1373 invalescat.

979 1406 1069 1467 {tude
1098 1422 1233 1467 calisam
1262 1407 1360 1468 istam
1392 1408 1486 1483 quasi
1508 1409 1686 1485 propriam,
1709 1411 1775 1471 imo

976 1520 1182 1564 semanimem
1199 1504 1299 1565 totuis
1320 1504 1472 1565 ecclesie
1488 1506 1681 1579 Gallienum,
1699 1525 1774 1569 eum

975 1602 1066 1662 oruni
1086 1602 1258 1676 diligentia
1281 1602 1314 1665 et
1334 1602 1508 1679 prudentia
1529 1607 1685 1682 prosequi
1702 1608 1774 1667 stu-

975 1700 1092 1760 deatis.
1107 1700 1224 1760 Datum
1237 1700 1404 1771 Laterani,
1417 1704 1445 1760 t*
1447 1704 1476 1761 11
1487 1701 1555 1762 kal.
1570 1703 1773 1775 novembris,

975 1814 1065 1857 aurio
1081 1798 1198 1875 primo.

1325 1942 1427 2027 XLV

1020 2122 1067 2179 ,ld
1082 2123 1265 2182 .-lnd;·rmrn
1283 2125 1496 2196 Propenscnr
1515 2125 1722 2197 episcopans.

1269 2235 1303 2292 ii
1317 2242 1372 2292 oct.
1391 2235 1468 2291 tato.

1014 2359 1163 2422 [11ιιιίιιι1ι111
1181 2356 1290 2408 Annales
1300 2358 1458 2408 ecclesiastici
1470 2360 1511 2408 arl.
1521 2374 1563 2409 an.
1576 2361 1646 2417 iata,
1658 2361 1671 2424 5
1685 2361 1737 2423 ts]

975 2503 1035 2558 llrrc
1056 2516 1133 2557 auito
1156 2517 1221 2558 cum
1244 2502 1399 2575 l’ragensis
1414 2502 1770 2575 episeopusapostoitmm

1010 2591 1111 2647 Sedcm
1131 2592 1329 2658 ‹rottsuluissct
1355 2607 1424 2648 ana
1447 2592 1583 2665 gercrtdis
1604 2593 1773 2649 sacerdotiis

1009 2680 1151 2736 tantalides
1178 2681 1333 2751 illegititnis
1358 2681 1496 2752 procreati
1515 2681 1704 2738 srtbrnovcndi
1725 2698 1771 2739 es·

1009 2776 1084 2835 sent,
1097 2784 1236 2825 carnesve
1254 2771 1281 2825 in
1301 2768 1370 2825 feria
1390 2778 1469 2826 sexta
1485 2784 1549 2826 cartu
1570 2771 1597 2826 iu
1617 2772 1694 2827 illam
1711 2771 1771 2829 dics

1008 2859 1168 2915 Natiuitatis
1193 2858 1305 2915 Derrniui
1332 2860 1511 2926 incarneret,
1533 2858 1680 2932 degustari
1702 2876 1769 2933 pos·

1009 2955 1084 3016 sctit,
1097 2949 1240 3004 llonorius
1255 2946 1316 3004 llaec
1330 2948 1492 3020 rescripsit:

1014 3064 1215 3137 eraesiuisti,
1241 3081 1282 3125 an
1299 3065 1477 3126 saecttlares
1490 3068 1641 3127 canonici
1663 3069 1772 3128 ruinas

974 3163 1124 3239 legitime
1142 3163 1210 3224 nati
1227 3163 1298 3222 suis
1313 3163 1378 3224 sint
1394 3164 1586 3226 renuntiare
1601 3165 1770 3228 beneficiis

974 3261 1195 3338 corupellendi
1214 3282 1221 3320 ι
1239 3277 1312 3321 cum
1337 3261 1377 3321 de
1402 3265 1479 3338 jure
1503 3263 1544 3322 ad
1569 3279 1682 3324 sacros
1712 3281 1771 3326 ne-

973 3359 1095 3437 queant
1116 3358 1249 3420 ordines
1270 3360 1466 3435 promoxeri,
1494 3376 1554 3420 nec
1577 3360 1610 3420 in
1633 3360 1764 3424 beneti-

972 3458 1034 3517 ciis
1047 3471 1159 3517 secum
1184 3455 1286 3517 fuisse
1303 3457 1440 3532 probent
1459 3461 1638 3519 alternatio
1653 3461 1770 3522 l‘onti-

973 3556 1034 3616 tice
1058 3555 1295 3631 dispensatum,
1312 3570 1371 3615 nec
1386 3555 1533 3615 Ecclesia
1550 3556 1661 3617 taliter
1678 3558 1766 3618 indi-

972 3654 1048 3727 aeat
1059 3652 1232 3713 ordinatis.
1247 3652 1294 3712 Ad
1306 3668 1378 3727 quac
1392 3651 1564 3713 fraternati
1579 3655 1646 3714 tuae
1658 3656 1770 3717 taliter

973 3832 1065 3889 rutardo
1081 3833 1271 3901 amarissima,
1287 3839 1313 3889 ct
1323 3831 1482 3905 penetravit
1495 3831 1610 3906 gladius
1624 3849 1718 3906 usquc
1734 3834 1767 3892 ad

973 3905 1109 3967 arrianam,
1126 3920 1191 3960 curn
1208 3905 1234 3960 in
1254 3904 1328 3960 evile
1348 3904 1526 3960 Dotxtiuicum
1542 3912 1681 3975 tyrannus
1703 3922 1764 3963 cru·

973 3974 1061 4031 dirlior
1078 3975 1151 4047 lupis
1174 3976 1298 4043 irruens,
1322 3989 1379 4030 nnn
1403 3976 1494 4031 solunt
1521 3976 1649 4032 oviculas
1668 3979 1767 4048 quaerit

973 4045 1124 4113 trucidare,
1136 4044 1186 4101 scd
1201 4046 1287 4100 ctiam
1303 4047 1419 4101 arietem
1431 4046 1540 4118 gregis,
1556 4046 1647 4102 virum
1661 4050 1767 4105 scilicet

973 4117 1135 4189 egregium,
1157 4118 1244 4187 pium,
1273 4116 1448 4181 rtrndcstunt,
1474 4124 1604 4173 ornatum
1629 4121 1766 4187 litoribus,

973 4188 1128 4251 doctorem,
1138 4188 1196 4258 jain
1213 4202 1244 4241 se
1257 4185 1412 4259 deglutisse
1427 4188 1575 4258 gloriatur,
1589 4203 1654 4244 cum
1672 4197 1765 4247 tamen

972 4259 1039 4314 botri
1055 4259 1177 4331 pastoris
1195 4272 1267 4314 soce
1287 4266 1314 4313 ct
1334 4259 1433 4315 baculo
1456 4260 1513 4329 lupi
1534 4273 1655 4331 rapaces
1676 4263 1765 4318 siritu

973 4331 1062 4387 caldis
1081 4328 1193 4387 linrniui
1215 4344 1264 4399 pru
1297 4328 1405 4397 .lleudi;
1429 4331 1493 4400 quin
1519 4345 1572 4386 ricc
1593 4346 1656 4386 sine
1680 4347 1765 4389 sallisa

973 4402 1116 4473 principes
1137 4344 1383 4471 seculigffdimn,
1406 4414 1458 4455 llctt
1481 4401 1543 4455 siue
1570 4415 1657 4457 causa
1680 4405 1764 4475 (sicul

973 4473 1075 4528 trrrslius
1087 4470 1189 4541 itastis)
1205 4479 1334 4542 pastores
1349 4471 1482 4527 Ecclesiae
1499 4470 1629 4527 lrarculum
1643 4482 1762 4544 portant,

973 4544 996 4598 si
1020 4551 1124 4608 tumen,
1148 4541 1304 4598 seeundum
1330 4542 1507 4613 proplietam.
1530 4557 1586 4598 nen
1611 4544 1697 4605 irlala,
1716 4545 1763 4602 sed

973 4621 1102 4686 pastores
1130 4619 1266 4684 appetunt
1292 4613 1442 4668 storniuari.
1468 4612 1537 4668 lude
1565 4622 1619 4677 cst,
1642 4631 1659 4671 ο
1682 4619 1764 4673 Pater

972 4692 1081 4753 surreie,
1110 4683 1185 4755 quud
1212 4698 1279 4751 tros,
1307 4682 1439 4740 fratrilrus
1462 4692 1490 4738 ct
1516 4683 1640 4740 dominis
1663 4690 1765 4744 nostris

972 4756 1169 4813 laruduucusis
1184 4754 1312 4810 ecclesiae
1326 4754 1472 4810 canonicis
1485 4761 1543 4810 toto
1555 4755 1649 4812 cordis
1660 4758 1762 4815 aliectu

971 4826 1165 4891 coitdulentes
1196 4824 1230 4879 ad
1251 4824 1338 4896 pedes
1366 4833 1469 4881 vestre
1497 4828 1676 4897 paternitatis
1700 4845 1762 4886 carru

971 4899 1041 4971 ipsis
1067 4904 1097 4953 et
1120 4911 1171 4969 pro
1193 4895 1262 4967 ipsis
1286 4895 1435 4967 provoluti,
1461 4902 1519 4952 totu
1543 4897 1629 4954 eorde
1654 4908 1683 4955 ct
1709 4900 1764 4957 oris

971 4970 1073 5039 adoratu
1099 4967 1252 5039 poscimus,
1268 4974 1298 5023 ut
1320 4968 1412 5022 zeltun
1435 4965 1591 5023 ferventem
1607 4968 1699 5027 felicis
1719 4987 1760 5027 re·

970 5040 1144 5097 cordationis
1159 5038 1233 5093 illius
1251 5036 1422 5099 llatltatlriae,
1442 5039 1490 5108 qui
1508 5052 1558 5108 pro
1578 5047 1644 5112 lege
1658 5043 1709 5097 liei
1722 5043 1763 5098 sui

971 5111 1106 5167 rtriuistris
1130 5108 1262 5165 dutioelri
1284 5108 1394 5171 restitit,
1423 5117 1601 5166 assumentes
1626 5112 1763 5169 adversus

970 5181 1114 5237 ltoxuinexu
1131 5178 1294 5252 pestiferum
1310 5179 1456 5235 dominum
1476 5179 1511 5234 de
1529 5182 1634 5254 Couey,
1662 5186 1760 5240 minis-

969 5260 1041 5308 trum
1056 5266 1112 5307 non
1127 5249 1268 5313 Antiochi,
1285 5249 1334 5306 sed
1349 5250 1516 5313 antieluisti,
1530 5259 1652 5324 utraque
1667 5256 1762 5326 gladio

968 5322 1215 5379 sarictmEcclcslre
1230 5320 1395 5391 decertetis3
1409 5319 1526 5378 fortasse
1542 5324 1618 5378 eninr
1634 5324 1761 5381 decreuit

969 5396 1105 5451 ltotrtiuus
1120 5408 1172 5448 sos
1188 5393 1214 5447 iu
1231 5391 1284 5448 liae
1296 5401 1375 5464 parte
1392 5407 1555 5463 provocare,
1572 5409 1638 5450 cum
1650 5405 1761 5452 constet

968 5480 1020 5521 uns
1041 5473 1100 5521 tnm
1114 5470 1240 5545 apertam
1264 5463 1440 5535 tyruuuidetn
1464 5462 1633 5522 declinando
1652 5469 1762 5524 uirtutis

967 5536 1115 5592 ureteriam
1132 5537 1306 5590 trrseuisse..
