3802 6166
124 327 185 401 145

123 485 186 546 tris
210 484 243 545 et
256 481 522 559 possessionibus
546 482 671 547 habitis
693 486 726 546 et
747 483 919 556 habendis,

124 583 159 644 et
180 582 287 659 ipsum
307 581 457 644 ordinem
476 585 614 660 ejusque
640 584 868 660 possessiones
889 584 923 645 et

118 681 211 757 lura,
224 678 285 741 sub
296 681 409 741 nostra
419 679 659 757 gubernatione
671 682 704 743 et
718 682 921 760 protectione

124 776 336 854 suscipimus.
363 780 482 839 Datum
508 781 621 841 Romae
650 780 737 857 apud
769 781 801 841 S.
820 779 920 841 Sabi-

123 889 215 948 nam,
236 877 281 935 xl
304 873 373 936 kal.
397 876 558 952 januarii,
582 877 794 954 pontmcatus
816 877 921 941 nostri

123 986 213 1035 anno
227 972 345 1049 primo.

458 1152 583 1239 CXIII

123 1359 177 1416 All
201 1356 405 1430 potestatem
436 1358 470 1417 cl
491 1362 655 1432 poprdroa
688 1359 915 1419 Martiaenscs.

419 1470 453 1527 23
468 1469 530 1528 dec.
549 1472 628 1529 ltili.

202 1592 370 1655 [Tirabosrlri
386 1593 468 1643 Storta
478 1594 504 1644 di
512 1596 662 1653 Nonarrlola,
677 1602 695 1645 l.
707 1596 726 1653 I,
739 1610 765 1659 p.
780 1593 847 1658 tid]

122 1736 251 1790 llaslrurn
266 1735 347 1807 Carpi
360 1742 389 1792 et
403 1744 526 1793 castrum
538 1739 641 1796 lloulis
656 1742 839 1813 baranzonis,
855 1761 918 1817 quae

160 1821 272 1880 lueraut
291 1825 327 1881 cl.
346 1840 385 1881 m.
409 1826 562 1883 comitissas
584 1828 742 1900 blallrildis,
762 1847 826 1892 curn
852 1850 915 1891 cur·

158 1911 232 1967 tibus
251 1919 279 1968 et
294 1913 357 1969 aliis
381 1915 558 1985 pertinentiis
587 1924 713 1989 ternpore
741 1935 793 1977 suo
819 1931 915 1981 custo·

157 1998 261 2056 diendo
273 2001 433 2059 committit.

162 2145 330 2205 Honorius
343 2145 528 2223 episcopus,
538 2164 832 2214 servusservorum
843 2156 914 2229 Dei,

123 2241 255 2303 dilectis
276 2242 353 2303 tiliis
370 2244 523 2320 potestati
543 2247 576 2308 et
597 2249 915 2326 popuiolltutinensl,

122 2338 279 2400 salutem.

162 2437 258 2497 Sedis
268 2439 679 2516 Apostolicaeproridentia
688 2446 825 2520 provide
835 2463 918 2523 pen-

122 2550 201 2595 sans
219 2550 338 2596 causas
358 2536 506 2598 locorum
519 2540 552 2600 et
566 2541 761 2616 temporum,
778 2544 811 2604 et
834 2544 916 2605 dili-

122 2632 239 2707 genter
267 2632 439 2695 attendens
466 2636 584 2697 merita
613 2638 835 2715 singulorum,
864 2641 917 2704 bis

123 2729 180 2806 qui
196 2728 322 2791 tirmius
337 2735 583 2796 consueverunt
599 2734 633 2795 in
648 2739 720 2813 ejus
742 2737 917 2803 devotione

127 2827 313 2902 persistere,
330 2828 463 2889 uberius
479 2833 651 2893 consuevit
661 2835 803 2909 gratiam
819 2837 918 2898 erbi-

123 2923 224 2997 bere;
250 2926 284 2986 ut
304 2927 337 2987 et
357 2926 491 2988 devotos
514 2929 578 2988 sibi
599 2929 771 2993 beneficiis
799 2934 917 2997 reddat

121 3022 228 3097 magis
244 3021 415 3094 obnoxios,
432 3026 465 3086 et
478 3026 612 3088 illorum
627 3030 778 3106 exemplo
793 3032 835 3092 ad
857 3032 917 3094 de-

120 3119 289 3181 votionem
312 3136 405 3182 suam
435 3125 591 3198 provocet
617 3125 799 3190 indevotos.
830 3130 916 3191 Hinc

119 3218 181 3286 est,
195 3218 282 3295 quod
292 3219 431 3281 siucerae
442 3219 627 3282 devotionis
638 3223 803 3297 allectum,
818 3243 916 3303 quem

120 3314 239 3376 civitas
263 3316 461 3378 Mutinensis
485 3318 648 3381 hactenus
672 3322 713 3381 ad
732 3324 915 3387 Romanam

119 3412 303 3473 Ecclesiam
316 3398 432 3476 babuit
446 3416 643 3486 recolentes,
661 3420 694 3480 et
708 3419 915 3482 attendentes

120 3509 280 3587 obsequia
296 3527 368 3586 quae
383 3511 433 3572 illi
447 3512 605 3574 exhibere
628 3516 748 3591 proterit
769 3518 804 3577 in
826 3517 917 3579 lutu-

120 3623 205 3679 rum,
227 3611 373 3669 castrum
397 3611 494 3687 Carpi
509 3611 541 3672 et
555 3615 699 3674 castrum
715 3616 836 3676 montis
851 3618 916 3677 Ba-

120 3705 287 3776 mazonis,
305 3722 378 3782 qum
395 3705 528 3770 ruerunt
546 3709 647 3771 clarae
669 3713 837 3773 memoriae
853 3729 914 3774 co-

120 3803 259 3863 mitissae
272 3803 441 3865 blathildis
455 3821 529 3866 cum
542 3807 690 3868 curtibus
707 3810 740 3870 et
753 3809 830 3871 aliis
845 3826 916 3887 per·

119 3899 270 3961 tinentiis
288 3901 357 3961 suis
378 3901 472 3963 vobis
496 3906 644 3982 tempore
665 3908 779 3968 nostro
803 3909 917 3970 custo-

120 3996 240 4058 dienda
262 3999 506 4061 committimus.
534 4004 582 4063 lta
600 4002 757 4065 videlicet
771 4007 856 4083 quod
873 4021 916 4068 ex

120 4095 187 4155 illis
201 4096 241 4155 ad
253 4097 444 4158 mandalum
455 4099 604 4160 nostrum
615 4116 770 4177 guerram
786 4101 915 4165 iacietis

120 4194 152 4254 et
165 4209 292 4270 pacem,
308 4196 341 4256 et
354 4195 552 4272 apostolicae
567 4197 661 4258 Sedis
675 4198 812 4275 legatos,
823 4201 917 4263 sire-

121 4292 235 4369 quisiti
250 4292 390 4363 fueritis,
409 4293 577 4370 recipietis
600 4294 782 4359 honorilice
797 4313 836 4359 ac
849 4298 915 4360 lro-

119 4390 213 4451 nesto
234 4390 417 4452 tractabilis
442 4390 476 4451 in
499 4391 635 4465 eisdem,
661 4393 694 4454 et
708 4395 861 4473 antiquas
876 4412 915 4458 ac

120 4486 336 4547 rationabiles
360 4487 530 4550 libertates
551 4492 584 4550 et
603 4492 858 4554 consuetudines
879 4494 915 4555 in

120 4583 213 4645 nullo
234 4584 310 4646 Sodi
334 4586 534 4662 apostolicae
558 4587 768 4663 derogantes,
796 4590 916 4669 quibus

120 4681 271 4743 homines
299 4683 448 4760 ipsorum
481 4683 628 4746 locorum
653 4688 819 4764 usquead
843 4689 916 4751 llaec

119 4780 268 4856 tempora
296 4782 374 4843 sunt
396 4781 522 4857 gavisi,
547 4783 723 4844 servabitis
751 4785 913 4861 illibatas,

119 4877 258 4955 ipsaque
278 4879 387 4939 castra
404 4879 459 4939 vel
478 4878 696 4943 meliorabitis
712 4882 845 4946 interim
861 4885 915 4945 vel

118 4975 237 5036 saltem
253 4976 288 5035 in
303 4991 342 5037 eo
358 4977 446 5037 statu
461 4977 648 5047 servabitis,
663 4979 697 5039 in
713 4996 777 5057 quo
795 4982 915 5043 vestrae

118 5074 196 5135 sunt
215 5073 373 5135 custodias
395 5074 640 5152 commendata;
660 5080 693 5139 et
708 5078 845 5156 insuper
858 5095 917 5141 ca-

119 5187 221 5233 merae
245 5173 367 5231 nostrae
388 5174 524 5247 propter
539 5172 601 5233 lroc
618 5174 793 5249 sexaginta
812 5175 915 5238 libras

118 5268 389 5348 proveniensium
410 5270 546 5330 serratus
565 5270 664 5330 aruris
680 5271 820 5348 siugulis
836 5289 914 5350 per-

119 5365 267 5428 solrelis.
282 5367 374 5428 Nulli
390 5382 469 5442 ergo
482 5368 618 5428 omnino
633 5367 803 5429 bominum
815 5370 917 5433 liceat

120 5464 207 5526 trano
229 5464 384 5543 paginam
407 5465 528 5526 nostrae
545 5466 840 5529 commendationis
861 5468 916 5529 in-

119 5561 277 5639 tringere,
303 5563 356 5624 vel
376 5564 408 5625 el
429 5579 513 5624 ausu
531 5563 709 5624 temerario
735 5566 912 5628 contraire.

121 5660 246 5739 Siquis
266 5663 375 5724 nartem
397 5660 459 5723 lior.
478 5661 640 5724 attentare
654 5665 912 5745 praesumpserit,

723 316 726 323 ¹
757 327 985 389 EPISTOLAE.
1009 328 1088 389 LIB.
1111 330 1136 388 1.

1712 339 1770 400 llo

975 486 1478 568 indignationemomnipotentis
1492 493 1770 559 Deietbeatorum

976 586 1065 647 Petri
1084 588 1117 648 et
1138 588 1235 648 Pauli
1251 588 1476 666 apostolorum
1491 595 1562 669 ejus
1582 609 1618 655 se
1639 595 1770 657 noverit

975 682 1198 746 incursurum.
1216 687 1334 748 Datum
1362 692 1474 751 Romae
1498 691 1585 768 apud
1612 694 1768 756 Sanctum

975 782 1121 855 Petrum,
1138 784 1168 843 X
1187 784 1347 846 kalendas
1368 787 1529 864 januarii,
1557 790 1768 868 pontificatus

974 880 1081 942 nostri
1096 897 1184 945 anno
1199 883 1317 960 primo.

1308 1133 1430 1220 CXIV

1029 1338 1080 1395 Ad
1105 1340 1357 1413 berengar-lom
1386 1344 1557 1414 quorsumn
1580 1346 1712 1421 Astatia

1284 1440 1454 1514 regirari-nr.

1265 1542 1299 1598 23
1314 1541 1378 1599 dec.
1395 1542 1474 1599 iila.

1020 1662 1128 1727 [Regnat.
1143 1662 1188 1713 lib.
1201 1666 1220 1723 l,
1231 1664 1303 1728 epist.
1316 1665 1369 1715 iol.
1381 1667 1439 1717 Mss.
1447 1668 1483 1718 La
1494 1668 1570 1718 Porto
1580 1668 1615 1719 du
1624 1670 1718 1734 lircil]

974 1805 1124 1863 Pacliones
1142 1804 1178 1861 ab
1198 1806 1243 1864 llla
1263 1823 1328 1865 cum
1352 1807 1483 1865 iohanne
1506 1825 1576 1885 rege
1605 1811 1700 1882 initas,
1730 1811 1766 1870 do

990 1898 1055 1955 dole
1065 1902 1166 1972 ipsius,
1179 1902 1516 1975 auctoritalcltpostolica
1535 1900 1745 1972 niunit,llrmat.

1011 2045 1190 2115 Honorius,
1206 2048 1280 2119 etc,
1298 2048 1480 2109 carissimae
1496 2047 1530 2108 in
1543 2046 1673 2107 Christo
1685 2044 1764 2107 tiliae

973 2143 1094 2205 nostrae
1108 2145 1319 2221 Berengariae
1342 2146 1505 2223 qnondam
1520 2144 1702 2219 anglorum
1712 2158 1768 2204 re·

971 2240 1059 2316 ginae
1074 2240 1207 2315 illustri,
1222 2243 1373 2315 salutem,
1391 2245 1452 2305 etc.

1011 2339 1092 2399 Cum
1102 2339 1226 2417 judicis
1243 2341 1288 2403 sit
1300 2340 1447 2403 osticium
1461 2340 1536 2402 lites
1548 2339 1708 2410 minuere,
1725 2353 1766 2399 ac

972 2435 1093 2513 sopire,
1108 2439 1237 2514 oportet
1251 2454 1322 2511 nos,
1339 2438 1396 2515 qui
1410 2436 1556 2515 supremi
1570 2435 1694 2514 judicis
1709 2435 1764 2498 lo-

972 2550 1046 2596 cum
1061 2536 1211 2597 tenemus
1230 2537 1393 2608 interris,
1416 2535 1480 2609 his,
1505 2551 1579 2613 quae
1596 2532 1764 2595 amicabili

972 2631 1149 2694 concordia
1169 2633 1343 2710 sopiuntur
1364 2633 1533 2694 munimen
1548 2630 1765 2708 apostolicum

972 2729 1141 2803 adbibere,
1157 2731 1319 2808 quatenus
1335 2731 1445 2793 ablata
1459 2730 1598 2792 materia
1613 2727 1765 2804 litigandi

971 2827 1012 2888 ab
1027 2828 1091 2901 his,
1106 2828 1162 2907 qui
1178 2844 1214 2890 se
1229 2828 1349 2890 debent
1363 2829 1476 2891 mutua
1488 2828 1627 2890 caritate
1639 2825 1762 2897 fovere,

970 2939 1092 2988 rancor
1105 2925 1243 3003 quilibet
1254 2926 1296 2988 ab
1309 2943 1424 2989 eorum
1439 2925 1604 2989 mentibus
1617 2921 1766 3000 expella-

970 3023 1036 3095 tur,
1050 3024 1106 3101 qui
1122 3022 1238 3085 abessa
1255 3024 1313 3086 vix
1327 3026 1433 3102 potest
1451 3024 1590 3085 durante
1605 3021 1693 3083 inter
1707 3034 1765 3082 eos

971 3122 1126 3198 scrupulo
1150 3122 1379 3199 quaestionum.
1403 3122 1482 3183 lnde
1497 3122 1557 3193 est,
1581 3119 1666 3197 quod
1690 3134 1765 3179 cum
1857 3168 1861 3177 .

970 3220 1071 3281 clarae
1091 3220 1258 3281 memorie
1275 3221 1421 3282 loannes
1442 3234 1504 3280 rex
1522 3217 1650 3293 Angllae
1669 3216 1765 3278 bonae

970 3318 1139 3379 memoriae
1173 3318 1366 3381 Innocentio
1400 3321 1498 3394 Papae
1527 3312 1765 3393 praedecessori

970 3416 1083 3476 nostro
1103 3415 1172 3475 suis
1188 3415 1307 3476 litteris
1321 3414 1526 3492 supplicarit,
1544 3413 1580 3474 ut
1598 3410 1765 3487 composi-

969 3512 1093 3574 tionem
1108 3513 1196 3573 inter
1208 3513 1241 3574 te
1255 3527 1295 3573 ac
1313 3512 1421 3589 ipsum
1439 3526 1540 3587 super
1558 3510 1633 3572 dote
1647 3509 1715 3579 tua,
1732 3508 1766 3568 et

970 3625 1069 3686 super
1079 3610 1261 3685 arreragiis
1274 3609 1364 3670 mille
1377 3623 1565 3670 marcarum
1578 3605 1682 3669 annui
1692 3604 1765 3667 red·

970 3707 1057 3768 ditus
1078 3707 1137 3768 tibi
1159 3724 1203 3769 ex
1228 3708 1370 3786 quadam
1398 3706 1637 3783 compositione
1665 3717 1764 3780 quam

970 3806 1049 3868 olim
1068 3805 1193 3867 inieras
1215 3822 1290 3867 cum
1311 3806 1427 3867 eodem
1451 3804 1581 3875 debitis,
1604 3798 1766 3863 amicabi-

970 3904 1046 3966 liter
1063 3904 1179 3967 initam
1197 3904 1299 3965 robur
1311 3900 1436 3965 babere
1450 3902 1575 3963 laceret
1596 3898 1765 3979 perpetuae

969 4002 1148 4073 firmitatis,
1170 4002 1329 4079 appositis
1351 4017 1433 4079 quas
1448 3999 1574 4061 videret
1597 3996 1764 4059 securita-

969 4099 1058 4161 tibus
1074 4099 1246 4177 expedire,
1263 4115 1303 4161 ac
1325 4099 1475 4175 exparte
1495 4099 1550 4159 tua
1571 4095 1605 4157 id
1622 4095 1730 4172 ipsum
1746 4109 1766 4153 a

971 4197 1066 4259 nobis
1087 4197 1189 4259 luerit
1202 4197 1421 4275 postulatum3
1443 4211 1505 4257 nos
1522 4194 1589 4256 tuis
1610 4191 1765 4269 precibus
1854 4230 1864 4247 .

970 4296 1174 4367 annuentes,
1199 4294 1470 4371 compositionem
1498 4294 1604 4370 ipsam
1629 4287 1766 4368 provide

970 4391 1090 4454 tactam
1114 4394 1147 4455 et
1171 4392 1212 4454 ab
1235 4395 1374 4469 utraque
1398 4391 1492 4468 parte
1513 4390 1629 4467 sponte
1648 4403 1767 4463 recep·

969 4492 1048 4563 tam,
1083 4491 1170 4552 sicut
1201 4491 1236 4550 in
1271 4489 1419 4567 ejusdem
1454 4488 1544 4565 regis
1574 4484 1765 4549 authentico

970 4587 1172 4660 continetur,
1201 4587 1399 4650 auctoritate
1421 4586 1613 4663 apostoliea
1641 4581 1765 4643 confrr-

969 4702 1109 4757 mamus,
1123 4688 1157 4748 et
1167 4686 1340 4763 praesentis
1355 4684 1470 4761 scripti
1481 4680 1665 4760 patrocinio
1678 4694 1766 4741 com·

969 4784 1148 4856 munimus,
1176 4787 1271 4861 quus
1294 4785 1445 4845 tenorem
1468 4781 1509 4841 ad
1534 4781 1693 4855 majorem
1714 4776 1765 4837 rei

970 4881 1171 4944 euidentiam
1182 4881 1332 4943 dererbo
1347 4878 1388 4940 ad
1400 4877 1537 4940 verbum
1549 4877 1627 4937 huic
1639 4875 1764 4938 nostras
1855 4928 1858 4935 ,

970 4980 1099 5058 paginas
1109 4978 1151 5040 ad
1167 4978 1337 5055 exemplar
1350 4976 1498 5054 eJ'usdom
1508 4973 1764 5053 praedecessoris

969 5078 1075 5139 nostrl
1090 5077 1245 5138 duximus
1261 5076 1472 5137 inserendum
1487 5096 1494 5133 ι
1775 5097 1776 5101 ¹

1009 5178 1200 5248 «loannes,
1217 5175 1277 5237 Dei
1291 5175 1410 5249 gratia,
1427 5189 1488 5234 rex
1502 5170 1641 5247 angliae,
1663 5168 1766 5230 domi-

969 5290 1065 5335 ‹nus
1080 5274 1259 5345 Hiberniae,
1277 5272 1345 5332 ltux
1357 5274 1386 5332 N
1390 5270 1559 5340 ormarriae,
1576 5267 1765 5345 Aquitaniae

969 5374 1035 5434 «et
1063 5386 1173 5432 comes
1198 5370 1422 5445 nmlegaven,
1448 5366 1600 5430 omnibus
1618 5365 1658 5425 ad
1682 5379 1765 5441 quos

969 5484 988 5527 a
1002 5481 1150 5545 praesens
1165 5466 1324 5543 scriptum
1339 5463 1538 5541 pervenerit,
1555 5460 1706 5522 salutem.

1009 5581 1027 5624 a
1044 5565 1164 5625 Sciatis
1179 5563 1224 5625 ita
1245 5562 1442 5624 convenisse
1461 5562 1634 5630 internos,
1651 5558 1683 5617 et
1704 5555 1766 5613 do·

968 5662 1126 5723 «minam
1154 5661 1303 5736 reginam
1334 5657 1570 5734 Berengarlam
1598 5651 1764 5733 quondam
