3802 6166
118 236 180 299 281

122 410 188 459 nos
209 393 341 459 facilem
370 392 519 473 praebere
547 408 756 469 consensum,
786 399 818 460 et
844 399 922 461 vota

123 510 200 573 quae
227 509 248 555 a
275 494 417 557 rationis
452 493 585 556 tramite
619 512 686 556 non
717 496 919 569 discordant,

123 592 246 653 ellectu
256 593 475 669 prosequente
484 593 661 670 complere.
672 595 751 655 Cum
763 594 865 670 igitur
874 594 923 656 in·

123 690 213 751 clitae
229 690 474 753 recordationis
489 693 635 753 ioannes
655 708 716 754 rex
729 694 857 769 anglia
871 691 921 773 (c)

122 789 161 849 iu
183 789 326 850 ecclesia
349 789 390 850 de
409 789 582 857 Holcbam,
598 790 752 853 dioecesis
764 792 923 853 Norwin-

126 902 215 959 cen,
236 886 271 947 in
295 902 360 964 qua
382 886 469 948 idem
491 903 552 948 rex
579 905 639 965 pro
661 890 837 951 medietate
864 893 921 968 jus

761 238 991 299 EPISTOLAE.
1015 238 1094 299 LIB.
1118 237 1143 299 1.

1714 244 1775 305 282

976 398 1106 462 litteras
1121 397 1282 465 facientes
1308 397 1528 477 praesentibus
1547 398 1588 461 de
1608 401 1709 465 verbo
1731 404 1773 465 ad

976 497 1113 559 verbnm
1135 497 1239 559 inseri
1258 497 1300 559 ad
1325 498 1500 572 cautelam,
1524 514 1664 576 quarum
1679 501 1776 565 tenor

977 598 1027 656 est
1036 596 1114 657 talis
1132 619 1138 655 :
1155 596 1325 658 Jobannes
1344 597 1403 658 Dei
1418 598 1526 674 gratia
1541 601 1614 659 Rex
1631 602 1773 676 Angliae,

977 694 1130 755 domiuus
1149 694 1329 768 Hiberniae,
1350 695 1417 756 dux
1429 697 1654 771 Normanniae,
1671 700 1778 776 Aqui-

977 792 1088 862 taniae,
1103 796 1135 855 et
1154 810 1265 855 comes
1275 794 1486 871 andegaviae,
1501 795 1774 875 archiepiscopis,

977 892 1153 968 episcopie,
1166 891 1350 965 abbatibus,
1370 892 1558 965 comitibus
1581 894 1773 969 baronibus,

125 986 321 1063 patronatus
343 985 475 1059 babeat,
508 987 735 1049 consentiente
764 989 922 1065 magistro
973 990 1188 1066 Justiciariis,
1217 991 1476 1065 vicecomitibus,
1514 994 1702 1070 praepositis
1742 996 1776 1057 ct

128 1084 273 1146 Roberto
292 1082 496 1156 Glocestriae,
516 1086 716 1147 cancellario
730 1087 920 1160 cicestren,

125 1184 207 1244 tunc
222 1181 430 1243 medietatem
443 1182 596 1244 beneficii
611 1183 758 1262 ejusdem
773 1186 923 1247 ecclesia>

127 1281 329 1357 possidente,
363 1296 510 1341 annuum
551 1280 747 1343 beneficium
789 1284 923 1359 triginta

127 1379 340 1440 marcharum
357 1376 403 1459 (b)
414 1379 448 1439 in
465 1380 708 1457 eleemosynam
721 1382 922 1444 monasterio

126 1481 240 1539 vestro
273 1477 477 1539 concesserit
509 1478 631 1540 intuitu
661 1480 806 1556 pietatis,
837 1481 923 1559 quod

125 1575 334 1655 postmodum
359 1575 560 1637 venerabilis
579 1577 683 1640 frater
704 1582 818 1641 noster
839 1583 925 1641 Tus-

123 1674 269 1736 culanus
288 1674 463 1751 episcopus
487 1676 684 1752 Apostolicae
701 1676 795 1738 Sedis
808 1677 842 1739 in
855 1681 925 1739 An-

121 1773 195 1849 glia
221 1773 300 1834 tunc
321 1771 449 1848 legatus
464 1771 520 1852 (c),
537 1775 751 1837 Norwincen.
767 1777 845 1837 sede
859 1792 922 1838 va-

126 1874 234 1944 cante,
256 1871 320 1949 ipsi
345 1872 547 1933 monasterio
567 1874 785 1945 confirmavit,
811 1875 854 1947 te,
877 1875 923 1936 lili

126 1968 241 2042 abbas,
265 1985 366 2030 manu
381 1970 515 2047 propria
537 1971 719 2034 investiens
736 1973 776 2033 de
789 1972 922 2049 eodem;

124 2082 187 2128 neo
201 2083 267 2128 non
278 2068 310 2129 et
322 2067 523 2128 venerabilis
537 2067 640 2130 frater
651 2073 765 2132 noster
780 2072 925 2132 Cantua-

122 2166 249 2228 riensis
283 2165 568 2244 archiepiscopus,
605 2171 729 2231 sanctae
766 2172 924 2232 Romanae

125 2264 284 2325 Ecclesiae
326 2263 505 2325 cardinalis
545 2264 607 2345 (a),
651 2268 925 2344 metropolitanus

124 2361 283 2423 Ecclesiae
306 2366 507 2435 memoratae,
530 2363 772 2425 institutionem
794 2365 924 2442 praefati

124 2460 227 2537 legati
264 2461 437 2536 gratanter
468 2463 661 2538 acceptans,
696 2464 924 2542 praescriptam

125 2559 376 2620 concessionem
407 2559 533 2635 regiam
563 2560 781 2633 confirmavit,
824 2579 925 2639 super

123 2672 191 2734 quc
205 2657 318 2718 dilecti
334 2657 394 2717 lilii
410 2658 502 2734 prior
524 2659 557 2719 et
571 2659 751 2735 capitulum
766 2660 925 2721 Norvvin-

128 2770 200 2815 cen.
235 2772 332 2815 suum
365 2754 459 2816 vobis
495 2757 711 2832 praestiterint
748 2773 924 2819 assensum

128 2852 312 2915 liberaliter
326 2854 358 2915 et
372 2853 524 2925 libenter,
542 2855 628 2916 sicut
652 2855 687 2916 in
711 2858 926 2935 praescripto-

126 2966 201 3012 rum
225 2952 328 3027 regis,
362 2952 474 3027 legati,
502 2952 767 3031 archiepiscopi,
790 2954 922 3031 prioris,

126 3050 264 3127 capituli
279 3052 312 3111 et
327 3050 520 3111 cancellarii
545 3051 666 3112 litteris
682 3052 790 3113 felicis
805 3068 922 3115 recor-

121 3147 271 3209 dationis
308 3148 522 3209 Innocentius
565 3151 655 3225 Papa
695 3150 925 3226 proedecessor

125 3248 242 3308 noster
253 3246 423 3324 perspexit
439 3246 569 3322 plenius
585 3247 769 3308 contineri:
793 3249 862 3309 Nos
883 3249 923 3309 ad

121 3342 298 3420 exemplar
328 3343 477 3421 ejusdem
516 3345 771 3422 praedecessoris
805 3347 923 3421 nostri,

123 3443 299 3520 praelatam
314 3443 562 3503 concessionem
587 3443 713 3519 regiam
733 3445 873 3519 gratam,
892 3445 926 3507 et

124 3543 233 3601 ratam
253 3539 428 3612 babentes,
455 3540 578 3601 dictum
603 3540 811 3613 beneficium,
840 3543 925 3603 sicut

124 3638 209 3699 illud
231 3640 322 3716 juste
343 3654 383 3699 ac
405 3638 541 3715 pacifice
563 3638 750 3715 possidetis,
776 3639 870 3701 vobis
892 3643 925 3702 ct

125 3752 187 3815 per
199 3752 258 3797 vos
273 3737 475 3797 monasterio
491 3740 602 3798 vestro
613 3738 810 3799 auctoritate
824 3742 926 3816 Apos-

126 3834 229 3897 tolica
257 3834 503 3902 confirmamus,
540 3835 573 3896 ct
607 3836 781 3912 praesentis
810 3837 924 3914 scripti

125 3932 315 4011 patrocinio
360 3933 622 4004 communimus,
660 3934 809 4011 saepefati
835 3936 925 4012 regis

163 4118 207 4191 (a)
230 4118 303 4178 Vixit
316 4132 432 4176 coaevus
451 4117 609 4177 innocentii
626 4121 681 4190 lll;
697 4119 837 4191 siqnidem
853 4128 925 4178 teste

126 4190 252 4264 Itogcrio
274 4190 430 4247 Hovedeuo
450 4189 568 4261 hujusce
581 4192 673 4247 atatis
689 4193 826 4263 scriptore
847 4192 922 4249 ccle-

125 4261 264 4329 bcrrimo,
279 4261 326 4317 die
340 4262 373 4318 27
389 4261 457 4318 maii
477 4275 523 4317 an.
546 4262 626 4329 1199,
641 4262 672 4320 iu
686 4262 799 4335 ungite
815 4264 924 4335 Regem

125 4335 261 4390 inunctus
274 4339 327 4389 est.
343 4333 511 4390 consuletur
530 4340 673 4405 postrema
690 4334 843 4390 Annalium
867 4337 921 4391 llo·

147 4404 199 4461 crii
221 4418 297 4477 pars,
321 4418 384 4475 quae
404 4404 440 4460 ud
461 4404 541 4461 initia
561 4418 651 4476 usque
671 4406 790 4463 ioannis
811 4406 925 4478 Anglim

125 4420 216 4547 flcgis
231 4475 402 4547 producitur.

162 4550 200 4676 50)
223 4548 324 4605 i'arius
335 4546 529 4613 metretarum,
546 4560 596 4619 pro
607 4545 733 4602 locorum
749 4545 923 4616 diversitate,

125 4633 221 4684 vuor;
241 4620 320 4674 veria
345 4618 414 4673 item
431 4617 568 4689 acceptio.
591 4619 632 4673 Dc
654 4618 780 4675 merobis
803 4620 925 4691 anglicis

125 4690 233 4749 bullam
251 4688 298 4746 bic
312 4689 400 4760 loqui,
414 4702 498 4744 neum
517 4687 697 4756 dubitaverit,
722 4693 770 4761 qui
786 4692 861 4746 norit
874 4692 922 4746 tri·

125 4763 208 4835 ginta
222 4758 404 4818 marcharum
425 4760 656 4831 supputationem
670 4774 727 4816 nou
743 4775 758 4817 a
775 4762 923 4832 Pontitice,

125 4833 177 4891 sed
207 4830 242 4888 ab
270 4831 383 4905 nrrgliar
406 4844 475 4904 rege
500 4832 621 4903 primum
644 4831 763 4888 institui.
790 4832 924 4889 aliar-ciras

125 4905 280 4976 Anqiiecs,
293 4911 321 4960 et
334 4902 535 4972 sterlingorum
552 4900 670 4974 perinde
684 4903 789 4967 valere,
806 4909 925 4960 testatur

125 4977 262 5049 Congius,
290 4975 382 5046 quiin
401 4974 531 5046 singulas
554 4972 696 5041 marchas,
717 4972 872 5032 solidorum
897 4982 926 5032 et

125 5058 248 5121 quatuor
270 5045 451 5101 deviaricrum
474 5043 597 5115 pretium
620 5045 738 5101 confert.
764 5047 870 5104 Verum
897 5053 925 5103 et

125 5119 184 5185 liic,
199 5119 226 5174 in
241 5124 345 5173 statuto
359 5116 513 5172 solidorum
535 5116 630 5171 valore
646 5115 925 5187 taxend0,ambages

124 5196 287 5247 occurrunt.
303 5190 337 5246 b't
354 5187 388 5243 ab
404 5187 482 5242 bisce
494 5185 705 5243 difficultatibus
721 5202 773 5243 nos
788 5188 922 5260 cupedia·

126 5278 201 5329 mus,
219 5274 304 5332 quam
317 5257 478 5316 Grimoldus
493 5258 521 5313 iu
538 5271 624 5330 opere
644 5257 679 5314 de
704 5259 817 5327 Veron,
834 5274 861 5331 p.
880 5260 924 5329 ll,

126 5332 310 5390 rnurcborum
328 5344 491 5386 mensuram
508 5329 615 5398 statuit,
632 5329 817 5401 explicamus.
833 5332 922 5393 Addi-

125 5406 179 5473 dit,
191 5405 229 5459 ita
241 5402 276 5458 dc
291 5401 407 5458 lticclao
419 5402 459 5457 lll
474 5398 635 5456 Grimaldus
650 5401 782 5472 loquitur,
794 5402 926 5473 qairrqca·

125 5481 171 5533 tos
184 5474 315 5530 marcius
325 5472 542 5541 stertinqorum;
554 5476 619 5527 suut
632 5472 923 5531 sacramentarios.

126 5546 280 5611 lt'unirum,
303 5550 333 5599 ut
351 5543 461 5599 inurar
485 5543 531 5598 iuc
556 5543 699 5611 observat,
723 5544 925 5615 sterlingorum

127 5618 245 5676 nrrtrctc
258 5616 335 5673 vaiet
350 5613 464 5686 julica.
507 5614 570 5675 llll.
590 5613 619 5671 st
641 5612 704 5672 bec
716 5612 770 5672 sibi
782 5622 923 5689 cerratent,

978 1088 1129 1150 omuibus
1153 1088 1285 1167 bajulis,
1308 1090 1341 1151 et
1361 1090 1512 1152 fidelibus
1533 1090 1605 1151 suis
1620 1092 1773 1154 salutem.

979 1187 1099 1249 Sciatis
1114 1204 1175 1248 nos
1188 1188 1310 1250 intuitu
1325 1188 1395 1261 Dei,
1413 1191 1444 1249 et
1457 1206 1516 1266 pro
1532 1190 1639 1251 salute
1652 1192 1775 1254 animae

978 1286 1116 1357 nostrae,
1142 1288 1175 1348 et
1200 1287 1386 1347 animarum
1415 1289 1674 1360 antecessorum,
1700 1304 1776 1351 om-

979 1383 1409 1460 niumqueetsuccessorum
1420 1385 1619 1457 nostrorum,
1630 1386 1773 1459 dedisse,

979 1481 1193 1553 concessisse,
1212 1482 1547 1545 etbaccartanostra
1559 1483 1776 1546 confirmasse

978 1583 1045 1641 Deo
1068 1580 1101 1641 et
1132 1582 1242 1641 Beatae
1265 1580 1394 1656 Virgini
1415 1582 1545 1653 Mariae,
1567 1581 1599 1642 et
1617 1581 1729 1644 abbati
1744 1584 1778 1645 et

978 1678 1151 1739 monacbis
1186 1679 1380 1739 monasterii
1419 1679 1526 1741 sancti
1565 1680 1700 1742 Martini
1735 1682 1778 1743 da

978 1778 1089 1837 Monte
1106 1776 1290 1838 viterbien.
1307 1775 1343 1837 in
1361 1778 1492 1849 Tuscia,
1518 1778 1559 1837 ad
1584 1779 1778 1854 petitionem

978 1873 1180 1936 venerabilis
1206 1874 1272 1936 viri
1297 1875 1435 1936 loannis
1453 1876 1600 1952 ejusdem
1628 1876 1692 1938 loci
1712 1876 1777 1938 ab·

977 1972 1076 2044 batia,
1103 1973 1160 2051 qui
1180 1990 1255 2034 cum
1275 1973 1458 2034 venerabili
1473 1975 1566 2051 patre
1581 1977 1694 2037 nostro
1712 1975 1777 2036 do-

978 2072 1068 2131 mino
1094 2071 1233 2133 Nicolao
1257 2071 1445 2134 Tusculano
1469 2073 1635 2150 episcopo,
1668 2076 1778 2151 Apos-

978 2169 1086 2231 tolicae
1128 2169 1222 2231 Sedis
1263 2170 1398 2246 Legato,
1439 2169 1480 2231 ad
1516 2186 1577 2231 nos
1592 2162 1594 2165 ’
1609 2172 1700 2233 venit
1741 2171 1777 2233 in

978 2267 1143 2343 Angliam,
1170 2267 1204 2328 in
1229 2284 1346 2344 puram
1368 2269 1400 2330 et
1418 2270 1611 2345 perpetuam
1629 2269 1779 2331 eleemo-

979 2382 1119 2443 synam,
1149 2365 1346 2427 benelicium
1386 2366 1523 2443 triginta
1564 2370 1776 2430 marebarum

979 2464 1120 2539 singulis
1133 2465 1230 2524 annis
1241 2463 1528 2541 percipiendarum
1544 2464 1584 2525 de
1600 2466 1777 2529 medietate

978 2562 1135 2622 Ecclesiae
1156 2561 1196 2622 de
1218 2562 1380 2623 Holenam
1402 2563 1436 2623 in
1464 2563 1656 2640 episcopatu
1679 2566 1773 2626 Nor-

979 2660 1134 2731 wincen.,
1163 2676 1235 2736 quae
1265 2659 1305 2721 de
1333 2661 1446 2722 nostra
1471 2663 1522 2722 esi
1545 2662 1774 2736 advocatione,

980 2773 1038 2834 per
1059 2774 1194 2818 manum
1223 2759 1450 2834 procuratoris
1485 2761 1677 2821 eorumdem
1712 2761 1777 2822 ab·

978 2856 1064 2917 batis
1082 2857 1114 2917 et
1141 2855 1397 2928 monachorum,
1420 2857 1579 2934 quemad
1601 2858 1664 2920 hoc
1690 2858 1778 2919 assi-

979 2954 1174 3029 gnaverint3
1211 2954 1258 3015 ita
1297 2954 1383 3030 quod
1418 2954 1616 3032 quicumque
1650 2956 1778 3018 medie-

979 3054 1080 3113 tatem
1101 3050 1194 3110 illam
1218 3050 1377 3122 tenuerit,
1403 3050 1515 3112 abbati
1544 3053 1577 3113 et
1603 3052 1776 3114 monacbis

979 3148 1129 3226 praedicti
1148 3148 1342 3208 monasterii
1367 3148 1502 3224 triginta
1520 3151 1684 3222 marchas,
1703 3151 1777 3212 siu·
1838 3184 1842 3189 ·

979 3245 1066 3323 gulis
1079 3246 1186 3317 annis,
1199 3262 1260 3322 per
1269 3261 1403 3305 manum
1410 3248 1636 3322 procuratoris
1645 3263 1775 3321 eorum,

979 3345 1052 3405 sine
1066 3344 1155 3404 omni
1172 3344 1366 3405 difficultate
1385 3346 1417 3404 et
1443 3345 1629 3411 occasione,
1646 3346 1687 3406 ad
1701 3348 1774 3407 ter-

979 3442 1105 3503 minum
1120 3440 1238 3519 synodi
1265 3441 1438 3501 Pascbalis
1463 3442 1677 3504 Nornrincen.
1698 3460 1778 3520 per·
1865 3492 1868 3499 .

980 3540 1095 3603 solvat.
1113 3541 1222 3611 Quare
1236 3538 1388 3599 volumus
1413 3540 1445 3599 ct
1459 3538 1599 3600 firmiter
1613 3540 1773 3619 praecipi-

979 3654 1063 3709 mus,
1107 3637 1193 3714 quod
1229 3634 1330 3697 abbas
1361 3637 1393 3697 et
1433 3636 1588 3699 monachi
1626 3636 1777 3714 praedicti

979 3734 1172 3796 monasterii
1195 3733 1338 3797 babeant
1359 3733 1609 3812 inperpetuum
1631 3735 1778 3813 praedic-

978 3837 1048 3895 tum
1077 3832 1275 3893 beneficium
1312 3830 1451 3907 triginta
1487 3832 1700 3896 marcharum
1735 3834 1776 3895 de

979 3931 1138 4009 praedicta
1152 3929 1328 3992 medietate
1348 3929 1441 3990 illius
1455 3930 1617 4001 ecclesiae,
1640 3930 1724 3993 bene
1742 3934 1776 3994 et

980 4120 1096 4191 triginta
1118 4116 1301 4174 marcharum
1326 4132 1449 4186 summa,
1477 4132 1542 4200 que
1574 4132 1610 4176 ox
1637 4118 1778 4178 beneflcio

979 4192 1108 4249 ecclcsiae
1124 4189 1159 4246 de
1179 4188 1320 4246 ilolcbam
1337 4197 1513 4247 rnonasteuo
1528 4189 1557 4247 S.
1579 4192 1692 4248 Martini
1711 4206 1768 4263 quo

980 4263 1074 4320 taonis
1089 4260 1267 4328 obveniebat,
1287 4260 1375 4316 scutis
1394 4261 1530 4317 lloruanis
1545 4263 1690 4334 argenteis
1702 4270 1778 4320 octo

980 4336 1060 4409 ginta
1073 4347 1107 4388 oc
1118 4346 1176 4388 unc
1191 4330 1351 4403 respondet.

1016 4405 1052 4477 (r)
1071 4406 1140 4472 erac
1159 4400 1211 4459 sub
1237 4401 1404 4459 innocentio
1424 4402 1465 4459 111
1489 4409 1570 4475 gesta
1595 4409 1671 4470 sunt,
1697 4404 1776 4463 Bulla

979 4482 1119 4533 recenset.
1146 4475 1232 4531 Porro
1260 4473 1313 4529 sub
1332 4473 1499 4530 innocentio
1521 4472 1668 4541 Pontidco,
1693 4475 1776 4531 Nico

978 4548 1055 4604 laum
1072 4546 1107 4603 dc
1127 4543 1264 4602 llcmanis
1286 4544 1453 4615 episcopum
1472 4544 1675 4611 Tusculanum,
1694 4546 1722 4601 S.
1740 4546 1773 4602 lt.

979 4622 1012 4676 E.
1029 4616 1213 4683 cardinalem,
1231 4621 1315 4686 atquc
1340 4615 1368 4670 iu
1387 4614 1489 4687 Augila
1505 4614 1587 4672 Sedis
1605 4615 1777 4686 apostoticae

979 4691 1116 4763 legatum,
1127 4687 1210 4744 nobis
1221 4686 1336 4743 exbibet
1346 4686 1477 4745 Ciacccu.
1491 4693 1561 4741 tom.
1578 4685 1774 4753 ll,oolum.2f.

979 4764 1061 4819 Hunc
1076 4760 1172 4851 igitur,
1185 4761 1238 4815 etsi
1250 4771 1355 4813 nomen
1364 4764 1467 4824 taceat,
1478 4757 1619 4812 lionorius
1632 4756 1774 4837 intelligit.

1016 4832 1057 4904 (d)
1078 4829 1196 4896 budam,
1210 4843 1297 4900 quam
1309 4841 1394 4899 supra
1409 4828 1562 4893 innuimus,
1583 4826 1686 4882 militat
1702 4829 1775 4885 ratic

980 4902 1015 4959 ab
1044 4901 1201 4959 iunocentii
1226 4900 1267 4956 111
1292 4905 1376 4955 aetate
1404 4898 1501 4968 petita.
1529 4898 1673 4965 Bariobali,
1700 4898 1776 4970 quod

979 4974 1058 5031 Bulla
1073 4978 1289 5038 commemorat,
1309 4969 1468 5035 concessio,
1485 4967 1520 5024 ad
1543 4983 1649 5026 artuum
1664 4969 1776 5027 circiter

979 5044 1122 5102 decimum
1155 5048 1288 5097 octavum
1326 5040 1510 5096 pontificatus
1541 5040 1712 5111 innocentii,
1744 5048 1776 5098 ut

980 5116 1051 5173 inira
1065 5111 1333 5179 demonstrabimus,
1354 5109 1514 5166 revocanda
1534 5117 1586 5167 est.
1604 5112 1665 5167 lloc
1680 5120 1776 5169 autem

979 5196 1117 5259 tempore,
1131 5192 1208 5241 certo
1229 5183 1334 5239 certius
1353 5182 1564 5241 cantuariensis
1578 5182 1699 5239 ecclesia
1714 5186 1775 5241 Sto·

980 5260 1075 5331 pirano
1102 5254 1273 5328 barrgtbouc
1299 5251 1439 5311 tiardinati
1469 5253 1497 5309 S.
1531 5252 1709 5327 Chrysogoni
1740 5255 1776 5312 ab

979 5330 1081 5386 eodem
1105 5327 1272 5385 Innocentio
1291 5325 1427 5381 Pantilica
1454 5323 1545 5379 luerat
1573 5325 1685 5381 collata.
1716 5326 1777 5383 Nec

980 5401 1062 5468 alius,
1075 5398 1241 5456 innocentio
1254 5396 1416 5467 superstite,
1432 5396 1522 5466 potuit
1534 5395 1562 5450 iu
1578 5395 1775 5469 Arolriepisco·

979 5487 1047 5544 pum
1064 5468 1210 5543 designari
1218 5482 1227 5537 3
1247 5482 1333 5539 quum
1354 5466 1490 5538 Steplrnni
1512 5464 1574 5522 dies
1598 5468 1774 5537 emortualis,

979 5542 1128 5603 ciacconio
1141 5547 1212 5597 teste
1225 5538 1253 5595 in
1268 5539 1322 5595 loc.
1343 5553 1406 5610 sup.
1423 5537 1483 5603 cit,
1494 5538 1618 5619 column.
1637 5539 1695 5605 32,
1713 5545 1777 5610 post

980 5613 1099 5672 lionorii
1113 5609 1496 5670 111etecttonemstacuenca
1511 5616 1557 5665 srt.
