3802 6166
43 228 47 237 “
130 254 191 315 era
749 254 923 316 uormur
946 255 989 315 111
1013 254 1161 317 ornus.
1724 258 1778 319 om

131 412 298 477 mandatis
316 416 352 477 ut
368 414 474 476 eidem
493 413 670 476 comitissae
692 429 751 492 pro
767 414 836 477 illio
851 430 925 489 suo,
981 416 1105 495 cert0s3
1126 415 1251 477 eisdem
1266 415 1367 478 etiam
1392 414 1626 479 ntlrilomimus
1641 418 1779 481 nuncia·

130 516 166 578 ct
179 514 304 575 Erardo
331 529 370 575 ac
399 514 460 575 Pb.
483 512 661 590 praedictis,
687 516 847 592 exparte
866 530 926 576 sua
980 514 1065 585 rent,
1088 514 1173 592 quod
1201 514 1350 592 praedicti
1379 517 1557 594 episcopus
1583 518 1617 579 et
1646 516 1778 579 abbatas

132 628 289 691 expresse
314 611 533 689 praeciperent
565 615 726 690 quatenus
754 612 926 691 usquead
981 614 1179 675 auctoritate
1222 614 1412 691 apostolica
1450 616 1780 677 excommunicarent

131 710 309 775 terminum
322 711 561 787 competentem
583 727 679 789 quem
690 711 753 789 ipsi
769 726 925 789 peremp-
981 725 1094 772 omnes
1104 711 1181 773 illos
1191 712 1246 790 qui
1261 712 1301 773 de
1316 714 1437 775 caetero
1457 714 1582 775 statum
1594 714 1697 776 terrae
1711 715 1780 776 tur·

130 809 254 869 torium
269 807 480 884 assignarent
490 808 626 881 eisdem,
644 825 703 886 per
726 825 761 871 se
781 809 834 870 rel
849 826 928 886 pro-
980 808 1098 872 barent
1110 811 1163 872 vel
1176 811 1389 873 immutarent
1402 811 1583 889 praedictae,
1601 828 1733 875 necnon
1749 814 1780 875 et

132 908 304 969 curatores
326 906 464 968 idoneos
479 908 669 984 Apostolico
685 924 720 969 se
736 907 926 986 conspectui
981 904 1056 966 illos
1071 904 1127 983 qui
1138 906 1201 967 hoc
1217 909 1288 984 jam
1303 911 1588 985 praesumpserant
1602 910 1777 980 attentare,

131 1006 382 1083 praesentarent,
397 1006 443 1077 ut,
461 1005 583 1068 auditis
611 1007 644 1067 et
671 1007 802 1083 plenius
824 1006 926 1068 intel·
981 1002 1048 1063 uisi
1080 1003 1296 1066 emendarent
1330 1005 1362 1066 id
1393 1006 1426 1067 et
1454 1006 1666 1082 corrigerent
1693 1006 1778 1067 infra

131 1104 226 1165 lectis
242 1120 315 1180 quae
331 1103 439 1166 iorent
453 1104 532 1165 binc
553 1104 629 1165 inde
644 1105 824 1182 proposita,
834 1106 926 1182 J'usto
981 1116 1139 1162 mensem.
1156 1103 1247 1174 Quod
1268 1103 1297 1163 ei
1320 1103 1446 1165 Erardo
1471 1105 1506 1166 et
1529 1103 1592 1165 Ph.
1612 1104 1779 1182 praedictis

134 1201 346 1263 declarentur
363 1200 410 1281 (1)
424 1202 553 1281 judicio
578 1205 686 1263 utrum
708 1204 780 1280 ipsa
800 1203 860 1264 Ph.
884 1218 927 1264 ex
981 1213 1039 1259 ore
1053 1199 1094 1260 ad
1110 1215 1147 1261 os
1160 1200 1251 1279 loqui
1267 1217 1332 1261 non
1344 1204 1491 1278 possent,
1501 1204 1573 1263 tam
1585 1202 1778 1264 citationem

133 1299 251 1377 copula
268 1299 424 1378 praedicta
442 1301 596 1378 suscepta
615 1299 733 1363 debeat
753 1300 927 1376 illegitima
981 1313 1078 1373 quam
1091 1298 1247 1374 praedicta
1260 1301 1371 1361 omnia
1380 1300 1547 1377 aliquibus
1556 1300 1777 1373 declararent,

131 1396 298 1473 reputari;
311 1399 344 1458 et
360 1397 517 1474 quoniam
531 1399 753 1459 successionis
768 1414 868 1459 causa
884 1414 927 1459 ex
980 1395 1020 1455 do
1042 1394 1161 1472 quibus
1184 1400 1296 1473 posset
1318 1398 1474 1475 praesumi
1495 1399 1582 1477 quod
1599 1399 1728 1460 Erardo
1749 1402 1781 1460 et

58 1482 61 1487 ’
131 1493 195 1557 ista
214 1494 387 1571 dependet,
412 1510 453 1555 ne
479 1495 563 1557 torte
583 1496 752 1572 negotium
768 1496 926 1557 contundi
981 1493 1041 1553 Ph.
1055 1494 1202 1569 praetatis
1215 1511 1254 1556 ea
1266 1496 1427 1557 nunciare
1440 1496 1608 1568 deberent,
1625 1500 1659 1560 et
1675 1496 1779 1558 nilril-

132 1593 352 1669 contingeret,
367 1593 530 1655 instalum
545 1593 579 1654 in
595 1610 660 1671 quo
670 1593 926 1670 dignoscebatur
981 1592 1111 1653 ominus
1132 1592 1165 1653 in
1186 1594 1344 1670 parochia
1362 1611 1428 1655 una
1450 1596 1501 1656 vel
1516 1595 1682 1671 pluribus,
1700 1613 1780 1673 quas

131 1694 212 1752 tunc
231 1707 315 1763 esse,
332 1694 456 1754 terram
472 1693 709 1753 conservarent
721 1692 924 1769 praedictam;
981 1691 1070 1768 ipsos
1095 1689 1320 1767 intelligerent
1343 1690 1567 1768 frequentare,
1595 1692 1780 1755 denuncia-

131 1790 362 1852 moleetatores
386 1789 518 1852 interim
534 1806 593 1867 per
621 1806 795 1851 censuram
814 1791 925 1852 eccle·
980 1791 1055 1851 rent
1078 1788 1210 1865 publice
1231 1789 1284 1850 vel
1301 1790 1497 1851 denunciari
1512 1807 1586 1868 quae
1606 1792 1779 1869 praemissa

132 1887 313 1960 masticem,
330 1888 551 1965 appellatione
567 1888 759 1966 postposita,
776 1904 927 1966 compes-
982 1889 1059 1949 srrnt
1074 1887 1223 1949 iacerent
1235 1888 1391 1948 universa
1408 1886 1469 1966 (3).

131 1984 247 2047 cando.
263 1989 397 2059 Verum,
424 1987 501 2047 licet
523 1986 588 2063 ipsi
606 1986 765 2049 citassent
779 1987 923 2059 eosdem,
1021 1988 1125 2047 Porro
1150 1985 1216 2047 duo
1233 1985 1379 2057 illorum,
1396 1986 1552 2049 videlicet
1568 1987 1669 2049 Prior
1685 1985 1735 2066 (l)
1749 1990 1780 2051 et

131 2083 208 2161 qnia
222 2086 333 2145 tamen
350 2085 482 2146 interim
506 2084 594 2146 idem
621 2085 845 2163 praedecessor
859 2086 925 2145 mi·
982 2088 1017 2145 l).
1035 2081 1096 2162 (5),
1110 2084 1210 2146 tertio
1225 2084 1352 2161 collega
1379 2085 1527 2161 ipsorum
1552 2086 1705 2162 legitime
1720 2103 1779 2147 ex-

131 2183 240 2258 grarit
250 2183 289 2243 ad
302 2183 487 2255 Dominum,
497 2199 538 2245 ne
551 2182 618 2243 illis
627 2184 739 2261 aliqua
750 2200 925 2261 superesse
980 2186 1107 2254 casale,
1123 2181 1290 2244 intellecto
1303 2182 1389 2259 quod
1401 2183 1500 2245 iidem
1515 2185 1662 2245 Erardus
1673 2186 1707 2247 et
1718 2184 1778 2245 Ph.

130 2280 300 2342 rideretur
321 2280 462 2352 occasio,
481 2297 542 2342 nos
558 2280 599 2342 ad
617 2281 781 2343 catatelam
800 2282 925 2343 eisdem
980 2280 1067 2358 apud
1091 2280 1250 2342 Noeriurn
1275 2282 1496 2352 morarentur,
1522 2281 1594 2342 illic
1616 2299 1778 2359 persona·

130 2378 285 2456 episcopo
298 2380 331 2439 et
345 2377 518 2441 abbatibus
534 2379 658 2440 nostris
674 2379 824 2441 dedimus
837 2380 926 2442 litte-
980 2380 1057 2441 liter
1070 2380 1283 2440 accesserunt
1297 2377 1357 2458 (6),
1372 2380 1405 2440 et
1418 2378 1538 2440 ibidem
1554 2380 1776 2443 invenientes.

129 2477 177 2538 ris
192 2477 227 2538 in
245 2476 409 2538 mandatis
425 2479 460 2539 ut
479 2477 647 2556 praedicta,
663 2479 758 2555 Juxta
776 2478 925 2555 ejusdem
980 2477 1140 2538 la‘rardum
1151 2476 1269 2554 ipsum,
1282 2477 1395 2539 multis
1408 2477 1629 2549 adstantibus,
1647 2480 1776 2556 publice

130 2574 387 2653 praedecessoris
403 2577 507 2637 nostri
523 2576 670 2637 mandati
686 2577 845 2648 tenorem,
863 2592 924 2637 su-
980 2576 1040 2636 sub
1053 2575 1159 2636 torma
1181 2575 1326 2637 citavere
1352 2576 1558 2653 praescripta,
1576 2578 1611 2639 et
1625 2579 1776 2653 assigna-

130 2672 220 2735 blato
235 2672 411 2751 cujuslibet
436 2674 708 2736 contradictionis
720 2675 753 2736 et
777 2674 926 2751 appella·
980 2672 1774 2746 runtterminummemoratumeidem‚nestatum

129 2771 622 2843 aionisobstacuto,auctoritate
629 2774 742 2832 nostra
750 2771 926 2848 diligenter
981 2774 1078 2832 terrae
1093 2771 1199 2850 ipsius
1214 2771 1389 2833 immutare
1405 2788 1465 2833 seu
1475 2772 1673 2850 perturbare
1689 2791 1772 2851 prae·

131 2869 270 2946 exsequi
294 2870 526 2944 procurarent3
548 2869 580 2930 et
599 2869 627 2929 si
649 2884 714 2930 non
739 2885 853 2930 omnes
873 2869 925 2930 his
980 2870 1135 2943 sumeret,
1153 2871 1250 2947 prout
1269 2869 1318 2929 eis
1338 2871 1524 2948 injunctum
1546 2870 1669 2941 tuerat,
1687 2872 1771 2933 intri-

131 2966 352 3044 exsequendis
373 2967 537 3029 interesse
561 2966 723 3040 ualerent,
746 2983 786 3030 ea
801 2968 926 3029 nihilo·
979 2966 1104 3040 bentes,
1135 2967 1290 3029 mandato
1313 2968 1546 3044 praedictorum
1576 2970 1722 3048 episcopi
1743 2972 1771 3031 et

130 3065 240 3126 minus
251 3064 316 3127 duo
327 3068 588 3143 exsequerentur
600 3066 743 3127 illorum.
754 3067 821 3144 Ipsi
832 3082 924 3131 uero.
980 3064 1146 3137 abbatum,
1163 3082 1292 3127 necnon
1307 3066 1374 3127 lata
1390 3065 1430 3127 ab
1449 3067 1532 3144 ipsis
1548 3069 1770 3130 excommuni-

130 3162 216 3225 sicut
231 3163 300 3224 suis
315 3163 410 3225 nobis
425 3165 545 3226 litteris
557 3165 764 3237 intimarunt,
781 3166 924 3227 manda·
980 3164 1121 3225 cationis
1137 3164 1312 3236 sententia,
1329 3164 1486 3225 eidemin
1501 3166 1680 3229 multorum
1698 3182 1769 3244 prae·

129 3262 200 3323 tum
212 3262 436 3339 Apostolicum
452 3263 590 3341 exsequi
601 3263 781 3339 cupientes,
796 3263 925 3326 dilectis
981 3262 1087 3323 sentia
1098 3262 1229 3340 plenius
1243 3262 1429 3339 explicatis.
1447 3264 1594 3341 Cumque
1611 3266 1763 3344 saepedic-

130 3359 209 3420 filiis
223 3360 369 3422 Jolranni
381 3360 484 3439 priori
501 3361 607 3423 castri
621 3361 830 3435 Theoderici,
848 3362 926 3424 tunc
981 3363 1047 3422 lam
1056 3360 1117 3421 Pb.
1127 3360 1292 3422 citandam
1307 3360 1403 3421 modo
1416 3360 1516 3421 simili
1531 3363 1761 3439 quaesivissent,

130 3458 236 3521 Vallis
265 3460 408 3520 Sacratae
439 3459 620 3532 canonicO,
650 3460 683 3521 et
710 3460 925 3537 Longipontis
981 3458 1087 3519 dictus
1111 3457 1257 3521 Erardus
1279 3457 1450 3535 respondit
1474 3457 1579 3537 quod,
1606 3461 1762 3537 cumipse

130 3558 164 3618 et
193 3560 231 3619 D.
260 3558 455 3633 cagiacensi
489 3557 679 3629 monachis,
707 3558 827 3620 litteris
856 3558 926 3619 suis
982 3556 1015 3616 in
1044 3554 1160 3617 eodem
1189 3556 1297 3618 castro
1328 3556 1522 3619 infirmitate
1546 3558 1660 3619 valida
1679 3560 1760 3619 tene-

131 3655 377 3719 continentibus
391 3657 539 3716 nostrum
555 3654 595 3716 de
610 3654 710 3717 verbo
730 3656 925 3718 adverbum
981 3657 1088 3726 retur,
1118 3669 1289 3716 accessum
1314 3653 1436 3716 babere
1465 3671 1531 3715 non
1557 3657 1709 3733 poterant
1729 3652 1759 3713 ad

131 3754 333 3827 mandatum,
362 3753 510 3815 districte
533 3753 566 3813 in
585 3754 708 3815 virtute
730 3753 926 3817 obedientiae
981 3751 1141 3824 eamdem,
1159 3752 1390 3830 propterquod
1411 3752 1509 3815 iidem
1530 3754 1564 3814 in
1582 3756 1689 3816 castro
1704 3754 1759 3830 ipso

131 3851 361 3927 praeceperunt
375 3851 412 3912 ut
421 3851 462 3911 ad
476 3850 548 3913 loca
560 3867 633 3929 quae
644 3851 724 3913 dicti
735 3851 879 3913 Erardus
895 3853 927 3914 et
981 3865 1092 3911 coram
1106 3849 1255 3926 pluribus
1271 3850 1385 3911 eodem
1401 3850 1498 3911 modo
1518 3851 1626 3929 ipsam
1642 3853 1758 3915 citatam

132 3947 193 4007 Ph.
210 3947 430 4025 frequentant,
448 3948 501 4010 vel
514 3948 549 4009 in
562 3947 681 4026 quibus
697 3949 866 4010 inventuri
878 3946 925 4030 (2)
981 3945 1193 4025 essepublice
1205 3948 1416 4019 nunciarunt,
1427 3950 1535 4010 ettam
1547 3950 1757 4012 inhibitionem

131 4045 293 4117 ualerent,
314 4046 535 4123 personaliter
553 4046 760 4119 accedentes,
775 4062 928 4127 peremp-
982 4046 1758 4122 factamquamexcommunicationissententian

131 4143 217 4205 torio
227 4143 379 4216 citarent,
397 4142 514 4205 testum
526 4146 561 4205 B.
575 4145 672 4206 Lucae
683 4145 833 4223 proxime
846 4162 929 4224 prae-
982 4145 1082 4207 latam
1098 4160 1157 4221 per
1172 4146 1367 4207 executores
1377 4145 1564 4223 praedictos,
1576 4150 1759 4224 prouisupe

132 4242 266 4304 teritum
303 4242 385 4319 ipsis
412 4242 590 4303 terminum
616 4244 836 4320 assignantes
862 4261 927 4322 quo
982 4243 1052 4304 rius
1073 4244 1125 4304 est
1153 4257 1365 4319 expressum,
1391 4242 1544 4303 omnibus
1568 4244 1757 4307 adstantibus

133 4356 241 4419 perse
256 4341 307 4401 vel
319 4340 551 4419 procuratores
568 4341 703 4404 idoneos
718 4344 852 4421 propter
864 4344 927 4404 boc
982 4341 1197 4418 exponentes,
1219 4340 1397 4417 saepedicto
1418 4340 1640 4418 injunxerunt
1655 4338 1759 4403 Erardo

130 4439 320 4517 apostolico
344 4454 380 4500 se
406 4440 596 4515 conspectui
621 4441 871 4517 praesentarent,
895 4442 928 4503 et
983 4442 1018 4500 ut
1032 4438 1223 4501 citationem
1246 4440 1279 4501 et
1300 4439 1490 4511 terminum,
1506 4443 1541 4501 et
1566 4440 1635 4502 alia
1658 4454 1760 4518 supra-

131 4537 928 4616 nilrilominusinlriberentsubpoenaexcommu-
982 4536 1080 4608 dicta,
1109 4538 1216 4599 eidem
1249 4537 1346 4614 plene
1387 4537 1557 4599 intimaret
1583 4539 1760 4616 Pllillippa:

131 4636 309 4699 nicationis
321 4635 457 4708 eisdem,
468 4651 510 4696 ne
522 4635 817 4713 statumpraedictae
827 4638 927 4699 terrae
982 4636 1066 4712 quod
1077 4636 1109 4697 et
1122 4637 1194 4713 ipse
1210 4637 1354 4697 asseruit
1366 4651 1402 4696 se
1416 4635 1596 4697 facturum.

130 4734 305 4797 turbarent
316 4734 350 4796 in
359 4733 652 4813 aliquo,ueletiam
661 4734 885 4808 immutarent,
896 4737 928 4798 et
1023 4734 1234 4795 Postmodum
1258 4749 1337 4795 vero
1368 4733 1517 4810 praedicti
1547 4735 1723 4814 episcopus
1743 4732 1767 4793 et

131 4833 346 4895 emendarent
358 4832 508 4911 plenarie
516 4832 603 4893 intra
612 4848 758 4893 mensem
769 4832 926 4912 quidquid
982 4830 1083 4893 abbas
1110 4832 1336 4908 Longipontis,
1353 4831 1472 4892 abbate
1486 4833 1701 4895 cluniacensi
1720 4848 1769 4893 ea·

132 4928 294 4992 turbando
307 4931 360 4992 vel
373 4930 577 4992 immutando
589 4932 708 4992 statum
718 4932 927 5010 terraeipsius
982 4933 1096 4992 cusato
1109 4930 1267 5007 legitime,
1284 4930 1369 4991 sicut
1384 4931 1418 4990 in
1434 4946 1550 4991 eorum
1569 4930 1692 4995 litteris
1702 4948 1771 5011 per·

131 5028 173 5089 ab
186 5044 225 5090 eo
238 5030 385 5105 tempore
401 5030 615 5101 attentarant,
626 5028 832 5107 quotuerant
847 5046 929 5093 auc-
982 5030 1151 5106 speximus
1178 5029 1351 5093 contineri.
1384 5028 1590 5105 sepedictum
1622 5032 1774 5094 Erardum

132 5128 265 5189 toritate
278 5127 427 5203 praedicti
438 5128 693 5205 praedecessoris
706 5128 811 5190 nostri
821 5128 926 5202 citati,
982 5129 1014 5189 et
1040 5128 1195 5189 Milonem
1211 5127 1251 5187 de
1270 5127 1420 5197 Noeriis,
1444 5128 1604 5203 quoniam
1630 5130 1695 5207 ipsi
1713 5133 1776 5206 jam

132 5227 166 5286 et
181 5226 267 5302 quod
285 5225 366 5286 illud
385 5226 627 5297 emendassent,
645 5226 821 5289 redderent
837 5226 928 5303 ipsos
983 5243 1046 5286 mur
1061 5226 1202 5299 occulte,
1219 5224 1275 5286 sed
1292 5226 1375 5286 adeo
1394 5224 1570 5289 manifeste
1585 5228 1675 5304 quod
1692 5228 1778 5289 locus

170 5412 211 5483 (l)
225 5412 322 5469 Potius
333 5429 342 5469 :
353 5412 552 5471 declararetur.
1020 5414 1059 5485 (l)
1070 5414 1271 5498 Longipontis.

168 5486 210 5557 (2)
225 5484 328 5541 Melius
343 5500 352 5539 .·
368 5485 500 5542 inveniri.
1023 5487 1063 5556 (5)
1081 5484 1276 5559 Cagracensie.
1376 5556 1381 5567 Ι

171 5558 212 5627 (3)
224 5552 368 5631 legendae
391 5569 425 5611 ea
452 5555 488 5612 de
502 5570 533 5612 re
554 5557 671 5615 lionorii
691 5558 805 5617 Litterae
829 5572 926 5632 supra,
1020 5558 1060 5630 (b)
1072 5559 1198 5640 loannes
1210 5557 1286 5639 prior
1298 5563 1383 5639 castri
1398 5555 1577 5627 l'lraodorici,
1589 5572 1659 5617 curn
1673 5560 1782 5619 duellas

132 5632 186 5686 col.
207 5628 258 5685 tot
271 5635 300 5685 et
313 5626 375 5685 ³⁸5.
984 5628 1133 5685 llltlntltthls
1144 5642 1176 5683 ac
1188 5628 1367 5700 sagracensr,
1384 5636 1413 5684 nt
1422 5644 1518 5701 supra.
