3802 6166
120 297 180 361 tto

429 484 611 573 CCLXXI

123 619 175 681 Aa
187 620 324 682 abbates
338 622 378 681 de
392 621 555 691 Audacia,
571 619 656 682 etde
672 623 808 696 Vangoz
826 621 861 683 et
873 625 918 684 aa

193 720 472 780 archidiaconum
498 717 826 780 Wrattstavtcnsem.

410 831 445 889 iti
459 831 528 888 maii
543 832 623 891 titt.

212 936 344 1000 [Theium.
359 938 525 988 lineamenta
534 937 657 996 Palania,
667 936 687 995 l,
697 937 721 996 l,
736 952 761 988 ιι.
777 938 827 1003 lli]

123 1033 269 1093 iudicibus
291 1035 443 1093 mandatur
462 1044 494 1093 ut
516 1036 582 1094 duci
604 1037 713 1095 Silesiae
735 1044 861 1095 castrum
884 1036 919 1095 de

300 1122 395 1183 Chelis
412 1124 618 1182 restituendum
630 1132 740 1184 curem.

164 1228 331 1290 nonarius
342 1230 528 1307 episcopus,
539 1247 656 1293 servus
664 1246 836 1292 servorum
847 1231 917 1303 Dei,

125 1326 256 1388 dilectis
271 1326 386 1388 tiliis...
401 1327 442 1390 de
455 1328 601 1390 Andreio
621 1332 691 1392 et...
712 1329 753 1391 de
771 1330 919 1406 Wangoz

125 1421 298 1486 abbatibus
317 1426 549 1490 cracoviensis
569 1426 733 1500 dioecesis,
755 1429 787 1489 et
807 1426 922 1489 archi-

127 1508 268 1585 diabolo
283 1523 564 1598 wratislaviensi,
581 1523 722 1587 saluum
737 1527 770 1588 et
783 1526 920 1603 aposto-

125 1619 513 1683 ltcambenedictionem.

166 1717 312 1779 Dilectus
332 1717 421 1780 illius
441 1718 562 1780 nobilis
576 1720 629 1781 vir
644 1717 836 1801 ll(enricus)
853 1720 922 1781 dux

127 1813 267 1887 Silesiae,
283 1815 480 1878 ransmissa
500 1815 596 1878 nobis
623 1816 781 1893 petitione
806 1830 917 1883 mons·

125 1912 238 1983 travit,
254 1913 340 1990 quod
364 1929 439 1975 cum
459 1911 602 1976 nobilem
628 1915 737 1977 virum
759 1914 922 1994 W(ladiz-

126 2008 231 2087 laum)
260 2011 374 2073 natum
398 2011 564 2089 quondam
588 2010 735 2074 oddonis
768 2012 921 2075 dioecesis

126 2109 339 2180 Gneznensie,
360 2108 521 2170 bellorum
547 2109 641 2171 clade
667 2113 859 2188 quassatum
885 2111 921 2173 in

124 2206 216 2266 terra
231 2222 291 2266 sua
302 2206 370 2268 tum
383 2207 525 2283 pietatis,
538 2207 606 2268 tum
621 2209 921 2284 consanguinitatis

127 2303 257 2365 intentu
282 2305 482 2381 recepisset,
512 2307 723 2383 castrumque
749 2323 846 2369 suum
880 2307 921 2368 de

739 301 914 383 uouonn
937 302 983 362 111
1004 303 1152 379 aesna.

1717 307 1767 365 tiu

974 476 1046 521 sum
1058 459 1128 523 iore
1140 459 1337 535 invalidum,
1347 463 1380 523 et
1391 465 1505 529 vestro
1520 463 1698 541 processui
1711 480 1768 525 non

974 556 1117 620 obstare.
1147 557 1239 629 Quod
1271 558 1301 619 si
1333 575 1401 621 non
1433 575 1571 634 omnes,
1608 560 1675 621 duo
1703 577 1769 620 res-

975 656 1073 726 trum,
1089 656 1152 717 etc.
1169 656 1288 718 Datum
1306 659 1420 720 Romae
1435 658 1525 735 apud
1536 660 1701 721 Sanctum
1711 660 1769 720 Pe-

973 753 1062 814 trum
1074 754 1133 815 VII
1147 752 1310 817 kalendas
1319 755 1420 832 Junii,
1437 755 1658 834 pontificatus
1674 756 1768 818 nostri

975 865 1063 911 anno
1078 851 1236 915 secundo.

1272 1002 1475 1093 cclxxii

1033 1137 1086 1195 Ad
1099 1137 1261 1198 udonem
1275 1140 1418 1199 eiectum
1431 1143 1720 1204 Bebaoaccusem

1270 1239 1476 1311 episcopum.

1270 1356 1305 1417 at
1317 1358 1385 1417 mali
1397 1359 1477 1419 tiis.

976 1453 1113 1526 [muniet
1125 1461 1279 1515 Reenaildes
1291 1464 1388 1521 bist.‚t.
1400 1465 1466 1594 251⁹&
1474 1480 1501 1530 p.
1510 1465 1569 1525 060;
1579 1466 1681 1530 liegest.
1693 1465 1729 1517 lib
1745 1466 1770 1527 ll,

1287 1544 1360 1609 epist.
1378 1545 1406 1594 ll
1442 1545 1461 1610 ,ἶ

976 1640 1772 1718 lliloni,qui,eutequamelectusasset,seprofecturum

1010 1729 1039 1786 in
1054 1728 1215 1789 subdidium
1228 1732 1321 1790 Terra
1336 1732 1448 1791 Sancte
1466 1742 1599 1803 voverat,
1622 1736 1685 1793 voti
1708 1734 1770 1792 dils-

1011 1819 1117 1876 tionem
1143 1819 1273 1894 indulget
1296 1835 1333 1877 ne
1367 1822 1519 1879 ecclesiam
1552 1838 1640 1880 suem
1680 1831 1773 1881 oneret

1010 1908 1179 1980 sumptibus,
1199 1915 1227 1965 et
1241 1918 1272 1967 ut
1284 1909 1492 1984 archiepiscopi
1507 1912 1667 1971 Remensis
1678 1927 1773 1987 gerere

1012 1998 1089 2055 vices
1104 1998 1203 2070 possit.

1015 2108 1182 2169 Honorius
1206 2107 1392 2186 episcopus,
1408 2108 1530 2172 dilecto
1554 2107 1627 2173 uuo
1656 2112 1772 2174 Belua·

976 2206 1193 2277 censielecto,
1210 2206 1361 2280 salutem,
1376 2209 1438 2272 etc.

1015 2304 1091 2365 Nun
1103 2302 1240 2381 derogat
1251 2306 1339 2376 voto,
1349 2321 1410 2367 nec
1425 2322 1494 2367 sum
1510 2306 1614 2369 saluti
1622 2307 1768 2385 abrogat,

127 2401 239 2462 (ibatis
263 2401 327 2463 sibi
350 2417 410 2478 pro
430 2404 507 2465 vitae
531 2402 680 2465 subsidio
705 2405 919 2481 assignasset,
975 2401 1241 2478 guismundus
1260 2402 1354 2465 Sedis
1373 2403 1574 2480 Apostolicae
1596 2407 1772 2484 providen-

127 2498 276 2561 exhiblto
295 2499 423 2576 abipso
446 2501 598 2577 primitus
616 2503 818 2578 juramento,
835 2503 919 2581 quod
974 2499 1156 2570 tiam,illud
1167 2501 1321 2578 prosequi
1330 2502 1486 2579 prorogat
1494 2501 1717 2568 uteiiicacius
1726 2520 1772 2566 ex·

127 2598 202 2672 post
224 2599 509 2674 recuperationem
524 2602 622 2660 terrae
646 2615 715 2661 suae
737 2600 801 2661 sibi
822 2601 922 2662 resti·
976 2596 1150 2672 sequutum
1164 2596 1331 2674 animaist
1345 2596 1771 2679 affectusplacaatpromp-

126 2695 236 2756 tuerat
261 2697 422 2768 castrum,
450 2695 607 2774 praelatus
636 2699 689 2758 W.
717 2697 758 2759 ad
781 2698 920 2759 restitu-
975 2692 1091 2765 titubo,
1104 2692 1240 2755 effectus
1252 2694 1362 2755 umen
1377 2694 1540 2757 exhibitio
1555 2712 1598 2758 eu
1608 2699 1770 2775 acceptior

125 2792 249 2853 bonam
271 2793 373 2854 castri
389 2792 538 2869 praedicti
559 2795 594 2854 in
616 2809 747 2856 omnem
768 2797 921 2859 eventum
976 2791 1028 2851 est
1042 2806 1106 2868 quo
1121 2791 1244 2855 certior
1271 2792 1455 2869 reputatur.
1473 2795 1524 2854 Ex
1552 2796 1650 2871 parte
1674 2797 1771 2873 siqui·

126 2889 246 2951 asserit
261 2904 327 2951 non
342 2891 450 2951 teneri
462 2892 495 2953 st
509 2888 594 2967 quod
607 2907 708 2968 super
718 2890 781 2953 boo
794 2893 921 2954 nullum
976 2887 1049 2950 dem
1060 2890 1118 2949 tua
1132 2888 1196 2949 fuit
1208 2889 1413 2966 propositum
1428 2904 1540 2951 coram
1552 2891 1663 2965 nobis,
1680 2893 1769 2972 quod,

126 2985 265 3048 subierit
275 2989 513 3064 juramentum.
530 2988 624 3053 Unde
639 2992 711 3066 iam
729 2990 837 3053 dictus
854 2990 922 3052 dux
976 3002 1051 3046 cum
1063 2985 1142 3047 olim
1157 2985 1663 3063 inmtnorlolflcioconstitutus
1676 2991 1770 3052 affixo

127 3083 286 3145 Silesiaea
299 3083 395 3147 nobis
405 3085 600 3163 suppliciter
609 3087 755 3164 postulat
769 3088 921 3151 uteidem
975 3083 1041 3144 tuis
1056 3082 1204 3145 humeris
1219 3083 1316 3160 signo
1326 3085 1446 3156 crucis,
1463 3087 1598 3148 voveris
1613 3087 1650 3150 in
1665 3091 1769 3153 Tene

12 3246 16 3252 „
127 3197 230 3258 super
248 3182 311 3244 hoc
334 3182 509 3261 providere
534 3186 674 3263 paterna
697 3186 921 3249 sollicitudine
977 3182 1108 3243 Sanctae
1117 3180 1301 3242 subsidium
1314 3182 1493 3259 proficisci,
1510 3185 1769 3265 postmodum,te

128 3279 352 3355 dignaremur,
374 3296 416 3341 ne
441 3297 600 3358 processu
623 3284 781 3361 temporis
799 3283 922 3363 proba-

125 3376 226 3437 tionis
237 3378 268 3439 ei
283 3378 379 3456 copia
392 3377 537 3441 fortuitis
551 3379 683 3442 casibus
694 3380 919 3443 subtrahatur.

125 3475 267 3552 Ideoque
282 3476 495 3552 praesentium
517 3476 611 3538 vobis
624 3478 821 3541 auctoritate
837 3479 922 3541 utri·

125 3587 229 3649 usque
245 3574 349 3651 partis
365 3576 618 3650 procuraturum
633 3591 774 3636 assensu
788 3575 922 3637 manda-

125 3686 210 3740 mus,
225 3673 388 3747 quatenus
411 3674 627 3734 memoratum
642 3674 696 3733 W.
712 3690 809 3735 suum
825 3689 921 3735 reco-

123 3783 284 3842 gnoscere
301 3771 528 3849 jurementum
549 3771 711 3834 moneatis
727 3773 864 3844 attente,
881 3787 921 3834 ac

123 3864 304 3927 efficaciter
325 3867 500 3929 inducatis.
516 3868 606 3940 Quod
623 3868 651 3929 si
667 3869 708 3935 ad
729 3869 792 3934 ltoc
807 3869 921 3930 induci

123 3961 279 4024 tortenon
286 3965 417 4041 poterit,
426 3981 467 4026 ne
475 3963 599 4027 veritas
611 3965 763 4027 consessa
775 3983 932 4028 succum-2

123 4058 190 4130 bat,
204 4061 307 4121 testes
322 4062 379 4137 qui
401 4077 501 4138 super
515 4062 578 4123 boo
595 4063 756 4127 nominati
772 4049 917 4137 luerunt,

124 4157 151 4216 si
174 4173 210 4217 se
233 4158 352 4232 gratia,
377 4158 452 4219 odio
472 4157 524 4219 vel
539 4159 658 4225 timore
674 4159 919 4235 subtraxerint,

124 4255 250 4331 cogatis
266 4256 464 4322 auctoritate
485 4258 598 4321 nostra
618 4257 751 4321 veritati
766 4259 920 4322 testimo·

123 4355 215 4416 nium
239 4353 426 4431 perbibere,
452 4354 692 4427 denunciando,
704 4357 812 4435 primo
827 4373 919 4434 prae-

122 4450 190 4513 fatu
209 4454 263 4513 W.
284 4453 319 4512 ut
334 4452 412 4513 huic
426 4452 610 4531 receptioni
622 4453 768 4527 testium,
783 4455 813 4515 si
827 4453 919 4527 velit,

975 3280 1092 3341 vocato
1114 3278 1155 3340 ad
1177 3279 1325 3356 regimen
1344 3280 1497 3342 ecclesiae
1514 3282 1770 3355 Bellovacensis,

975 3375 1179 3438 venerabilis
1194 3374 1298 3438 irater
1321 3378 1434 3439 noster
1451 3380 1629 3441 blemensis
1647 3382 1772 3445 archie-

976 3473 1130 3551 piscopus
1158 3473 1217 3553 (l),
1245 3475 1507 3551 crucesignatus,
1538 3477 1574 3538 in
1605 3480 1772 3556 procinctu

976 3571 1254 3650 peregrinationis
1269 3572 1407 3648 positus,
1422 3572 1540 3636 volens
1556 3576 1688 3639 utiliter
1698 3593 1772 3639 con·

976 3669 1085 3729 sulere
1101 3672 1198 3731 terrae
1226 3685 1305 3739 suae,
1323 3686 1396 3747 quae
1415 3671 1572 3734 avicinis
1586 3674 1772 3751 potentibus

975 3767 1087 3827 varias
1112 3766 1196 3828 solet
1223 3766 1366 3845 injurias
1392 3770 1519 3846 perpeti
1541 3773 1574 3832 et
1588 3789 1770 3847 pressuras,

975 3880 1059 3936 eam,
1070 3880 1144 3924 cum
1155 3863 1277 3925 nobilis
1293 3865 1339 3927 sis
1350 3867 1383 3927 et
1396 3867 1523 3943 potens,
1533 3869 1603 3929 tuae
1617 3871 1772 3931 custodie

975 3961 1228 4033 commendavit,
1257 3963 1346 4024 vices
1373 3979 1450 4025 suas
1477 3966 1544 4026 tem
1572 3967 1610 4028 in
1640 3968 1770 4030 dioecesi

976 4075 1074 4137 quam
1089 4060 1124 4119 in
1140 4059 1311 4135 provincia
1338 4061 1493 4122 Remensi
1513 4062 1669 4139 plenarie
1688 4081 1774 4126 com-

976 4157 1145 4218 mittendo.
1172 4160 1281 4229 Quare
1297 4157 1412 4219 videns
1426 4159 1510 4236 quod
1527 4162 1682 4225 nuncad
1698 4179 1772 4223 exe-

976 4254 1142 4316 cutionem
1157 4253 1225 4316 voti
1236 4255 1349 4316 emissi
1359 4257 1426 4317 tuae
1438 4254 1498 4317 tibi
1513 4272 1581 4318 non
1601 4262 1773 4337 suppetant

976 4351 1161 4423 facultates,
1176 4366 1250 4412 cum
1271 4368 1335 4414 non
1351 4352 1545 4419 sufficerent
1557 4355 1611 4419 illi
1627 4360 1773 4435 sumptus

976 4449 1032 4528 qui
1060 4448 1119 4510 tibi
1149 4450 1227 4510 tunc
1250 4449 1440 4513 sufficerent
1466 4451 1502 4513 in
1528 4453 1656 4517 minori
1671 4452 1774 4517 officio

122 4549 264 4620 intersit,
296 4552 328 4611 et
356 4566 457 4629 super
484 4549 735 4613 denuntiatione
760 4551 809 4614 sic
833 4550 921 4614 iacta
977 4546 1165 4618 constituta,
1188 4550 1222 4610 et
1258 4547 1433 4610 timensne
1458 4565 1546 4611 nova
1569 4568 1697 4629 sponsa
1722 4559 1774 4614 tua

123 4645 241 4707 confici
278 4644 407 4708 iacietis
443 4645 612 4724 publicum
650 4647 919 4709 instrumentum.
975 4645 1222 4706 Bellovacensis
1233 4646 1386 4717 ecclesia,
1397 4648 1426 4708 si
1437 4663 1511 4708 eam
1523 4649 1734 4729 relinqueres
1744 4652 1774 4711 in

122 4747 202 4805 Cum
227 4747 337 4805 autem
359 4761 418 4823 pro
446 4745 585 4822 praefato
609 4746 694 4807 duce
719 4746 847 4808 Sileslae
863 4763 922 4824 per
977 4743 1040 4804 hac
1055 4743 1213 4816 novitate,
1227 4758 1363 4820 marem
1387 4745 1578 4810 incurreret
1595 4747 1772 4817 laesionem.

122 4843 329 4919 impetrantis
340 4859 486 4904 errorem
499 4859 599 4920 super
611 4842 765 4905 iacienda
777 4843 840 4907 sibi
855 4861 923 4908 res·
976 4840 1121 4905 maxime
1142 4856 1216 4904 cum
1232 4841 1399 4919 cogereris
1420 4842 1571 4905 eamdem
1592 4845 1774 4909 debitorum

123 4939 275 5003 titutione
295 4941 396 5004 castri
419 4941 571 5020 praedicti
595 4941 688 5004 ab...
710 4941 921 5004 scolasticum
976 4939 1121 5017 pondere
1132 4941 1516 5019 onerare,raputausque
1528 4941 1712 5005 absurdum
1721 4960 1775 5004 ne-

124 5024 445 5105 wratisla'riensem.
472 5040 505 5100 et
528 5038 703 5102 zlavosum
723 5039 923 5103 cracovien-
975 5036 1102 5114 gligere
1115 5029 1298 5100 custodiam
1311 5039 1485 5101 Remensis
1505 5041 1691 5116 provinciae
1714 5051 1773 5103 tuae

125 5152 194 5195 sem
209 5137 417 5209 canonicum,
434 5137 467 5198 et
477 5137 520 5209 te,
537 5136 585 5203 iili
598 5136 845 5210 archidiacone,
854 5136 923 5200 iue-
977 5135 1135 5198 custodiae
1156 5135 1335 5209 derelictae,
1355 5135 1465 5198 iecisti
1484 5137 1583 5200 nobis
1607 5139 1773 5203 humiliter

125 5234 170 5294 rit
191 5234 418 5310 Apostolieum
443 5236 634 5297 mandatum
658 5234 838 5307 obtentum,
864 5253 922 5314 per
976 5233 1161 5311 supplicari
1188 5234 1224 5295 nt
1246 5236 1312 5295 tuae
1343 5249 1444 5312 super
1471 5233 1536 5298 hoc
1563 5239 1772 5301 conscientiae

125 5331 210 5410 quod
226 5332 262 5391 tu
277 5333 309 5391 et
321 5332 400 5396 dicti
413 5333 607 5410 conjudices
621 5334 667 5396 tui
678 5333 718 5394 ed
731 5334 921 5397 citationem
976 5332 1150 5392 consulere
1165 5331 1390 5406 dignaremur,
1410 5348 1485 5393 cum
1501 5336 1640 5411 paratus
1654 5339 1701 5398 sis
1715 5336 1773 5396 dis·

124 5428 352 5492 tantummodo
367 5430 596 5504 processistis:
614 5431 765 5493 volumus
780 5431 821 5493 ad
834 5431 922 5510 peti·
976 5429 1133 5512 positioni
1145 5432 1266 5495 nostrae
1281 5429 1387 5490 modis
1402 5431 1556 5495 omnibus
1565 5432 1715 5497 obedire.

125 5529 247 5590 tionem
263 5525 393 5606 praelati
406 5526 499 5588 ducis
517 5529 644 5592 silesiae
661 5530 850 5592 mandatum
866 5531 920 5609 ip·
1016 5530 1084 5588 Nus
1100 5529 1211 5605 igitur,
1225 5529 1292 5591 tam
1303 5530 1476 5605 tuaequem
1484 5531 1663 5594 Remensis
1676 5534 1772 5595 eccle

162 5659 368 5732 tliilburictm.
