3794 6166
60 243 130 302 765

62 399 291 477 requirantur,
321 399 399 460 licet
424 399 465 460 ad
504 399 714 464 sanctitatem
747 401 868 463 animae

65 512 170 573 opera
181 497 250 557 sola
259 495 426 559 sufficiant
436 497 620 559 inecclesia
631 498 867 576 triumphante.

66 593 323 669 diligentissime
353 594 560 671 inquirerent
586 597 628 656 de
657 600 808 674 utroque,
836 600 870 659 et

63 706 142 766 quse
156 691 342 752 invenirent
360 691 502 754 fideliter
516 693 704 769 redigentes
714 694 748 754 iu
762 694 870 770 scrip·

63 788 131 860 tis,
159 803 199 849 ea
220 789 316 849 nobis
351 791 615 852 transmitterent
644 792 704 852 sub
733 808 868 853 suorum

18 878 23 885 ’
62 886 251 946 munimine
274 886 477 963 sigillorum
492 891 655 965 quatenus
677 905 737 966 per
752 905 868 950 eorum

64 984 266 1045 relationem
288 984 451 1057 instructi,
469 987 502 1046 et
520 987 554 1047 in
569 987 701 1063 negotio
719 987 791 1063 ipso
815 1003 870 1049 se-

65 1082 193 1152 curius,
210 1082 349 1142 homino
365 1083 558 1160 inspirante,
575 1086 755 1161 procedere
775 1085 870 1146 vale-

66 1195 198 1252 remus;
210 1179 266 1256 qni
280 1179 387 1255 primo
396 1183 494 1256 juxta
507 1182 653 1244 mandati
664 1183 769 1244 nostri
779 1184 870 1244 teno-

66 1293 157 1347 rem,
186 1276 226 1336 de
256 1276 348 1337 illius
376 1280 638 1352 couversatione,
664 1297 704 1341 ac
729 1282 808 1351 vita,
829 1295 869 1341 ac

67 1374 189 1435 deiude
204 1374 245 1435 de
260 1375 431 1436 miraculis
447 1375 695 1454 inquisitionem
710 1377 869 1439 facientes

67 1488 130 1549 per
139 1472 304 1548 legitimos
312 1474 425 1542 testes,
437 1476 470 1536 et
480 1475 570 1535 omui
586 1475 781 1552 exceptione
797 1491 870 1536 ma·

60 1569 867 1649 jores,adstrictosjmamentivinculodiligenter,

64 1667 277 1738 invenerunt,
307 1668 416 1744 ipsum
450 1671 573 1731 sanctae
604 1671 869 1733 conversationis

65 1764 869 1844 odoremaliisfuissedumviveret,etiusignium

65 1862 306 1923 miraculorum
329 1864 539 1925 multitudine
566 1869 640 1941 post
653 1865 788 1928 obitum‘
800 1866 872 1926 cla-

65 1960 189 2032 ruisse,
204 1976 277 2037 quae
292 1961 362 2022 tum
384 1961 462 2038 qnia
486 1962 579 2023 vobis
599 1964 677 2024 nota
697 1966 784 2034 sunt,
800 1965 869 2025 tum

67 2058 149 2134 quia
171 2073 230 2135 pro
255 2058 306 2118 sui
339 2059 550 2121 multitudine
575 2076 641 2122 non
658 2061 796 2136 possent
810 2060 870 2123 sub

67 2153 232 2216 brevitate
266 2155 418 2229 narrari,
449 2159 605 2233 praesenti
643 2159 775 2236 paginae
803 2175 869 2221 non

68 2252 228 2313 duximus
244 2253 433 2322 inserenda,
443 2254 561 2316 melius
574 2256 778 2317 aestimantes
792 2257 871 2318 scri·

68 2353 168 2428 pturo
183 2349 362 2426 gloriosam
378 2353 450 2427 ejus
465 2351 639 2413 historiam
656 2353 811 2415 universa
822 2371 872 2415 re·

67 2447 233 2525 linquere,
253 2464 352 2525 quam
371 2449 486 2526 paucis
501 2451 732 2512 anctoritatem
749 2453 871 2513 nostrae

69 2543 170 2607 hullae
193 2546 403 2624 appositione
424 2548 611 2623 praestando
628 2532 711 2609 'eam
732 2549 871 2626 reliquis

71 2643 214 2721 quodam
229 2645 326 2706 modo
347 2645 518 2721 derogare.
536 2646 619 2723 Ipsis
633 2648 744 2708 autem
763 2648 871 2708 mira-

70 2741 167 2813 culiS,
180 2759 253 2819 qnae
275 2742 490 2820 inquisitores
517 2743 667 2821 praedicti
689 2744 785 2805 uobis
811 2744 871 2806 suh

70 2839 141 2903 suis
160 2839 280 2914 sigillis
297 2840 435 2912 inclusa,
459 2842 556 2917 prout
572 2842 607 2902 in
629 2842 794 2904 mandatis
817 2860 873 2905 re-

69 2939 244 3014 ceperant,
269 2922 541 3010 transmiserunt,
576 2940 778 3001 examinatis
813 2957 873 3019 per

71 3050 155 3110 quos
170 3034 210 3094 dc
222 3034 380 3096 fratribus
396 3036 518 3097 nostris
533 3037 665 3113 penitus
683 3040 716 3099 et
730 3038 874 3113 diligen-

69 3134 139 3207 ter;
157 3148 197 3193 ea
212 3133 343 3193 demitin
358 3131 392 3191 iu
406 3133 503 3209 pleno
519 3134 717 3195 consistorio
735 3135 872 3195 fecimus

71 3229 266 3291 solemniter
276 3230 423 3298 recitari,
438 3231 558 3291 etcum
574 3231 783 3292 sanctitatem
798 3248 873 3292 ruo-

69 3343 146 3388 rnm
163 3330 196 3387 et
208 3327 380 3402 signorum
394 3327 549 3389 virtutem
564 3328 604 3388 ad
625 3327 773 3389 favorem
788 3330 874 3406 peti-

70 3424 185 3494 tionis,
211 3440 270 3500 pro
292 3439 357 3502 qua
376 3424 527 3501 praedicti
549 3425 819 3503 archiepiscopus
840 3430 873 3490 et

70 3522 226 3583 canonici
260 3538 326 3582 una
358 3538 433 3583 cum
466 3522 630 3599 episcopis
666 3525 699 3585 et
727 3525 873 3601 praelatis

70 3619 290 3680 bituricensis
312 3619 493 3695 provinciae
517 3619 593 3680 aliis
610 3637 683 3699 quae
698 3623 874 3700 quamplu-

69 3717 169 3777 rimis
189 3717 403 3777 vehementer
422 3716 592 3778 instabant
607 3733 805 3780 concurrere
822 3720 875 3780 vi-

71 3814 241 3883 deremus,
258 3814 406 3875 divinum
421 3816 454 3875 et
468 3814 649 3875 humanum
664 3817 770 3879 secuti
782 3817 875 3894 judi-

70 3913 174 3981 cium,
197 3911 237 3972 de
260 3910 399 3972 fratrum
424 3912 614 3974 nostrorum
637 3915 775 3975 consilio
802 3918 876 3992 post

71 4008 213 4069 multam
241 4008 513 4070 deliberationem
540 4008 687 4072 habitam
710 4027 783 4072 cum
808 4012 876 4072 eis-

71 4106 161 4175 dem,
188 4122 249 4166 nec
272 4121 338 4166 uon
369 4106 629 4184 archiepiscopis
653 4110 686 4170 et
711 4109 875 4186 episcopis

62 4201 155 4264 ‘tunc
169 4202 388 4264 existentibus
403 4205 489 4280 apud
507 4206 624 4266 Sedem
638 4208 873 4282 Apsetolicam,

73 4315 160 4377 quos
182 4300 222 4360 ad
243 4300 419 4361 consilium
434 4303 584 4362 uestrum
607 4302 818 4375 admisimus,
835 4304 876 4365 de

73 4397 189 4458 diviua
204 4397 444 4469 misericordia,
462 4399 495 4460 et
511 4399 661 4475 ejusdem
675 4402 788 4462 Sancti
805 4417 877 4463 me-

72 4495 150 4556 ritis
163 4495 377 4568 confidentes,
390 4496 498 4573 ipsum
512 4498 709 4558 Sanctorum
722 4499 876 4575 catalogo

74 4592 232 4653 duximus
246 4592 510 4665 adscribendum,
522 4596 716 4667 statuentes,
730 4601 766 4658 ut
776 4597 811 4657 in
823 4596 876 4657 die

75 4691 293 4768 depositionis
304 4692 409 4768 ipsius
420 4692 569 4769 ejusdem
584 4692 747 4756 festivitas
760 4694 877 4757 devote

76 4805 97 4850 a
112 4788 207 4850 vebis
220 4791 252 4850 et
266 4790 343 4850 aliis
356 4790 645 4852 christifidelibus
659 4793 757 4853 anuis
766 4792 877 4868 singu·

75 4885 120 4945 lis
139 4884 180 4944 de
194 4885 314 4945 caetero
336 4884 534 4947 celebretur.
551 4887 712 4958 Quocirca
722 4887 876 4949 devotio-

77 4999 154 5044 nem
169 4985 314 5044 vestram
328 4999 500 5045 monemus
512 4984 548 5045 in
559 4985 699 5047 Domino
712 4988 745 5047 et
759 4986 876 5049 horta-

77 5095 164 5150 mur,
191 5094 250 5156 per
264 5081 456 5156 apostolica
485 5081 579 5143 vobis
608 5083 732 5159 scripta
756 5084 877 5160 praeoi-

78 5177 199 5255 piemlo
213 5178 418 5252 mandantes,
430 5181 594 5256 quatenus
606 5181 754 5258 eJusdem
766 5182 878 5245 Sancti

77 5275 274 5337 memoriam
303 5293 377 5336 cum
412 5276 605 5339 celebritate
640 5278 749 5342 debita
777 5296 880 5342 vene-

78 5376 204 5445 rantes,
221 5376 293 5450 eJus
313 5375 399 5452 apud
415 5377 517 5437 beum
535 5375 696 5454 suffragia
710 5378 881 5440 humiliter

78 5472 277 5548 imploretis.

120 5570 239 5631 Datum
262 5572 375 5632 Romae
387 5571 473 5648 apud
488 5574 644 5634 Sanctum
661 5575 807 5645 Petrum,
823 5575 882 5636 de·

690 243 918 305 EPISTOLAE.
942 245 1021 304 LIB.
1045 245 1085 304 11.

1653 256 1712 316 766

1243 357 1249 379 f

923 402 1008 463 cimo
1019 403 1112 464 sexto
1123 402 1385 484 kalendasjuuii,
1393 409 1603 487 pontificatus
1615 415 1719 475 nostri

924 516 1011 561 aurio
1026 502 1182 561 sccumlo.

1261 592 1388 679 cclv

975 722 980 729 ·
1053 715 1105 773 Ad
1118 716 1301 776 tirziversos
1317 719 1444 778 Christi
1458 719 1583 790 fideles,

1215 820 1248 875 ll
1263 820 1331 875 lunii
1348 821 1426 879 lale.

1092 911 1196 977 [nabbe
1208 915 1314 966 Collect.
1325 917 1432 976 concil,
1446 918 1555 984 11,3as.]

923 1001 1056 1059 Notificat
1070 1002 1132 1059 orbi
1144 1002 1305 1062 Christiano
1317 1020 1349 1062 se
1365 1007 1392 1062 iu
1406 1008 1539 1080 catalogo
1552 1010 1719 1069 Sanctorum

959 1089 1146 1164 adscripsisse
1172 1093 1354 1151 Guitlelmum
1375 1096 1583 1154 Biturieeusem
1607 1099 1717 1157 archic-

960 1195 1118 1252 pisccpum.

965 1279 1137 1342 Universis
1153 1281 1274 1342 Christi
1297 1282 1460 1356 fidelibus,
1478 1285 1539 1346 sal.
1556 1289 1589 1348 et
1610 1290 1717 1363 apost.

925 1374 1201 1439 benedictionem.
1706 1438 1709 1443 .

964 1473 1092 1536 Divinae
1124 1475 1314 1552 benignitas
1350 1478 1483 1554 pietatis
1518 1483 1650 1542 sanctos
1688 1484 1721 1542 et

924 1571 1046 1634 electos
1062 1574 1189 1645 suosin
1205 1575 1349 1636 coelestis
1370 1576 1466 1652 regni
1485 1576 1644 1640 felicitate
1664 1579 1719 1640 lc-

925 1672 1014 1731 catos
1030 1670 1071 1730 ad
1086 1671 1149 1731 hoc
1163 1671 1196 1731 iu
1209 1673 1298 1733 terra
1310 1673 1548 1735 miraculorum
1563 1692 1721 1738 corusca-

924 1767 1013 1828 tione
1026 1767 1198 1838 clariticat,
1217 1770 1253 1830 ut
1267 1769 1414 1829 fidelium
1427 1786 1486 1846 per
1499 1770 1563 1833 hoo
1577 1773 1721 1835 excitata

925 1864 1066 1936 devotio,
1084 1881 1198 1926 eorum
1214 1865 1375 1942 suffragia
1392 1866 1494 1945 digna
1508 1869 1729 1931 veneratione.

925 1961 1092 2039 deposcat.
1110 1962 1204 2023 Unde
1219 1979 1294 2023 cum
1313 1966 1349 2024 B.
1370 1964 1581 2026 Guillelmum
1594 1967 1722 2028 Bituri-

925 2075 1056 2120 censem
1067 2059 1366 2137 archiepiscopum,
1378 2077 1476 2139 quem
1485 2063 1643 2125 Dominus
1657 2064 1722 2126 cla·

925 2157 972 2217 ris
984 2156 1174 2218 sicutnobis
1190 2157 1287 2235 plane
1300 2160 1458 2231 constitit,
1468 2160 1638 2222 miraculis
1650 2161 1723 2221 illu·

926 2253 1053 2325 stravit,
1064 2256 1260 2316 Sanctorum
1271 2255 1422 2333 catalogo
1432 2257 1720 2335 adscripserimus,

926 2368 1098 2412 monemus
1112 2352 1365 2415 universitatem
1378 2354 1522 2439 vestram
1536 2354 1571 2416 iu
1582 2357 1721 2417 Domino

926 2450 959 2511 et
973 2450 1156 2521 hortamur,
1174 2454 1336 2527 quatenus
1352 2454 1424 2528 eJ‘us
1437 2452 1523 2529 apud
1543 2455 1647 2514 Deum
1662 2469 1724 2530 pa-

925 2546 1067 2608 trocinia
1089 2547 1216 2609 devotis
1236 2548 1400 2610 mentibus
1420 2549 1614 2626 imploretis.
1641 2552 1721 2610 Cum

927 2645 1037 2706 autem
1052 2647 1125 2722 ejus
1136 2645 1328 2707 venerabile
1343 2662 1463 2724 corpus
1479 2647 1522 2709 sit
1538 2647 1577 2708 de
1590 2648 1673 2720 loce,
1687 2648 1722 2709 iu

927 2758 991 2820 quo
1008 2745 1069 2814 est,
1093 2742 1134 2804 ad
1157 2742 1261 2804 alium
1288 2744 1571 2817 transferendum,
1599 2761 1660 2806 uos
1683 2745 1724 2808 de

926 2839 1098 2902 beatorum
1114 2841 1204 2901 Petri
1226 2843 1260 2901 et
1279 2841 1388 2913 Pauli,
1414 2842 1447 2903 et
1465 2842 1570 2918 ipsius
1584 2842 1723 2919 gloriosi

927 2937 1128 3000 confessoris
1161 2938 1289 2999 meritis
1324 2940 1527 3002 confidentes
1558 2941 1724 3001 universis

927 3035 984 3112 qui
1015 3035 1057 3099 ad
1092 3036 1337 3097 solemnitatem
1368 3040 1440 3113 ejus
1472 3037 1544 3113 ipso
1577 3037 1631 3099 die
1659 3053 1723 3115 quo

929 3132 1157 3199 transferetur,
1186 3133 1240 3193 vel
1262 3133 1363 3194 etiam
1383 3133 1471 3194 infra
1495 3135 1629 3195 octavas
1649 3151 1723 3195 cum

929 3229 1103 3291 devotione
1122 3230 1350 3301 convenerint,
1367 3232 1406 3290 40
1429 3229 1499 3291 dies
1522 3231 1724 3307 poenitentiae

928 3327 1087 3403 irijnuctae
1102 3327 1306 3388 relaxamus.
1324 3326 1483 3388 Omnibus
1497 3328 1554 3405 qui
1569 3328 1611 3389 ad
1632 3332 1726 3407 ejus-

928 3424 1001 3486 dem
1017 3424 1247 3486 translationis
1261 3425 1504 3487 solemnitatem
1521 3425 1641 3488 futuris
1657 3442 1724 3487 an-

928 3522 980 3582 nis
991 3522 1064 3599 ipso
1076 3520 1330 3583 translatiounis
1340 3523 1394 3584 die
1409 3526 1602 3585 reverenter
1615 3539 1726 3585 acces·

929 3619 1045 3690 serint,
1060 3619 1209 3680 eamdem
1223 3618 1463 3696 indulgentiam
1474 3621 1702 3683 concedentes.

968 3718 1087 3778 Datum
1103 3720 1217 3777 Romae
1232 3717 1319 3794 apud
1336 3720 1369 3778 S.
1396 3718 1530 3779 Petrum
1547 3720 1584 3779 16
1604 3718 1725 3779 kalen-

929 3816 989 3876 das
998 3814 1086 3892 juiii,
1104 3814 1315 3892 pontificatus
1330 3815 1434 3875 nostri
1454 3830 1541 3876 anuo
1567 3815 1723 3876 secundo.

1255 3962 1404 4052 uuhvl

1020 4093 1072 4151 Ad
1086 4093 1380 4165 archiepiscopum
1395 4094 1648 4153 falconensem

1222 4206 1255 4262 ll
1272 4204 1341 4261 maii
1357 4204 1435 4261 fals.

956 4302 1075 4363 [lingent.
1087 4299 1132 4349 lib.
1143 4301 1176 4361 h,
1191 4299 1265 4364 epist.
1278 4299 1347 4349 l098.
1358 4300 1417 4349 lise.
1429 4300 1465 4349 La
1476 4300 1551 4351 Pcrte
1563 4302 1598 4352 du
1609 4303 1703 4367 Thali]

1006 4396 1122 4454 llaudat
1131 4405 1162 4454 ut
1174 4397 1324 4455 translatio
1337 4397 1466 4469 corporis
1480 4400 1511 4454 Β.
1524 4399 1665 4456 Guillelmi

1108 4500 1175 4543 cum
1190 4481 1285 4543 debita
1298 4485 1479 4543 solemnitate
1489 4485 1548 4543 flat.

972 4594 1150 4665 Honorius,
1173 4595 1249 4663 etc..
1274 4593 1458 4655 venerabili
1479 4593 1575 4656 fratri
1594 4596 1729 4657 archie-

933 4693 1067 4770 piscopo
1085 4691 1267 4752 Bituricen.

972 4793 1052 4851 Cum
1070 4805 1190 4865 corpus
1200 4788 1289 4851 beati
1300 4789 1479 4861 Guilielmi,
1495 4790 1582 4851 siout
1596 4792 1729 4868 accepi-

932 4904 1017 4960 mns,
1034 4888 1142 4949 aloco
1163 4888 1199 4948 in
1213 4903 1278 4965 quo
1293 4889 1343 4948 est
1352 4888 1504 4963 oporteat
1518 4886 1559 4948 de
1579 4891 1728 4950 necessi-

932 4989 1000 5050 tate
1015 4984 1202 5057 transferri,
1218 4984 1418 5046 fraternitati
1432 4985 1498 5046 tuae
1515 5000 1575 5062 per
1588 4989 1730 5063 Aposto-

934 5085 998 5147 lica
1012 5083 1136 5160 scripta
1149 5083 1357 5154 mandamus,
1367 5083 1728 5159 quatenusconvocatis

934 5183 1083 5260 praelatis
1096 5181 1129 5243 et
1141 5181 1219 5242 aliis
1233 5195 1316 5258 quos
1329 5179 1454 5241 videris
1468 5180 1636 5256 expedire,
1654 5198 1730 5243 cor-

936 5297 995 5358 pus
1020 5281 1128 5357 ipsum
1153 5294 1250 5340 cures
1277 5294 1351 5339 cum
1379 5277 1489 5340 debita
1519 5279 1728 5341 solemnitate

934 5377 1127 5450 transferre,
1141 5375 1339 5437 faciasillud
1354 5391 1430 5436 cum
1450 5375 1550 5452 digna
1567 5376 1730 5440 honorifi-

935 5476 1043 5538 centia
1055 5475 1223 5537 collocari.
1231 5475 1349 5536 Datum
1356 5475 1469 5535 Romae
1477 5474 1563 5552 apud
1572 5476 1729 5536 Sanctum

936 5576 1071 5636 Petrum
1084 5574 1122 5634 16
1135 5572 1297 5634 kalendas
1305 5570 1394 5649 junii
1408 5588 1497 5632 auno
1513 5572 1668 5632 secundo.
