3802 6166
210 280 275 345 ³15
836 270 1013 337 itub'oitll
1033 272 1079 335 m
1098 272 1249 336 ol’lllib.
1806 276 1863 339 att

214 440 298 513 sins,
310 442 345 503 et
358 454 432 511 nos,
447 434 506 515 qui
518 434 605 515 quod
620 434 653 497 ei
665 432 813 496 feceritis
827 432 1009 496 nobistieri
1062 434 1324 513 tiamjustorum
1346 438 1532 507 convertat,
1548 434 1667 497 tinum
1686 432 1862 499 infundens

213 542 418 617 reputamus,
438 534 531 597 robis
547 532 670 595 exinde
684 532 864 595 reddamur
876 532 1012 595 tasora-
1062 536 1096 594 et
1115 532 1227 593 oleum
1241 532 1439 594 vulneribus
1461 535 1606 595 sauciati
1624 550 1667 595 ae
1685 533 1862 597 madum

214 636 299 699 biles
323 640 357 697 et
387 634 535 711 benigni.
563 632 733 710 Alioquin,
760 648 804 693 ne
828 632 915 710 quod
945 631 1009 692 sibi
1063 631 1175 691 datam
1196 630 1261 693 sibi
1274 648 1295 693 a
1310 634 1378 693 beo
1390 632 1592 709 sapientiam
1606 648 1749 709 gregem
1763 634 1863 694 homi·

214 736 311 806 desit,
326 732 502 811 quominus
524 748 582 792 ros
611 730 792 791 salubriter
813 746 930 805 regere
949 744 1010 790 ra·
1062 730 1176 790 uicum
1199 745 1352 807 pascens,
1375 731 1463 807 quod
1485 736 1537 791 est
1557 730 1733 791 infirmum
1750 746 1863 793 censu-

213 833 291 905 leat,
304 830 501 893 sententiam
517 830 588 890 sire
601 828 816 907 temporalem
828 830 899 889 sive
915 828 1011 905 spiri·
1063 826 1156 899 lidet.
1182 832 1216 889 et
1240 828 1327 905 quod
1353 834 1516 905 agrotum
1548 836 1601 890 est
1636 836 1750 899 sanet,
1783 830 1861 907 qued

213 932 337 993 tualem
352 945 450 1007 quam
464 926 709 990 rationabiliter
721 928 835 989 tulerit
849 927 884 987 in
900 925 1010 987 rebel·
1062 924 1205 987 iractum
1235 932 1286 987 est
1315 927 1432 1003 alliget
1463 932 1496 989 et
1517 928 1606 1005 quod
1627 934 1680 989 est
1701 927 1860 1005 abjectum

212 1028 273 1101 les,
288 1034 395 1089 ratarn
412 1026 618 1095 babebimus.
634 1028 667 1087 et
685 1024 858 1097 iaciemus,
872 1030 1009 1087 auctore
1063 1024 1213 1095 reducat,
1227 1029 1259 1086 et
1274 1026 1399 1103 pingue
1413 1026 1742 1088 torterecunserset.

214 1127 365 1198 bomine,
382 1123 818 1187 inviolabiliterobsertari.
1103 1124 1276 1184 bionemus
1297 1125 1403 1200 igitur
1425 1126 1684 1187 universitatem
1708 1130 1858 1195 vestram,

253 1228 370 1287 batum
389 1224 556 1293 Laterani,
570 1225 615 1284 ill
639 1239 745 1284 nonas
760 1222 885 1295 martii,
899 1222 1011 1300 ponti-
1063 1224 1096 1281 et
1119 1221 1337 1283 exhortamur
1359 1224 1395 1283 in
1418 1225 1570 1293 Domino,
1592 1240 1655 1300 per
1672 1224 1859 1300 apostolica

211 1324 329 1387 ilcatus
341 1322 447 1385 nostri
462 1337 551 1383 anne
569 1321 689 1399 primo.

532 1536 690 1625 cuttu

496 1709 550 1769 Ad
562 1710 724 1767 Pisanum.

504 1882 523 1940 6
540 1888 624 1939 mart.
646 1880 724 1940 liii.

345 1986 607 2055 [repausamus
620 1986 880 2051 mimallones]

211 2148 309 2207 Monet
319 2158 420 2219 eoqut
432 2151 583 2223 {luponem
598 2164 664 2207 cum
682 2148 856 2207 exultatione
870 2148 1008 2221 recipiant

1063 1318 1158 1379 robis
1170 1320 1294 1397 scripta
1308 1322 1545 1398 praecipiendo.
1560 1322 1775 1385 mandantes.
1791 1339 1860 1399 qna·

1063 1418 1160 1478 tenus
1194 1419 1303 1495 ipsum
1337 1424 1495 1497 tanquam
1529 1421 1736 1498 apostolicae
1772 1421 1858 1482 Sedis

1063 1514 1224 1591 legatum,
1251 1518 1352 1578 immo
1387 1534 1566 1596 personam
1595 1524 1768 1581 nostram.
1792 1536 1859 1581 cunt

1063 1612 1267 1675 exultatione
1299 1616 1469 1693 recipiatis
1502 1620 1535 1678 et
1566 1616 1705 1692 gaudio.
1739 1622 1775 1679 et
1806 1618 1859 1677 bo·

1063 1711 1201 1773 noritlce
1215 1715 1436 1789 pertractetis.
1456 1730 1497 1775 ea
1512 1730 1587 1792 quae
1601 1714 1698 1775 robis
1715 1731 1761 1775 ex
1774 1720 1858 1793 parte

1063 1810 1177 1869 nostra
1208 1812 1423 1887 praeceperit,
1454 1810 1528 1872 sine
1555 1811 1757 1873 difficultate
1783 1828 1859 1890 qua-

1062 1904 1143 1967 libet
1152 1906 1286 1968 effectui
1300 1908 1541 1986 mancipantes,
1550 1925 1590 1969 ac
1598 1909 1753 1970 salubria
1761 1911 1856 1987 ipsius

1063 2003 1187 2065 monita
1215 2006 1250 2065 et
1269 2010 1435 2083 praecepta
1455 2007 1668 2084 recipientes,
1693 2007 1858 2069 bumiiiter

1061 2104 1095 2163 et
1132 2102 1250 2165 devote
1288 2108 1471 2165 servantes.
1516 2106 1675 2182 Alioquin
1725 2114 1855 2168 senten-

105 3786 112 3791 -
208 3751 349 3824 todiunt,
375 3752 409 3812 et
432 3750 488 3812 lex
516 3766 595 3811 vere
622 3751 730 3829 potest
752 3768 795 3814 ex
817 3769 877 3815 ore
900 3754 1005 3831 ipsius

1061 2199 1154 2272 tiam,
1173 2217 1273 2279 quam
1290 2202 1362 2278 ipse
1376 2206 1513 2280 propter
1530 2203 1594 2264 boc
1615 2205 1856 2265 rationabiliter

1062 2297 1176 2359 tulerit
1203 2300 1237 2359 in
1263 2299 1421 2372 rebelles,
1450 2306 1558 2362 ratam
1589 2302 1803 2371 babebimus.
1825 2304 1855 2363 el

1061 2394 1368 2460 faciemusauctore
1376 2400 1851 2462 Dominotirmiterobserrari.

251 2472 411 2537 Veientes
439 2474 666 2547 dilectionem,
696 2490 797 2552 quam
821 2474 863 2535 ad
886 2490 946 2537 tos
975 2476 1009 2535 et
1062 2496 1180 2556 papum
1201 2497 1358 2558 Laterani
1383 2500 1414 2561 11
1434 2513 1512 2559 non.
1529 2502 1627 2560 mart,
1647 2499 1850 2575 pontificatus

214 2572 384 2635 civitatem
406 2576 553 2635 nestram
572 2572 744 2645 babemus,
760 2572 935 2635 ostendere
949 2588 1009 2649 per
1062 2594 1168 2655 „osui
1183 2609 1272 2656 anno
1286 2597 1311 2656 1,

212 2670 385 2743 effectum,
413 2687 474 2748 per
506 2686 583 2732 eum
617 2670 658 2731 ad
691 2686 763 2740 ros,
795 2672 890 2748 quasi
923 2670 1007 2732 coelu

211 2770 383 2841 inclinato,
407 2769 563 2829 duximus
586 2767 863 2841 descendendum,
879 2769 936 2847 qui
958 2771 1008 2832 est

210 2868 265 2930 tir
277 2868 391 2944 utique
405 2866 586 2928 secundum
599 2881 658 2927 cor
669 2868 831 2939 nostrum,
843 2869 1006 2944 potensin

211 2980 312 3042 opere
323 2980 363 3025 ac
378 2979 543 3037 sermone,
559 2965 593 3026 et
612 2964 648 3026 in
663 2980 728 3042 quo
742 2965 879 3041 spiritus
895 2968 1008 3027 noster

246 2246 276 2297 et
285 2236 392 2313 gaudio
404 2246 434 2297 et
442 2240 534 2313 ipsius
548 2246 691 2313 precepta
706 2236 853 2296 humiliter
865 2245 894 2296 et
905 2237 1009 2296 devote

247 2334 373 2386 servent.

1392 2812 1543 2900 ccliv

1060 2998 1305 3073 Adffulpoucm
1317 3000 1508 3061 Ostiensem
1529 3005 1731 3076 epucopum
1747 3005 1843 3078 Apos-

210 3062 246 3125 in
269 3062 410 3125 veritate
433 3061 593 3140 quiescit3
610 3064 646 3124 ut
659 3078 719 3123 vus
733 3062 1008 3126 commonefaciat
1261 3096 1371 3158 [οἰκῶ
1383 3100 1483 3159 3343
1496 3101 1661 3176 ,comm

208 3160 407 3239 spostolicae
421 3160 516 3222 Sedis
526 3160 610 3234 vias,
619 3162 652 3222 et
661 3160 696 3221 in
708 3160 877 3223 thuribulo
890 3178 1004 3235 aureo,

209 3260 296 3339 quod
310 3259 411 3321 estin
426 3275 526 3320 manu
542 3258 647 3337 ipsius
661 3259 798 3320 incensa
812 3262 931 3323 vestrae
947 3262 1007 3323 de-

208 3356 354 3421 votionis
375 3356 546 3429 accendat,
562 3358 659 3419 etsie
682 3356 717 3418 in
741 3360 920 3435 conspectu
935 3362 1006 3421 Do-

209 3454 292 3517 mini
302 3456 412 3517 sumus
427 3456 639 3518 incensorum
652 3456 839 3517 vestrorum
849 3458 1007 3519 ascendat

208 3554 250 3617 de
276 3570 377 3617 manu
404 3557 489 3632 ejus,
517 3555 673 3633 quoniam
700 3554 848 3631 Angelus
874 3557 1006 3619 Domini

208 3653 416 3716 exercituum
432 3650 708 3731 est,cujus1abia
728 3653 903 3715 scientiam
924 3671 1005 3717 eus-

1348 3291 1367 3347 c
1385 3292 1468 3349 llart.
1483 3292 1562 3350 tttt.

1091 3403 1240 3470 [Reynaidi.
1256 3404 1371 3457 Annales
1382 3407 1549 3458 ecclesiastici
1565 3407 1598 3458 ad
1611 3422 1656 3459 an.
1671 3408 1741 3468 latr,
1752 3407 1817 3475 lssj.

1059 3565 1176 3624 itandat
1189 3573 1230 3635 ut,
1243 3581 1308 3623 cum
1324 3575 1450 3640 potestas
1462 3576 1490 3626 et
1505 3569 1627 3642 populus
1639 3571 1761 3628 Pisanus
1771 3581 1839 3641 supet

1096 3653 1171 3712 iactu
1185 3654 1323 3713 Sardiniae
1337 3657 1509 3729 apostolicis
1524 3658 1649 3730 iurariut
1671 3666 1748 3716 stare
1772 3670 1838 3715 man·

1094 3742 1179 3813 datis,
1199 3745 1243 3801 eis
1266 3746 1423 3818 praecipiat,
1452 3754 1483 3803 ut
1508 3753 1681 3818 potestatem
1708 3748 1796 3821 ipsam
1819 3749 1841 3801 et

1096 3832 1222 3905 ipsorum
1245 3836 1402 3891 exercitum
1423 3833 1459 3890 de
1478 3834 1608 3892 Sardinia
1625 3838 1755 3909 protinus
1772 3849 1838 3893 reto·

1094 3930 1160 3978 cent
1181 3930 1209 3978 et
1227 3920 1382 3980 decerem
1406 3925 1499 3996 ipsam
1525 3923 1699 3993 Sardiniam,
1731 3940 1791 3999 que
1813 3919 1840 3981 al

1094 4010 1287 4082 apostolicam
1303 4010 1405 4068 Sedent
1432 4015 1558 4069 nuscitur
1572 4014 1729 4086 pertinere,
1754 4028 1800 4088 per
1816 4024 1840 4069 te

1094 4099 1139 4156 vel
1159 4114 1209 4171 per
1221 4100 1293 4156 alios
1307 4097 1454 4157 infestent.

207 3850 345 3927 requiri.
380 3850 465 3910 Ecce
502 3848 590 3909 enim
622 3848 664 3909 ad
692 3865 752 3911 sos
779 3852 1005 3914 venerabilem

209 3947 346 4009 tratrem
368 3948 518 4008 nostrum
540 3949 712 4021 Hugonem
728 3949 919 4027 episcopum
940 3954 1004 4012 Os-

207 4045 350 4107 tiensem
373 4044 572 4121 apostolica
597 4044 692 4105 Sedis
717 4045 864 4121 legatum
890 4050 1005 4111 trans-

209 4142 381 4214 mittimus,
403 4142 460 4220 qui
483 4142 597 4220 utique
618 4142 737 4203 coelum
764 4146 815 4207 est
838 4161 1004 4209 enarrans

208 4240 351 4319 gloriam
376 4240 452 4313 Dei,
480 4242 514 4303 et
539 4241 695 4317 tanquam
726 4242 898 4305 stellarum
932 4244 1003 4306 tul·
1097 4245 1266 4306 Honorius
1283 4246 1460 4323 episcopus
1476 4263 1593 4310 servus
1607 4265 1781 4312 serrorum
1795 4242 1839 4309 liei

207 4337 356 4419 guribus,
381 4354 511 4400 morum
538 4340 712 4401 venustate
737 4341 940 4418 praetulgens
967 4344 1003 4405 in
1058 4341 1178 4403 dilecto
1194 4343 1262 4404 tilio
1278 4344 1409 4419 Hugoni
1425 4346 1570 4407 Ostiensi
1583 4347 1753 4425 episcopo,
1767 4345 1840 4409 saiu-

208 4440 304 4517 cujus
325 4436 471 4515 protecto
488 4437 720 4513 suntpectore,
735 4439 875 4502 velutin
890 4441 1005 4502 tirma-
1057 4441 1122 4502 tem
1138 4443 1171 4502 et
1181 4442 1403 4518 apostolicam
1420 4441 1697 4505 benedictionem.

207 4538 320 4601 mento
347 4535 526 4597 luminaria
551 4534 616 4596 duo
640 4552 772 4611 magna,
795 4538 914 4615 quibus
936 4540 1003 4601 diei
1097 4542 1203 4610 Quum
1219 4541 1374 4616 potestas,
1391 4541 1580 4617 etpopulus
1596 4543 1741 4604 Pisanus
1756 4550 1839 4619 super

208 4635 333 4715 praesit,
356 4636 389 4697 et
407 4634 507 4706 nocti,
524 4632 675 4695 doctrina
694 4634 849 4697 videlicet
869 4637 947 4699 novi
970 4640 1004 4701 et
1057 4635 1144 4699 tacto
1160 4637 1334 4709 Sardiniae,
1350 4639 1472 4699 nostris
1485 4640 1634 4716 jurarint
1653 4644 1744 4704 stare
1760 4653 1838 4702 man·

206 4735 331 4797 veteris
345 4732 560 4804 Testamenti,
577 4748 641 4810 qua
658 4731 887 4809 spiritualibus
902 4736 1005 4811 spiri·
1057 4734 1154 4806 datis,
1170 4733 1371 4797 fraternitati
1390 4737 1455 4797 tuae
1476 4739 1692 4813 praesentium
1710 4734 1838 4801 aucturi-

207 4832 344 4895 ritualia
365 4830 587 4909 cooperand0‚
610 4830 680 4891 dies
705 4830 801 4909 quasi
824 4831 898 4894 luce
921 4833 1002 4895 solis
1056 4833 1123 4894 tate
1139 4833 1344 4905 mandamus,
1363 4835 1527 4912 quatenus
1547 4836 1608 4909 eis,
1634 4838 1709 4901 rice
1730 4838 1837 4903 nostra.

207 4930 363 5001 illustrat,
380 4930 414 4991 et
425 4927 609 4991 minoribus
624 4927 676 4990 lac
688 4929 864 5005 praebendo
876 4932 1000 5008 potum,
1056 4931 1117 4992 sub
1135 4931 1246 4993 debito
1260 4932 1401 5008 praestiti
1413 4934 1596 5008 juramenti
1616 4937 1802 5015 praecipias,
1813 4930 1838 4993 ul

207 5044 273 5089 uon
293 5042 415 5095 escam.
431 5030 545 5090 noctes
563 5026 731 5089 illuminat
745 5029 841 5105 quasi
857 5029 949 5102 luna,
967 5032 1004 5094 ut
1057 5030 1250 5106 potestatem
1276 5029 1395 5107 ipsam,
1423 5032 1456 5092 et
1480 5047 1595 5092 eorum
1611 5036 1794 5097 exercitum
1810 5028 1838 5090 dt

207 5124 313 5187 imbre
323 5124 482 5187 doctrinae
493 5125 637 5187 coelestis
647 5128 772 5188 terram
782 5126 1002 5191 cordisvestri
1058 5128 1212 5189 Sardinia
1225 5128 1376 5206 protinus
1385 5132 1551 5201 revocent,
1566 5131 1650 5191 etad
1662 5134 1839 5211 propriane·

207 5222 418 5301 pertundens,
436 5226 469 5286 et
482 5223 664 5296 inebrians,
680 5224 787 5301 ipsam
801 5223 903 5289 faciat
916 5227 1008 5290 truc·¹
1056 5226 1128 5287 dire
1140 5226 1363 5303 compellanl;
1379 5229 1412 5288 et
1427 5227 1467 5288 de
1480 5231 1600 5289 caetero
1617 5230 1727 5306 ipsam
1743 5226 1841 5292 Sardi·

206 5322 275 5385 tum
285 5320 424 5398 justitian
437 5321 636 5397 germinare,
646 5337 770 5400 vosque
781 5321 815 5383 in
827 5325 1002 5389 devotione
1056 5324 1159 5396 uiam,
1175 5340 1249 5402 quae
1264 5325 1305 5387 ad
1321 5325 1544 5403 apostolicam
1570 5327 1689 5388 Sedem
1707 5329 1841 5393 noscitur

206 5420 332 5482 sancte
367 5420 524 5480 Romanas
559 5419 716 5481 Ecclesiae
740 5422 856 5483 matris
881 5426 1001 5487 vestras
1056 5423 1233 5499 pertinere,
1250 5439 1310 5501 per
1324 5439 1359 5483 se
1371 5424 1422 5485 rel
1435 5439 1496 5501 per
1508 5424 1593 5487 alios
1607 5441 1673 5486 non
1684 5424 1841 5495 infestent

206 5517 355 5589 retincat,
373 5516 407 5578 et
429 5516 620 5580 corroboret
641 5518 675 5578 in
695 5519 822 5593 eadem,
836 5520 1002 5600 cordaque
1056 5521 1844 5604 restituentesnpostolicaeSediterrasquascun·

207 5617 337 5697 patrum
362 5613 397 5677 in
423 5612 522 5688 tilios,
539 5615 573 5677 et
595 5614 785 5680 incredulos
798 5618 839 5681 ad
854 5620 1003 5698 pruden-
1055 5620 1212 5699 queinea
1225 5621 1312 5683 dicta
1325 5622 1844 5705 potestas‚etexercitusoeuups-
