3802 6166
120 379 184 441 269

120 538 358 617 appellationis
384 537 554 601 obstaculo
581 539 810 602 ecclesiastica
839 558 919 603 cen-

119 653 201 699 sura
227 638 437 715 compellant.
465 640 582 699 Datum
605 639 773 713 Laterani,
808 640 918 701 idibus

119 733 294 809 februarii,
319 736 529 813 pontificatus
553 738 658 799 nostri
687 754 775 799 anno
797 738 915 816 primo.

417 1043 614 1130 CCXVIII

252 1322 305 1380 Ad
316 1322 568 1396 hipponensem
580 1322 786 1395 episcopam.

407 1539 441 1597 id
460 1537 530 1597 iebr.
554 1540 632 1599 1217.

166 1685 277 1747 [liegest.
288 1682 334 1733 lib.
346 1684 365 1742 I,
376 1683 450 1748 epist.
465 1683 520 1734 aaa.
533 1684 591 1734 llss.
600 1683 720 1736 LaPorts
730 1685 765 1736 da
776 1684 870 1750 Thali]

120 1870 298 1943 lingonensi
308 1870 442 1945 episeopo
455 1870 580 1941 mandat,
597 1880 627 1930 ut
641 1873 801 1930 cessionem
813 1873 914 1934 virdu-

156 1959 255 2016 nensis
267 1959 393 2032 episcopi
409 1959 445 2016 ob
461 1960 640 2018 incommoda
653 1964 810 2021 senectutis
825 1971 854 2021 et
866 1964 915 2024 de.-

156 2046 248 2104 lectus
267 2047 338 2105 alios
355 2048 491 2105 emissam
509 2050 635 2122 recipiat,
656 2065 780 2124 eumque
798 2051 918 2112 absolvit

156 2135 193 2193 ab
208 2136 503 2195 excommunicatione
517 2153 572 2210 utra
588 2154 654 2196 eum
670 2142 701 2197 P.
718 2141 789 2198 tituli
807 2143 918 2200 Sancta

154 2223 340 2283 Pudentiane
355 2225 449 2298 presb.
469 2226 622 2285 cardinalis
643 2229 813 2302 Apostolica
837 2232 918 2290 Sedis

152 2317 269 2390 legatus
284 2315 482 2373 adstrinxsrat.

160 2496 340 2568 Honorius,
368 2496 443 2569 etc,
471 2495 657 2558 venerabili
677 2496 773 2559 fratri
794 2499 918 2575 Lingo-

120 2610 198 2655 nen.
216 2594 382 2671 episcopo.

161 2691 315 2752 Santiens
329 2691 530 2753 venerabilis
555 2690 658 2753 irater
668 2692 781 2754 noster
795 2693 919 2754 Virdu-

125 2803 203 2847 nen.
220 2788 394 2864 episcopus
416 2805 485 2849 suae
509 2789 718 2850 incommoda
738 2791 916 2852 senectutis

122 2901 164 2946 ac
179 2885 321 2947 deiectus
337 2902 415 2947 suos
427 2887 513 2948 alios
524 2903 776 2963 recognoscens,
789 2890 918 2950 nolens·

121 3000 186 3061 que
207 2984 255 3046 sio
280 2999 423 3061 praeesse
445 2984 626 3046 virdunen.
652 2986 814 3060 ecclesiae,
831 2988 915 3064 quod

119 3097 188 3143 non
208 3083 323 3158 prosit,
345 3098 381 3143 se
400 3083 552 3159 paratum
572 3083 688 3144 cedere
706 3086 803 3161 juxta
821 3084 917 3147 bonae

119 3182 289 3242 memoriae
319 3181 504 3242 innocentii
538 3197 633 3258 papae
662 3182 917 3259 praedecessoris

119 3279 227 3340 nostri
242 3278 433 3341 mandatum
451 3278 492 3339 ab
508 3279 806 3340 adminIstrationis
821 3280 917 3341 solli-

118 3375 270 3438 citudine
284 3392 344 3453 per
355 3376 510 3438 dilectum
524 3377 629 3437 lilium
642 3380 705 3437 Hu.
723 3380 919 3454 procurato-

119 3490 192 3537 rem
215 3491 323 3546 suum,
344 3474 385 3534 ad
413 3475 475 3536 hoo
497 3475 688 3552 specialiter
704 3476 915 3549 destinatum,

119 3571 302 3649 postulavit
316 3572 455 3645 absolvi,
479 3573 511 3635 et
528 3574 564 3633 in
587 3573 665 3634 vitae
681 3573 744 3634 sibi
757 3589 916 3635 necessa-

119 3670 182 3730 riIs
192 3669 233 3731 de
240 3669 422 3732 virdunen.
435 3670 585 3732 ecelesiae
595 3671 807 3748 proventibus
817 3672 919 3733 mise-

119 3766 296 3829 ricorditer
311 3768 489 3844 provideri.
501 3769 622 3830 Petens
634 3769 920 3846 insupersuspen-

120 3864 226 3927 sionis
260 3868 294 3926 et
326 3866 678 3928 excommunicationis
722 3867 915 3938 sententias,

120 3961 240 4039 quibus
266 3978 341 4024 eum
366 3964 504 4025 dilectus
527 3963 616 4025 filius
637 3965 751 4025 noster
771 3968 809 4026 Ρ.
829 3965 917 4026 tituli

120 4060 246 4122 sanctae
276 4061 494 4123 Pudentianaa
528 4061 701 4139 presbyter
724 4061 916 4135 cardinalis,

119 4160 200 4219 tunc
214 4159 412 4234 ApostoIIcae
427 4159 521 4220 SedIs
542 4159 682 4234 legatus,
702 4159 916 4232 astrinxerat,

118 4255 285 4329 relaxari,
300 4272 360 4332 pro
374 4272 437 4333 quo
448 4257 548 4318 etiam
560 4272 660 4333 super
672 4257 723 4317 his
734 4257 916 4318 virdunen.

118 4354 304 4430 capitulum
324 4354 533 4431 supplicavit.
548 4355 578 4415 N
581 4372 617 4415 os
632 4355 741 4415 autem
758 4355 919 4417 senectuti

118 4453 360 4528 compatientes
384 4453 500 4530 ipsius,
525 4451 726 4514 fraternitati
761 4454 827 4514 tuae
860 4468 920 4529 per

118 4551 303 4628 apostolica
325 4552 446 4629 scripta
470 4551 692 4629 praecipiendo
710 4552 917 4623 mandamus,

118 4652 284 4727 quatenus
297 4650 465 4727 praedictis
481 4650 655 4712 sententiis
667 4651 764 4726 juxta
778 4650 918 4711 sormam

120 4748 278 4810 Ecclesiae
298 4749 469 4821 relaxatis,
487 4749 558 4810 vice
577 4750 689 4809 nostra
708 4749 813 4825 ipsius
833 4748 921 4809 reci-

120 4846 194 4923 pias
214 4847 409 4919 cessionem,
438 4848 470 4908 et
491 4846 597 4907 eidem
619 4846 809 4923 provisione
833 4846 919 4907 lacta

121 4943 390 5021 depravantibus
405 4944 623 5006 Virrlunensis
647 4945 808 5014 eeclesiae,
824 4944 921 5021 prout

120 5043 188 5103 tam
205 5042 269 5103 sibi
289 5059 387 5119 quam
409 5043 476 5121 ipsi
499 5044 648 5104 eeclesiae
670 5043 794 5104 videris
814 5056 920 5118 expe-

121 5140 205 5213 dire,
224 5141 421 5203 auctoritate
450 5141 566 5201 nostra
600 5141 744 5217 capitulo
765 5139 920 5214 injungas

121 5239 273 5300 ecelesiae
287 5239 521 5307 i'irdunensis,
535 5239 570 5300 ut
585 5239 625 5299 do
640 5254 782 5315 persona
801 5237 921 5297 idonea

121 5353 195 5413 quae
218 5338 309 5398 tanto
332 5337 508 5398 conveniat
531 5337 625 5397 oneri
649 5337 682 5398 et
705 5336 836 5406 honori,
862 5350 922 5410 per

122 5436 318 5497 electionem
333 5436 526 5496 eanonicam
552 5434 616 5495 sibi
631 5435 671 5495 de
688 5434 822 5496 licentur
838 5451 921 5495 nos-

122 5534 173 5595 tra
186 5533 358 5610 provideat
373 5534 407 5593 in
422 5534 598 5610 pastorem.
620 5535 738 5595 Datmn
753 5532 919 5602 Latratu,

122 5630 233 5693 idibus
260 5630 433 5704 februarii,
463 5630 673 5708 pontificatus
700 5630 806 5693 nostri
833 5646 921 5692 anno

122 5742 241 5805 primo.

757 380 987 442 EPISTOLAE.
1011 383 1089 443 LIB.
1113 382 1137 441 I.

1306 550 1457 637 CCXIX

1018 758 1070 818 Ad
1091 757 1245 857 abbatem
1265 757 1470 819 ritorrosterti
1488 756 1607 818 Sarrelt
1621 756 1722 817 Petri

1259 864 1484 925 corbeiensis.

1263 1040 1296 1097 13
1311 1038 1381 1095 febr.
1399 1038 1478 1096 llll.

1004 1174 1110 1237 [aegest.
1124 1172 1169 1223 lib.
1183 1172 1203 1236 I,
1219 1172 1291 1237 epist.
1311 1171 1366 1223 243.
1382 1174 1440 1223 llss.
1453 1174 1490 1224 La
1501 1173 1577 1223 Porto
1593 1172 1628 1223 du
1643 1171 1738 1239 Theti]

973 1307 1084 1380 Recipit
1112 1322 1163 1365 eos
1185 1306 1238 1365 sub
1266 1308 1442 1381 protectione
1459 1310 1502 1365 li.
1537 1308 1613 1365 Petri
1638 1316 1667 1366 et
1694 1322 1767 1366 enu-

1008 1404 1154 1454 merantur
1164 1394 1239 1454 bonu
1255 1396 1291 1454 ad
1305 1397 1417 1455 illorum
1435 1399 1674 1457 monasteriorum
1690 1414 1770 1472 spec

1008 1487 1107 1543 tantia.

1012 1612 1190 1685 Honorius,
1212 1613 1299 1675 etc...
1326 1613 1460 1676 dilectis·
1481 1614 1559 1674 uhts
1582 1617 1633 1677 Jo.
1657 1614 1769 1678 abbati

972 1710 1168 1772 monasterii
1191 1711 1298 1772 sancti
1312 1711 1497 1784 corbeien,
1515 1711 1601 1789 quod
1622 1713 1657 1773 in
1685 1728 1768 1789 pago
1827 1770 1831 1779 .

972 1807 1168 1870 hmbianen.
1183 1808 1281 1870 situm
1297 1808 1357 1880 est,
1372 1812 1510 1887 ejusque
1526 1808 1685 1871 iratribus
1698 1811 1768 1872 tam

972 1904 1191 1982 praesentibus
1206 1921 1304 1982 quam
1320 1904 1450 1978 tuturis,
1463 1906 1651 1982 regularem
1665 1908 1768 1968 vitam

972 2003 1131 2081 protessis
1147 2004 1181 2063 in
1197 2004 1403 2081 perpetuum.

1015 2101 1213 2178 Apostolicae
1241 2102 1334 2162 Sedis
1365 2102 1574 2164 auctoritate
1592 2102 1768 2181 debitoque

972 2199 1201 2276 compellimur
1215 2215 1275 2276 pro
1291 2199 1524 2261 universarum
1550 2200 1767 2263 ecclesiarum

972 2299 1060 2359 statu
1074 2298 1237 2373 satagere,
1256 2300 1289 2360 et
1304 2314 1418 2358 earum
1438 2299 1582 2360 maxima
1598 2316 1671 2376 quae
1686 2316 1766 2377 spe-

972 2396 1090 2459 clalius
1105 2395 1212 2458 eidem
1237 2396 1315 2457 Sedi
1341 2396 1522 2469 adhaerent,
1546 2413 1585 2459 ae
1608 2398 1772 2476 tanquam·

972 2495 1106 2572 proprio
1137 2496 1213 2571 jure
1251 2493 1407 2572 subjectae
1449 2498 1526 2557 sunt
1566 2496 1774 2559 utilitatibus·-

972 2593 1157 2671 providare.
1188 2595 1380 2670 Eapropter,
1413 2593 1524 2654 dilecti
1557 2594 1592 2654 in
1628 2595 1767 2657 Domino

972 2691 1043 2763 tilii,
1055 2691 1177 2752 vestris
1187 2690 1286 2768 jusus
1300 2690 1575 2767 postulationibus
1586 2693 1767 2755 elementer

972 2790 1161 2861 annuimus,
1183 2791 1216 2850 et
1237 2788 1277 2849 ad
1298 2789 1468 2866 exemplar
1485 2790 1766 2867 praedeeessorum

972 2891 1160 2950 nostrorum
1183 2886 1289 2949 felicis
1309 2888 1476 2948 memoriae
1496 2887 1639 2957 Nicolai,
1660 2891 1768 2952 Bene-

972 2986 1061 3058 dicti,
1077 2986 1208 3057 Leonis,
1235 2984 1373 3057 Urbani,
1394 2985 1577 3058 Pasohalis,
1599 2989 1766 3048 Innocen-

971 3084 1010 3146 tii
1035 3087 1078 3155 11,
1105 3084 1259 3159 Eugenii,
1283 3083 1436 3154 Adriani,
1462 3085 1661 3156 Alexandri,
1687 3087 1766 3146 Gle-

972 3182 1102 3254 mentis,
1120 3181 1288 3252 Celestini,
1307 3182 1341 3242 et
1361 3182 1545 3242 innocentii
1570 3184 1626 3254 ΙΙΙ,
1644 3186 1768 3244 Roma-

972 3295 1090 3340 norum
1128 3279 1343 3350 Pontificum,
1383 3278 1556 3355 praelatum
1592 3280 1765 3342 corbeien.

972 3374 1220 3448 monasterium,
1245 3376 1281 3435 in
1311 3391 1396 3452 pago
1424 3375 1618 3437 Ambianen.
1654 3377 1765 3450 situm,

973 3474 1058 3551 quod
1085 3474 1125 3534 ad
1150 3475 1207 3550 jus
1235 3475 1268 3534 et
1297 3473 1531 3549 proprietatem
1561 3473 1650 3535 beati
1677 3474 1768 3535 Petri

972 3571 1162 3651 specialiter
1191 3571 1343 3648 pertinet,
1370 3571 1405 3631 in
1441 3586 1504 3647 quo
1540 3572 1620 3632 estis
1653 3571 1767 3633 divino

972 3669 1130 3748 obsequio
1145 3668 1336 3746 mancipati,
1353 3668 1413 3728 sub
1428 3669 1516 3730 beati
1535 3670 1625 3730 Petri
1640 3671 1673 3731 et
1688 3686 1770 3730 nos-

971 3769 1024 3831 tra
1057 3767 1260 3845 protectione
1294 3767 1504 3844 suscipimus,
1533 3767 1566 3829 et
1593 3768 1768 3844 praesentis

974 3865 1089 3943 scripti
1112 3865 1297 3951 patrocinio
1322 3865 1573 3926 communimus.
1591 3868 1627 3926 In
1651 3866 1768 3943 primis

974 3964 1135 4041 siquidem
1148 3964 1341 4035 statuentes,
1354 3963 1430 4036 eto,
1443 3978 1551 4036 auerte
1564 3963 1767 4025 observetur.

974 4063 1140 4123 Praeterea
1169 4077 1392 4139 quascumque
1420 4061 1659 4139 possessiones,
1691 4063 1769 4137 etc,

973 4176 1080 4234 resque
1108 4161 1334 4238 permaneant.
1366 4162 1401 4220 ln
1431 4160 1549 4238 quibus
1575 4160 1663 4233 haec,
1692 4162 1767 4232 etc,

973 4273 1080 4332 risorie
1111 4257 1294 4319 vocabulis.
1329 4260 1449 4320 Omnes
1480 4258 1657 4336 parochias
1683 4261 1768 4319 Cor-

973 4355 1068 4427 beiae,
1095 4357 1129 4417 et
1158 4355 1350 4432 parochiam
1370 4357 1556 4427 Pratorum‚
1578 4356 1772 4433 parochiam

973 4454 1014 4514 de
1040 4455 1161 4526 Naurs,
1184 4453 1377 4529 parochiam
1403 4454 1444 4514 de
1471 4457 1548 4526 an,
1578 4453 1771 4530 parochiam

974 4551 1014 4612 de
1041 4552 1188 4622 Thenas,
1219 4552 1252 4613 et
1283 4550 1476 4629 parochiam
1512 4551 1552 4612 de
1586 4551 1689 4612 Uatia.
1722 4548 1771 4612 hd
1801 4579 1825 4595 -

973 4649 1045 4710 haec
1075 4649 1270 4727 adjicientes
1304 4649 1532 4711 interdicimus
1564 4650 1600 4709 ut
1631 4664 1781 4724 posses-·-
1890 4664 1894 4671 ·

975 4748 1085 4808 siones
1112 4748 1144 4809 et
1167 4747 1330 4808 beneficia
1350 4747 1455 4823 ipsius
1480 4746 1631 4807 ecclesiae
1647 4744 1784 4822 absque·

975 4845 1103 4906 abbatis
1126 4845 1158 4905 et
1177 4844 1317 4906 fratrum
1337 4860 1501 4905 consensu
1524 4842 1636 4903 nullus
1659 4843 1772 4904 homi-

976 4958 1056 5003 num
1080 4941 1113 5003 in
1139 4942 1207 5003 vita
1230 4942 1301 5002 sive
1326 4942 1362 5002 in
1389 4943 1494 5003 morte
1518 4940 1594 5002 aliis
1619 4941 1773 5005 ecclesiis

975 5040 1065 5112 dare,
1081 5042 1139 5101 aut
1154 5040 1220 5102 alio
1238 5039 1384 5116 quolibet
1403 5039 1500 5101 modo
1519 5039 1668 5100 alienare
1683 5056 1775 5117 prae·

976 5140 1084 5200 sumat
1107 5138 1148 5199 ab
1171 5139 1254 5215 ipsa.
1276 5138 1345 5198 Nec
1360 5137 1460 5199 liceat
1477 5138 1613 5199 Reman.
1637 5138 1776 5199 archie-

976 5237 1122 5314 piscopo,
1139 5252 1200 5296 nac
1215 5235 1410 5296 Ambianen.
1427 5252 1489 5297 nee
1501 5236 1603 5296 alicui
1619 5237 1774 5314 episcopo

975 5336 1010 5395 in
1026 5334 1144 5395 abbate
1170 5336 1202 5396 ot
1227 5333 1386 5395 tratribus
1401 5334 1455 5395 vel
1470 5334 1602 5394 clericis
1625 5338 1695 5396 sive
1718 5335 1772 5397 ia-

977 5433 1075 5494 mulis
1088 5434 1145 5494 aut
1162 5433 1197 5493 in
1212 5432 1308 5492 laicis
1323 5432 1411 5493 intra
1428 5432 1583 5509 praelatas
1597 5434 1774 5509 parochias

977 5531 1165 5592 constitutis
1177 5530 1435 5591 dominationem
1446 5530 1592 5607 aliquam
1603 5546 1773 5603 exercere,

977 5630 1034 5691 aut
1048 5645 1106 5690 eos
1119 5629 1410 5691 excommunicare
1425 5629 1478 5692 vel
1491 5628 1700 5700 interdicere,
1716 5630 1776 5691 aut
1793 5700 1795 5705 ,

977 5726 1217 5805 appellationes
1234 5726 1340 5789 abeis
1358 5728 1412 5790 vel
1428 5726 1569 5788 invicem
1582 5724 1633 5787 vel
1656 5728 1772 5789 contra
