3802 6166
742 268 915 331 HONORH
940 270 982 331 111
1004 270 1153 335 aplius.

127 640 179 703 Au
194 639 366 713 episcopos
386 634 659 709 paramentum
673 635 926 695 Anconitanum

419 732 632 794 corastttntos.

416 862 451 919 25
470 870 542 935 sept.
565 858 643 920 lili.

128 990 279 1059 [Bullatium
291 990 444 1045 Romanum,
456 988 497 1039 ed.
514 988 630 1045 Taurini,
643 994 661 1039 t.
677 988 718 1044 lli,
729 1002 754 1053 p.
766 988 822 1043 328,
838 1002 863 1038 n.
877 986 927 1051 lb]

130 1126 180 1183 Eis
194 1123 291 1182 scribit
307 1122 343 1179 de
358 1123 530 1179 Fanensium
541 1136 698 1194 corumque
717 1123 865 1195 potestatis
877 1120 925 1178 nl-

164 1212 286 1285 bergetti
311 1211 478 1280 insolentis;
498 1212 668 1268 sententiam
693 1211 925 1267 excommunice-

162 1300 250 1357 tionis
262 1298 412 1356 contumel
422 1299 621 1371 episcopisque
634 1297 752 1355 mandat
762 1305 792 1354 ul
804 1298 926 1371 singulis

162 1387 264 1446 diebus
279 1389 432 1445 dominicis
449 1395 477 1445 et
495 1386 603 1445 lestinis
617 1386 679 1445 llaec
692 1388 858 1445 solemniter
873 1401 925 1459 pu·

162 1476 280 1534 bliccnt.

169 1612 337 1673 llonorius
349 1612 534 1689 episcopus,
547 1626 664 1673 servius
673 1624 845 1673 serrorum
854 1602 925 1681 bei,

129 1710 377 1771 uenerabilibus
393 1709 550 1770 iratribus
574 1709 739 1786 episcopis
762 1722 821 1785 per
835 1710 928 1769 blar-

128 1806 238 1868 cbiam
273 1806 513 1868 anconitanam
550 1806 748 1876 constitutis,
786 1804 926 1867 salutem

129 1906 163 1966 et
177 1905 393 1981 apostolicam
410 1904 684 1966 benedictionem.

170 2000 925 2079 Proplranib'anensiumartusinnuunt,immo

130 2100 306 2162 manifeste
333 2099 602 2161 declarantibus
635 2114 709 2159 esse
742 2098 860 2159 timore
887 2112 925 2158 ac

129 2212 243 2259 amore
258 2196 361 2257 divini
377 2196 521 2257 nominis
545 2211 679 2266 vacuos,
702 2197 745 2266 et,
763 2194 848 2272 quod
873 2195 927 2253 in-

129 2296 190 2355 riti
218 2311 258 2355 ae
283 2294 432 2356 dolentes
465 2293 617 2367 dicimus,
648 2292 808 2371 reprobos
837 2292 926 2353 circa

130 2394 240 2465 tidem,
258 2409 358 2471 quum
380 2392 414 2453 in
433 2392 593 2454 ecclesias
610 2392 699 2454 acin
721 2390 928 2452 ecclesiasti-

130 2506 188 2553 cos
208 2491 299 2551 viros
318 2490 464 2551 saevitias
485 2489 559 2551 illas
575 2490 752 2551 exerceant
774 2488 926 2565 aquibus

129 2588 273 2650 abstinet
285 2588 385 2650 etiam
400 2587 515 2649 feritas
537 2603 752 2664 paganorum.
771 2585 821 2646 llli
838 2586 926 2645 errim

130 2686 203 2748 loca
231 2686 347 2747 sancta
375 2702 491 2762 qmrm,
518 2686 661 2761 peccatis
695 2682 924 2759 exigentibus,

129 2784 306 2845 traduntur
326 2783 360 2842 in
379 2781 533 2843 manibus
552 2782 753 2849 eorumdem,
778 2781 850 2840 sine
872 2795 928 2840 re-

129 2882 279 2942 uerentia
307 2880 430 2949 tenent,
457 2881 489 2939 et
515 2878 599 2939 sorte
632 2878 756 2939 rituum
788 2894 926 2937 suorum

129 2976 282 3055 polluunt
303 2974 532 3045 immunditiis,
557 2976 591 3035 bi
615 2977 725 3037 autem
741 2991 779 3035 ea
796 2975 926 3051 penitus

130 3074 303 3151 dissipant,
316 3074 349 3135 et
362 3075 524 3145 evertunt,
535 3074 621 3136 sicut
631 3072 737 3136 ruinae
749 3074 926 3135 Forosem-

132 3171 320 3249 proniensis
363 3171 512 3233 ecclesiae
547 3173 782 3250 protestantur.
820 3175 925 3244 Qurun

131 3285 211 3331 vero
229 3272 490 3345 expectaremus,
507 3272 544 3331 ut
561 3270 660 3331 iidem
679 3272 846 3330 Fanenses
871 3286 927 3329 re-

131 3368 302 3428 currentes
322 3367 363 3427 ad
390 3368 543 3445 proprias
568 3367 799 3440 conscientias,
823 3370 856 3427 et
875 3366 927 3427 ui-

130 3464 257 3525 lensam
273 3464 331 3527 bei
347 3481 385 3526 ac
402 3465 496 3526 Sedis
515 3465 712 3543 apostolicae
729 3465 923 3541 cogitantes,

130 3562 230 3625 saluti
244 3562 430 3623 animarum
453 3579 589 3624 suarum
605 3563 793 3633 consulere,
813 3564 849 3623 ut
871 3578 927 3622 sa-

130 3660 326 3722 tisfaciendo
349 3661 389 3721 de
412 3661 591 3738 impietatis
609 3660 799 3739 hujusmodi
820 3659 927 3721 sacri·

130 3756 235 3833 legio,
272 3760 304 3820 et
332 3758 459 3819 absolvi
495 3757 537 3819 ab
571 3757 926 3820 excommunicationis

130 3856 306 3927 sententia,
323 3859 537 3934 quapropter
555 3856 616 3917 boc
634 3858 712 3916 sunt
734 3856 841 3931 ligati,
859 3855 926 3915 bu-

129 3954 253 4015 mililer
263 3954 459 4031 postulando
472 3977 479 4030 ;
496 3954 561 4033 ipsi
572 3954 668 4031 quasi
679 3955 794 4015 contra
809 3956 924 4024 Deum,

129 4052 162 4113 et
177 4052 317 4114 salutem
336 4052 504 4128 propriam
522 4051 739 4129 conjurarint,
756 4066 833 4112 ecce
854 4066 927 4111 ma-

130 4164 192 4209 nus
201 4150 320 4227 impias
333 4150 567 4211 converterunt
578 4148 611 4208 in
623 4148 753 4209 viscera
763 4148 926 4209 Fanensis

129 4246 280 4308 ecclesiae
300 4247 415 4309 matris
433 4263 514 4314 suu,
530 4247 637 4324 primo
654 4245 804 4308 ecelesiae
819 4246 925 4323 ipsius

130 4342 319 4406 bominibus
332 4345 523 4407 exactiones
539 4344 704 4407 indebitas
725 4346 759 4407 et
772 4344 926 4406 insolitas

128 4440 300 4519 imponere
320 4442 506 4513 molientes,
523 4444 555 4505 et
572 4442 721 4504 eamdem
736 4442 924 4512 ecclesiam,

128 4554 203 4615 quae
217 4539 293 4602 illos
308 4541 342 4600 in
356 4540 542 4601 libertatem
558 4540 702 4601 tiliorum
723 4542 794 4612 Dei,
819 4557 927 4617 quau-

127 4636 197 4697 tum
207 4637 242 4699 in
255 4638 325 4715 ipsa
339 4640 399 4708 est,
413 4637 539 4714 genuit,
554 4639 744 4714 satagentes
759 4638 925 4716 subjicere

127 4736 291 4798 servituli.
304 4740 476 4813 Quumque
488 4735 689 4797 venerabilis
700 4735 804 4798 irater
813 4739 926 4798 noster

128 4832 289 4895 Fanensis
304 4834 479 4909 episcopus
490 4832 715 4909 Albergettum
728 4834 924 4910 potestatem

126 4930 160 4991 et
172 4932 439 4993 communitatem
455 4933 637 4993 Fanensem
649 4931 782 5009 rogaret
794 4947 833 4993 ac
848 4947 923 4992 mo-

127 5029 221 5090 neret
241 5028 395 5103 benigne,
421 5029 457 5090 ut
478 5029 519 5089 ab
543 5028 733 5106 hujirsmodi
752 5031 924 5106 gravami-

126 5123 223 5186 nibus
244 5124 459 5193 abstinerent,
484 5141 584 5203 quum
609 5126 756 5203 ejusdem
772 5127 923 5189 ecclesiae

125 5218 277 5283 homines
299 5221 340 5283 ab
356 5238 470 5284 eorum
491 5224 639 5286 collectis
661 5224 924 5301 permansissent

125 5316 286 5379 hactenus
302 5318 396 5381 liberi
412 5323 444 5382 et
457 5320 631 5393 immunes,
648 5325 681 5384 et
695 5322 766 5399 ipse
780 5323 836 5399 qui
851 5339 924 5383 cru·

123 5416 315 5491 cesignatus
335 5420 385 5479 est
406 5418 552 5493 gaudere
573 5419 708 5481 deberet
722 5421 921 5482 iminuuita-

122 5514 166 5575 tis
185 5514 361 5591 privilegio
388 5516 630 5593 crucesignatis
652 5518 792 5591 indulto,
814 5519 923 5579 moni·

122 5611 269 5673 tionibus
293 5612 463 5689 praedictis
486 5613 659 5692 adJiciens,
683 5618 717 5676 ut
731 5617 828 5693 juxta
853 5619 923 5677 sta-

1730 280 1782 345 uu

983 432 1051 493 tuta
1059 431 1226 509 generalis
1234 434 1588 500 Conciliirerocarenl
1598 440 1782 505 sanctiones

983 528 1114 607 iniquas
1134 532 1352 609 praesumptas
1375 534 1494 595 contra
1520 536 1781 603 ecclesiasticam

982 626 1186 705 libertatem3
1213 628 1369 705 praeiatus
1391 630 1610 710 bibergettus
1629 634 1780 699 obturans

982 728 1055 802 eJ'us
1066 726 1166 802 justis
1182 728 1215 789 et
1224 728 1413 790 salubribus
1427 730 1568 793 monitis
1581 746 1687 795 aures
1699 750 1778 809 suas,

983 839 1022 883 ac
1040 824 1126 885 totos
1146 840 1262 886 sensus
1286 842 1363 889 suos
1383 842 1555 891 exacuens
1575 830 1613 891 in
1639 832 1781 909 ejusdem

982 920 1128 999 episcopi
1159 920 1316 999 injuriam
1339 925 1371 986 et
1394 939 1593 1001 gravamen,
1611 930 1780 1005 quemdam

983 1019 1087 1096 ipsius
1115 1020 1275 1097 bajulum,
1298 1021 1354 1099 qui
1374 1039 1434 1101 pro
1460 1038 1501 1086 eo
1519 1024 1610 1102 quod
1642 1026 1679 1087 in
1699 1044 1781 1089 com·

983 1118 1085 1180 missa
1119 1118 1182 1179 sibi
1216 1119 1505 1184 administratione
1540 1138 1578 1183 se
1608 1122 1780 1187 infideliter

982 1217 1141 1293 gesserat,
1157 1213 1198 1278 ad
1212 1217 1356 1279 dandum
1371 1218 1479 1281 eidem
1493 1222 1678 1297 quamdam
1694 1240 1780 1301 pecu·

983 1312 1047 1375 nias
1075 1314 1290 1391 quantitatem
1319 1318 1534 1395 semetipsum
1561 1320 1775 1393 astrinxerat,

982 1410 1068 1472 (latis
1089 1412 1352 1489 fidejussoribus,
1374 1416 1406 1475 et
1425 1414 1577 1492 praestito
1592 1420 1780 1495 juramento

983 1525 1067 1570 novo
1091 1510 1246 1586 potentiae
1268 1526 1400 1587 genere,
1429 1512 1565 1591 abipso
1590 1517 1780 1593 juramento

982 1606 1134 1677 absolsit,
1157 1602 1409 1685 tideJussoribus
1429 1610 1516 1672 datis
1532 1610 1633 1673 abeo
1659 1614 1777 1675 nibilo-

982 1704 1091 1765 minus
1106 1705 1277 1778 absolutis,
1294 1720 1334 1768 ac
1352 1705 1472 1770 deinde
1493 1708 1574 1771 lecit
1588 1726 1652 1787 per
1664 1712 1777 1773 civita-

982 1804 1047 1864 tem
1073 1818 1154 1865 voce
1177 1804 1343 1880 praeconis
1367 1805 1533 1877 interdici,
1554 1821 1597 1868 ne
1621 1808 1697 1885 quis
1719 1810 1778 1887 ipsi

981 1900 1136 1977 episcopo
1161 1900 1214 1961 vel
1232 1904 1304 1979 ejus
1330 1900 1465 1965 familiae
1487 1902 1696 1981 loqueretur,
1725 1910 1778 1969 aul

982 1998 1030 2059 eis
1059 1996 1235 2075 quidquam
1264 1998 1409 2061 rendere
1435 2002 1638 2074 attentaret,
1672 2006 1705 2065 et
1732 2004 1775 2065 sie

981 2096 1089 2171 coegit
1103 2096 1253 2157 errrudem
1267 2112 1341 2159 cum
1353 2098 1421 2159 tota
1435 2096 1564 2161 iamilia
1583 2116 1647 2161 sua
1665 2102 1776 2177 sigini

981 2191 1108 2253 duobus
1123 2192 1239 2255 diebus
1259 2195 1354 2271 quasi
1372 2194 1543 2258 obsessum
1567 2198 1603 2259 in
1624 2199 1706 2260 solis
1729 2200 1776 2259 si-

981 2302 1059 2351 sere
1088 2290 1311 2367 leguminibus
1338 2292 1430 2354 nullo
1457 2294 1602 2357 audente
1638 2312 1776 2373 coquere

982 2388 1045 2447 sibi
1060 2404 1178 2464 planem
1194 2390 1253 2451 aui
1267 2389 1392 2467 aliquid
1408 2391 1614 2465 ministrare,
1635 2394 1775 2471 ipsisque

982 2502 1048 2547 nou
1061 2486 1260 2547 arulentibus
1274 2488 1433 2565 palatium
1447 2489 1573 2565 egredi,
1586 2496 1678 2552 metu
1693 2506 1776 2554 mor·

981 2584 1034 2645 tis.
1062 2584 1163 2645 Fama
1189 2584 1292 2661 igitur
1315 2601 1376 2663 per
1396 2588 1507 2662 partes
1528 2587 1662 2649 uicinas
1683 2589 1775 2667 bujns

982 2681 1161 2757 impietatis
1177 2682 1340 2744 saevitiam
1362 2684 1553 2758 nunciante,
1570 2687 1775 2749 venerabiles

981 2778 1101 2841 iratres
1121 2780 1226 2842 nostri
1250 2782 1477 2843 anconitanus
1498 2784 1531 2845 et
1553 2785 1772 2862 senogallien.

982 2874 1139 2951 episcopi,
1157 2890 1196 2936 ac
1211 2874 1303 2951 prior
1318 2874 1431 2938 Fontis
1455 2876 1639 2949 Atellanae,
1657 2878 1773 2957 aliique

981 2970 1045 3033 viri
1074 2972 1223 3049 religiosi
1255 2973 1335 3035 moti
1366 2974 1609 3052 compassionis
1638 2978 1769 3045 attactu,

981 3070 1021 3131 ad
1038 3070 1204 3133 civitatem
1220 3070 1410 3146 praedictam
1427 3074 1654 3149 personaliter
1665 3092 1772 3137 acces-

981 3170 1106 3241 serunt,
1126 3166 1161 3229 in
1178 3184 1317 3246 quorum
1333 3184 1451 3233 manus
1466 3171 1500 3233 et
1514 3171 1691 3233 arbitrium
1707 3175 1772 3250 post

981 3267 1097 3342 longos
1111 3268 1272 3329 tractatus
1287 3267 1473 3330 concordiae
1493 3269 1582 3330 idem
1602 3270 1771 3349 episcopus

980 3366 1119 3441 praecise
1154 3380 1278 3442 ponere
1314 3365 1420 3427 noluit
1452 3368 1555 3427 totam
1590 3367 1770 3445 hujusmodi

981 3463 1209 3539 quaestionem,
1226 3462 1283 3523 sed
1299 3462 1405 3524 dictus
1422 3462 1634 3540 Alhergettus
1653 3466 1722 3527 baec
1742 3466 1770 3527 et

981 3560 1059 3632 alia,
1077 3575 1150 3637 quae
1165 3559 1294 3638 praefati
1307 3560 1452 3637 episcopi
1466 3562 1498 3622 et
1512 3561 1662 3638 religiosi
1676 3563 1769 3624 ratio-

981 3657 1139 3719 nabiliter
1157 3655 1385 3735 proponebant
1400 3672 1536 3734 prorsus
1551 3659 1671 3721 audire
1693 3675 1766 3722 con-

981 3758 1142 3827 temnens,
1166 3756 1286 3817 iterum
1309 3758 1474 3833 praesente
1497 3756 1587 3819 dic-to
1612 3756 1766 3835 Seuogal-

981 3854 1060 3915 lien.
1077 3854 1231 3931 episcopo
1251 3852 1329 3916 iecit
1350 3868 1410 3930 pur
1422 3853 1592 3916 civitatem
1614 3855 1765 3933 praeconis

982 3968 1062 4013 voce
1095 3951 1252 4023 clamari,
1288 3952 1323 4013 ut
1351 3949 1463 4013 nullus
1491 3950 1686 4031 loqueretur
1704 3957 1763 4033 jans

981 4050 1068 4112 dicto
1077 4052 1201 4111 Fauen.
1216 4049 1381 4128 episcopo,
1392 4051 1450 4112 aut
1458 4048 1594 4128 aliquod
1607 4052 1765 4114 exerceret

980 4146 1213 4210 commercium
1229 4163 1304 4209 cum
1325 4146 1452 4219 eodem,
1469 4147 1502 4210 et
1524 4147 1763 4228 presumptioni

981 4233 1281 4324 presumptionem,
1289 4243 1440 4307 acturori
1448 4244 1595 4308 fluorem
1604 4248 1761 4325 adjiciens,

981 4344 1125 4406 inhibuit
1143 4343 1203 4404 sub
1218 4358 1315 4421 poena
1329 4342 1448 4415 banni,
1473 4345 1507 4406 et
1526 4345 1661 4408 vinculo
1677 4349 1762 4425 jnra-

981 4443 1094 4514 menti,
1126 4442 1162 4503 ut
1182 4440 1293 4502 nullus
1312 4441 1460 4513 missam,
1489 4442 1759 4519 praedicationem

980 4540 1032 4601 rel
1047 4539 1192 4602 oidcium
1207 4539 1341 4617 aliquod
1356 4539 1487 4600 audiret
1498 4541 1656 4620 episcopo
1671 4556 1761 4619 sape

980 4638 1067 4699 dicto
1093 4637 1268 4715 praesente,
1296 4640 1333 4698 ut
1355 4638 1404 4698 sic
1428 4636 1545 4699 ordine
1571 4639 1758 4715 perturbato,

980 4736 1088 4813 ipsum
1097 4736 1287 4812 episcopum
1298 4734 1608 4801 excommunicasse
1623 4738 1760 4816 quodan-

980 4833 1076 4894 modo
1105 4832 1284 4894 videretur.
1318 4830 1442 4893 videns
1471 4848 1551 4911 ergo
1578 4834 1667 4897 idern
1687 4834 1760 4912 epis·

979 4947 1081 5008 copus
1105 4931 1213 4990 locum
1239 4928 1382 5006 amplius
1413 4929 1674 4995 dissimulationi
1706 4944 1760 4993 non

978 5044 1062 5100 esse,
1078 5044 1152 5089 cum
1168 5026 1274 5089 dictus
1288 5026 1499 5105 Albergettus
1513 5029 1555 5091 de
1571 5030 1628 5092 die
1641 5030 1677 5093 in
1688 5030 1760 5092 dien

979 5127 1073 5189 lieret
1091 5125 1300 5197 insolentior,
1326 5127 1360 5189 et
1379 5126 1634 5202 gravaminibus
1650 5142 1760 5208 grava

978 5226 1067 5286 mina
1088 5223 1288 5295 cumularet,
1312 5222 1346 5284 in
1370 5223 1477 5300 ipsum
1493 5226 1527 5286 et
1547 5226 1710 5303 judicem,
1728 5238 1759 5285 ac

978 5324 1080 5384 totam
1095 5321 1255 5384 tamiliam
1270 5323 1343 5399 etus
1358 5324 1724 5395 excommunicationis,
1738 5320 1764 5384 st

978 5421 1012 5481 iu
1023 5421 1190 5482 civitatem
1205 5418 1397 5497 praedictam
1410 5419 1581 5482 interdicti
1593 5423 1765 5486 sententias

977 5518 1208 5597 promulgarit.
1231 5520 1336 5579 Porro
1352 5533 1426 5579 cum
1441 5517 1583 5581 dilectus
1599 5521 1688 5583 illius
1708 5526 1767 5583 An-

976 5617 1073 5679 dreas
1082 5616 1306 5679 subdiaconus
1317 5618 1349 5679 et
1362 5616 1558 5694 capellanus
1571 5624 1687 5683 noster
1699 5623 1766 5682 tunc
