<?xml version="1.0" encoding="UTF-8"?>
<!DOCTYPE html PUBLIC "-//W3C//DTD XHTML 1.0 Transitional//EN"
    "http://www.w3.org/TR/xhtml1/DTD/xhtml1-transitional.dtd">
<html xmlns="http://www.w3.org/1999/xhtml" xml:lang="en" lang="en">
 <head>
  <title>
</title>
<meta http-equiv="Content-Type" content="text/html;charset=utf-8" />
  <meta name='ocr-system' content='tesseract 3.04.00' />
  <meta name='ocr-capabilities' content='ocr_page ocr_carea ocr_par ocr_line ocrx_word'/>
</head>
<body>
  <div class='ocr_page' id='page_1' title='image "./mediiaevibiblio02horogoog_0651.png"; bbox 0 0 3794 6166; ppageno 0'>
   <div class='ocr_carea' id='block_1_1' title="bbox 685 285 1079 360">
    <p class='ocr_par' dir='ltr' id='par_1_1' title="bbox 685 285 1079 360">
     <span class='ocr_line' id='line_1_1' title="bbox 685 285 1079 360; baseline 0 -2"><span class='ocrx_word' id='word_1_1' title='bbox 685 285 912 360; x_wconf 74' lang='lat' dir='ltr'>emenone.</span> <span class='ocrx_word' id='word_1_2' title='bbox 938 300 1014 360; x_wconf 83' lang='lat' dir='ltr'>mn.</span> <span class='ocrx_word' id='word_1_3' title='bbox 1040 300 1079 358; x_wconf 89' lang='lat'>11.</span> 
     </span>
    </p>
   </div>
   <div class='ocr_carea' id='block_1_2' title="bbox 343 483 569 586">
    <p class='ocr_par' dir='ltr' id='par_1_2' title="bbox 343 483 569 586">
     <span class='ocr_line' id='line_1_2' title="bbox 343 483 569 586; baseline 0.004 -17"><span class='ocrx_word' id='word_1_4' title='bbox 343 483 569 586; x_wconf 81' lang='lat' dir='ltr'>CCCXVIII</span> 
     </span>
    </p>
   </div>
   <div class='ocr_carea' id='block_1_3' title="bbox 57 626 856 704">
    <p class='ocr_par' dir='ltr' id='par_1_3' title="bbox 57 626 856 704">
     <span class='ocr_line' id='line_1_3' title="bbox 57 626 856 704; baseline 0.008 -19"><span class='ocrx_word' id='word_1_5' title='bbox 57 627 111 685; x_wconf 79' lang='lat' dir='ltr'>Aa</span> <span class='ocrx_word' id='word_1_6' title='bbox 129 626 384 687; x_wconf 80' lang='lat' dir='ltr'>Biturteensem</span> <span class='ocrx_word' id='word_1_7' title='bbox 401 630 695 703; x_wconf 74' lang='lat' dir='ltr'>archiepiscopum</span> <span class='ocrx_word' id='word_1_8' title='bbox 713 630 745 691; x_wconf 88' lang='lat' dir='ltr'>et</span> <span class='ocrx_word' id='word_1_9' title='bbox 764 632 856 704; x_wconf 80' lang='lat' dir='ltr'>cpis-</span> 
     </span>
    </p>
   </div>
   <div class='ocr_carea' id='block_1_4' title="bbox 97 724 856 796">
    <p class='ocr_par' dir='ltr' id='par_1_4' title="bbox 97 724 856 796">
     <span class='ocr_line' id='line_1_4' title="bbox 97 724 856 796; baseline 0.009 -14"><span class='ocrx_word' id='word_1_10' title='bbox 97 736 198 796; x_wconf 77' lang='lat' dir='ltr'>copos</span> <span class='ocrx_word' id='word_1_11' title='bbox 211 726 249 784; x_wconf 83' lang='lat' dir='ltr'>tn</span> <span class='ocrx_word' id='word_1_12' title='bbox 264 724 372 785; x_wconf 70' lang='lat' dir='ltr'>tertis</span> <span class='ocrx_word' id='word_1_13' title='bbox 383 725 518 787; x_wconf 81' lang='lat' dir='ltr'>comitis</span> <span class='ocrx_word' id='word_1_14' title='bbox 532 728 762 789; x_wconf 79' lang='lat' dir='ltr'>Niuernensts</span> <span class='ocrx_word' id='word_1_15' title='bbox 774 740 856 788; x_wconf 82' lang='lat' dir='ltr'>oon-</span> 
     </span>
    </p>
   </div>
   <div class='ocr_carea' id='block_1_5' title="bbox 98 819 548 972">
    <p class='ocr_par' dir='ltr' id='par_1_5' title="bbox 98 819 548 972">
     <span class='ocr_line' id='line_1_5' title="bbox 98 819 269 882; baseline -0.018 0"><span class='ocrx_word' id='word_1_16' title='bbox 98 819 269 882; x_wconf 70' lang='lat' dir='ltr'><em>sistentes.</em></span> 
     </span>
     <span class='ocr_line' id='line_1_6' title="bbox 370 898 548 972; baseline 0.011 -17"><span class='ocrx_word' id='word_1_17' title='bbox 370 898 450 972; x_wconf 73' lang='grc'><strong>1111.</strong></span> <span class='ocrx_word' id='word_1_18' title='bbox 470 900 548 958; x_wconf 75' lang='lat' dir='ltr'>litt.</span> 
     </span>
    </p>
   </div>
   <div class='ocr_carea' id='block_1_6' title="bbox 116 1000 803 1151">
    <p class='ocr_par' dir='ltr' id='par_1_6' title="bbox 116 1000 803 1151">
     <span class='ocr_line' id='line_1_7' title="bbox 116 1000 803 1071; baseline 0.006 -19"><span class='ocrx_word' id='word_1_19' title='bbox 116 1000 251 1067; x_wconf 80' lang='lat' dir='ltr'>[bouquet.</span> <span class='ocrx_word' id='word_1_20' title='bbox 264 1002 368 1054; x_wconf 82' lang='lat' dir='ltr'>Recueil</span> <span class='ocrx_word' id='word_1_21' title='bbox 380 1003 423 1054; x_wconf 90' lang='lat' dir='ltr'>des</span> <span class='ocrx_word' id='word_1_22' title='bbox 436 1002 584 1062; x_wconf 87' lang='lat' dir='ltr'>Historiens,</span> <span class='ocrx_word' id='word_1_23' title='bbox 597 1011 617 1055; x_wconf 91' lang='lat' dir='ltr'>t.</span> <span class='ocrx_word' id='word_1_24' title='bbox 629 1005 697 1065; x_wconf 81' lang='lat' dir='ltr'>xlx,</span> <span class='ocrx_word' id='word_1_25' title='bbox 705 1020 732 1071; x_wconf 95' lang='lat' dir='ltr'>p.</span> <span class='ocrx_word' id='word_1_26' title='bbox 743 1004 803 1065; x_wconf 65' lang='lat' dir='ltr'>oth</span> 
     </span>
     <span class='ocr_line' id='line_1_8' title="bbox 260 1082 654 1151; baseline 0.01 -19"><span class='ocrx_word' id='word_1_27' title='bbox 260 1082 367 1147; x_wconf 75' lang='lat' dir='ltr'>liegest,</span> <span class='ocrx_word' id='word_1_28' title='bbox 382 1083 426 1134; x_wconf 91' lang='grc'><strong>1111.</strong></span> <span class='ocrx_word' id='word_1_29' title='bbox 438 1084 469 1141; x_wconf 91' lang='grc'>11,</span> <span class='ocrx_word' id='word_1_30' title='bbox 485 1084 654 1151; x_wconf 67' lang='grc'><strong>6111111311]</strong></span> 
     </span>
    </p>
   </div>
   <div class='ocr_carea' id='block_1_7' title="bbox 107 1180 805 1258">
    <p class='ocr_par' dir='ltr' id='par_1_7' title="bbox 107 1180 805 1258">
     <span class='ocr_line' id='line_1_9' title="bbox 107 1180 805 1258; baseline 0.006 -20"><span class='ocrx_word' id='word_1_31' title='bbox 107 1180 243 1254; x_wconf 78' lang='lat' dir='ltr'>Ejusdem</span> <span class='ocrx_word' id='word_1_32' title='bbox 251 1180 420 1255; x_wconf 86' lang='lat' dir='ltr'>&#39;argumenti</span> <span class='ocrx_word' id='word_1_33' title='bbox 434 1183 515 1255; x_wconf 73' lang='lat' dir='ltr'>cuins</span> <span class='ocrx_word' id='word_1_34' title='bbox 532 1184 662 1255; x_wconf 88' lang='lat' dir='ltr'>superior</span> <span class='ocrx_word' id='word_1_35' title='bbox 675 1185 805 1258; x_wconf 83' lang='lat' dir='ltr'>epistola.</span> 
     </span>
    </p>
   </div>
   <div class='ocr_carea' id='block_1_8' title="bbox 54 1298 858 3700">
    <p class='ocr_par' dir='ltr' id='par_1_8' title="bbox 54 1298 857 1761">
     <span class='ocr_line' id='line_1_10' title="bbox 99 1298 855 1377; baseline 0.007 -19"><span class='ocrx_word' id='word_1_36' title='bbox 99 1298 267 1359; x_wconf 87' lang='lat' dir='ltr'>Honorius</span> <span class='ocrx_word' id='word_1_37' title='bbox 292 1299 516 1377; x_wconf 87' lang='lat' dir='ltr'>episcopus...‚</span> <span class='ocrx_word' id='word_1_38' title='bbox 548 1301 732 1364; x_wconf 84' lang='lat' dir='ltr'>venerabili</span> <span class='ocrx_word' id='word_1_39' title='bbox 759 1302 855 1364; x_wconf 92' lang='lat' dir='ltr'>fratri</span> 
     </span>
     <span class='ocr_line' id='line_1_11' title="bbox 59 1395 855 1478; baseline 0.005 -22"><span class='ocrx_word' id='word_1_40' title='bbox 59 1395 312 1474; x_wconf 82' lang='lat' dir='ltr'>archiepiscopo</span> <span class='ocrx_word' id='word_1_41' title='bbox 336 1397 535 1460; x_wconf 86' lang='lat' dir='ltr'>Bituricensi</span> <span class='ocrx_word' id='word_1_42' title='bbox 555 1396 605 1478; x_wconf 85' lang='lat' dir='ltr'>(a)</span> <span class='ocrx_word' id='word_1_43' title='bbox 634 1399 666 1462; x_wconf 91' lang='lat' dir='ltr'>et</span> <span class='ocrx_word' id='word_1_44' title='bbox 689 1399 855 1461; x_wconf 87' lang='lat' dir='ltr'>universis</span> 
     </span>
     <span class='ocr_line' id='line_1_12' title="bbox 56 1493 857 1571; baseline 0.005 -16"><span class='ocrx_word' id='word_1_45' title='bbox 56 1493 225 1571; x_wconf 86' lang='lat' dir='ltr'>episcopis</span> <span class='ocrx_word' id='word_1_46' title='bbox 240 1493 427 1570; x_wconf 93' lang='lat' dir='ltr'>inquorum</span> <span class='ocrx_word' id='word_1_47' title='bbox 442 1495 640 1558; x_wconf 83' lang='lat' dir='ltr'>dimcesibus</span> <span class='ocrx_word' id='word_1_48' title='bbox 654 1496 744 1559; x_wconf 88' lang='lat' dir='ltr'>terra</span> <span class='ocrx_word' id='word_1_49' title='bbox 759 1496 857 1558; x_wconf 93' lang='lat' dir='ltr'>nobi-</span> 
     </span>
     <span class='ocr_line' id='line_1_13' title="bbox 57 1590 857 1669; baseline 0.006 -18"><span class='ocrx_word' id='word_1_50' title='bbox 57 1590 102 1651; x_wconf 90' lang='lat' dir='ltr'>lis</span> <span class='ocrx_word' id='word_1_51' title='bbox 120 1591 185 1652; x_wconf 81' lang='lat' dir='ltr'>viri</span> <span class='ocrx_word' id='word_1_52' title='bbox 201 1591 331 1654; x_wconf 89' lang='lat' dir='ltr'>comitis</span> <span class='ocrx_word' id='word_1_53' title='bbox 346 1592 564 1656; x_wconf 86' lang='lat' dir='ltr'>Nivernensis</span> <span class='ocrx_word' id='word_1_54' title='bbox 582 1594 743 1669; x_wconf 76' lang='lat' dir='ltr'>consistit,</span> <span class='ocrx_word' id='word_1_55' title='bbox 764 1594 857 1656; x_wconf 89' lang='lat' dir='ltr'>salu·</span> 
     </span>
     <span class='ocr_line' id='line_1_14' title="bbox 54 1687 217 1761; baseline -0.012 -11"><span class='ocrx_word' id='word_1_56' title='bbox 54 1689 136 1761; x_wconf 88' lang='lat' dir='ltr'>tem,</span> <span class='ocrx_word' id='word_1_57' title='bbox 154 1687 217 1750; x_wconf 90' lang='lat' dir='ltr'>eto.</span> 
     </span>
    </p>

    <p class='ocr_par' dir='ltr' id='par_1_9' title="bbox 54 1784 858 3700">
     <span class='ocr_line' id='line_1_15' title="bbox 99 1784 852 1868; baseline 0.007 -21"><span class='ocrx_word' id='word_1_58' title='bbox 99 1785 180 1847; x_wconf 86' lang='lat' dir='ltr'>Cum</span> <span class='ocrx_word' id='word_1_59' title='bbox 204 1784 308 1849; x_wconf 92' lang='lat' dir='ltr'>nobili</span> <span class='ocrx_word' id='word_1_60' title='bbox 334 1788 407 1849; x_wconf 85' lang='lat' dir='ltr'>viro</span> <span class='ocrx_word' id='word_1_61' title='bbox 429 1787 541 1850; x_wconf 92' lang='lat' dir='ltr'>comiti</span> <span class='ocrx_word' id='word_1_62' title='bbox 571 1788 771 1851; x_wconf 83' lang='lat' dir='ltr'>Nivernensi</span> <span class='ocrx_word' id='word_1_63' title='bbox 793 1786 852 1868; x_wconf 82' lang='lat' dir='ltr'>(b),</span> 
     </span>
     <span class='ocr_line' id='line_1_16' title="bbox 55 1883 853 1964; baseline 0.004 -20"><span class='ocrx_word' id='word_1_64' title='bbox 55 1883 308 1959; x_wconf 77' lang='lat' dir='ltr'>crucesignato,</span> <span class='ocrx_word' id='word_1_65' title='bbox 343 1884 386 1946; x_wconf 89' lang='lat' dir='ltr'>ad</span> <span class='ocrx_word' id='word_1_66' title='bbox 416 1888 529 1947; x_wconf 83' lang='lat' dir='ltr'>votum</span> <span class='ocrx_word' id='word_1_67' title='bbox 564 1902 660 1947; x_wconf 90' lang='lat' dir='ltr'>suum</span> <span class='ocrx_word' id='word_1_68' title='bbox 693 1888 853 1964; x_wconf 88' lang='lat' dir='ltr'>potenter,</span> 
     </span>
     <span class='ocr_line' id='line_1_17' title="bbox 55 1980 856 2061; baseline 0.006 -20"><span class='ocrx_word' id='word_1_69' title='bbox 55 1980 145 2042; x_wconf 91' lang='lat' dir='ltr'>sicut</span> <span class='ocrx_word' id='word_1_70' title='bbox 164 1980 342 2053; x_wconf 83' lang='lat' dir='ltr'>desiderat,</span> <span class='ocrx_word' id='word_1_71' title='bbox 367 1983 592 2059; x_wconf 86' lang='lat' dir='ltr'>peragendum</span> <span class='ocrx_word' id='word_1_72' title='bbox 608 1984 751 2061; x_wconf 90' lang='lat' dir='ltr'>proprie,</span> <span class='ocrx_word' id='word_1_73' title='bbox 769 1985 856 2046; x_wconf 87' lang='lat' dir='ltr'>sicut</span> 
     </span>
     <span class='ocr_line' id='line_1_18' title="bbox 55 2077 856 2157; baseline 0.006 -18"><span class='ocrx_word' id='word_1_74' title='bbox 55 2077 155 2140; x_wconf 89' lang='lat' dir='ltr'>nobis</span> <span class='ocrx_word' id='word_1_75' title='bbox 169 2078 324 2151; x_wconf 88' lang='lat' dir='ltr'>innotuit,</span> <span class='ocrx_word' id='word_1_76' title='bbox 341 2095 407 2141; x_wconf 92' lang='lat' dir='ltr'>non</span> <span class='ocrx_word' id='word_1_77' title='bbox 423 2081 600 2157; x_wconf 80' lang='lat' dir='ltr'>suppetant</span> <span class='ocrx_word' id='word_1_78' title='bbox 618 2081 804 2154; x_wconf 80' lang='lat' dir='ltr'>facultates,</span> <span class='ocrx_word' id='word_1_79' title='bbox 823 2083 856 2144; x_wconf 90' lang='grc'>61</span> 
     </span>
     <span class='ocr_line' id='line_1_19' title="bbox 55 2174 857 2251; baseline 0.002 -14"><span class='ocrx_word' id='word_1_80' title='bbox 55 2174 281 2251; x_wconf 79' lang='lat' dir='ltr'>crucesignati</span> <span class='ocrx_word' id='word_1_81' title='bbox 304 2176 405 2238; x_wconf 87' lang='lat' dir='ltr'>terrae</span> <span class='ocrx_word' id='word_1_82' title='bbox 430 2193 499 2238; x_wconf 82' lang='lat' dir='ltr'>suae</span> <span class='ocrx_word' id='word_1_83' title='bbox 526 2193 637 2239; x_wconf 91' lang='lat' dir='ltr'>secum</span> <span class='ocrx_word' id='word_1_84' title='bbox 666 2177 744 2250; x_wconf 92' lang='lat' dir='ltr'>sint,</span> <span class='ocrx_word' id='word_1_85' title='bbox 769 2179 857 2241; x_wconf 89' lang='lat' dir='ltr'>sicut</span> 
     </span>
     <span class='ocr_line' id='line_1_20' title="bbox 55 2273 854 2353; baseline 0.005 -19"><span class='ocrx_word' id='word_1_86' title='bbox 55 2273 258 2349; x_wconf 85' lang='lat' dir='ltr'>accepimus,</span> <span class='ocrx_word' id='word_1_87' title='bbox 285 2273 526 2350; x_wconf 86' lang='lat' dir='ltr'>lerosolymam</span> <span class='ocrx_word' id='word_1_88' title='bbox 548 2274 735 2347; x_wconf 90' lang='lat' dir='ltr'>transituri,</span> <span class='ocrx_word' id='word_1_89' title='bbox 763 2291 854 2353; x_wconf 89' lang='lat' dir='ltr'>prae-</span> 
     </span>
     <span class='ocr_line' id='line_1_21' title="bbox 56 2369 857 2450; baseline 0.002 -18"><span class='ocrx_word' id='word_1_90' title='bbox 56 2370 202 2432; x_wconf 88' lang='lat' dir='ltr'>sentium</span> <span class='ocrx_word' id='word_1_91' title='bbox 220 2369 315 2431; x_wconf 79' lang='lat' dir='ltr'>robis</span> <span class='ocrx_word' id='word_1_92' title='bbox 329 2371 526 2432; x_wconf 86' lang='lat' dir='ltr'>auctoritate</span> <span class='ocrx_word' id='word_1_93' title='bbox 550 2372 755 2445; x_wconf 88' lang='lat' dir='ltr'>mandamus,</span> <span class='ocrx_word' id='word_1_94' title='bbox 773 2388 857 2450; x_wconf 91' lang='lat' dir='ltr'>qua-</span> 
     </span>
     <span class='ocr_line' id='line_1_22' title="bbox 55 2466 857 2547; baseline 0.004 -17"><span class='ocrx_word' id='word_1_95' title='bbox 55 2469 167 2540; x_wconf 88' lang='lat' dir='ltr'>tenus,</span> <span class='ocrx_word' id='word_1_96' title='bbox 192 2466 234 2528; x_wconf 89' lang='lat' dir='ltr'>ab</span> <span class='ocrx_word' id='word_1_97' title='bbox 257 2468 409 2529; x_wconf 91' lang='lat' dir='ltr'>ecclesiis</span> <span class='ocrx_word' id='word_1_98' title='bbox 430 2469 529 2530; x_wconf 81' lang='lat' dir='ltr'>terrae</span> <span class='ocrx_word' id='word_1_99' title='bbox 550 2469 666 2547; x_wconf 88' lang='lat' dir='ltr'>ipsius,</span> <span class='ocrx_word' id='word_1_100' title='bbox 694 2470 857 2533; x_wconf 80' lang='lat' dir='ltr'>duntaxat</span> 
     </span>
     <span class='ocr_line' id='line_1_23' title="bbox 58 2564 856 2630; baseline 0.006 -5"><span class='ocrx_word' id='word_1_101' title='bbox 58 2564 95 2626; x_wconf 91' lang='lat' dir='ltr'>in</span> <span class='ocrx_word' id='word_1_102' title='bbox 117 2565 238 2628; x_wconf 85' lang='lat' dir='ltr'>vestris</span> <span class='ocrx_word' id='word_1_103' title='bbox 262 2564 460 2628; x_wconf 89' lang='lat' dir='ltr'>dioecesibus</span> <span class='ocrx_word' id='word_1_104' title='bbox 483 2567 739 2630; x_wconf 89' lang='lat' dir='ltr'>consistentibus</span> <span class='ocrx_word' id='word_1_105' title='bbox 762 2569 856 2630; x_wconf 80' lang='lat' dir='ltr'>vice-</span> 
     </span>
     <span class='ocr_line' id='line_1_24' title="bbox 57 2661 853 2741; baseline 0.005 -18"><span class='ocrx_word' id='word_1_106' title='bbox 57 2661 178 2724; x_wconf 90' lang='lat' dir='ltr'>simam</span> <span class='ocrx_word' id='word_1_107' title='bbox 196 2661 351 2724; x_wconf 84' lang='lat' dir='ltr'>videlicet</span> <span class='ocrx_word' id='word_1_108' title='bbox 375 2662 517 2725; x_wconf 85' lang='lat' dir='ltr'>fideliter</span> <span class='ocrx_word' id='word_1_109' title='bbox 537 2664 741 2741; x_wconf 79' lang='lat' dir='ltr'>colligentes,</span> <span class='ocrx_word' id='word_1_110' title='bbox 768 2681 853 2739; x_wconf 86' lang='lat' dir='ltr'>eam,</span> 
     </span>
     <span class='ocr_line' id='line_1_25' title="bbox 57 2759 853 2840; baseline 0.006 -20"><span class='ocrx_word' id='word_1_111' title='bbox 57 2774 188 2822; x_wconf 89' lang='lat' dir='ltr'>necnon</span> <span class='ocrx_word' id='word_1_112' title='bbox 208 2759 380 2821; x_wconf 89' lang='lat' dir='ltr'>collectam</span> <span class='ocrx_word' id='word_1_113' title='bbox 395 2759 430 2821; x_wconf 92' lang='lat' dir='ltr'>in</span> <span class='ocrx_word' id='word_1_114' title='bbox 451 2761 579 2823; x_wconf 91' lang='lat' dir='ltr'>truncis</span> <span class='ocrx_word' id='word_1_115' title='bbox 598 2762 853 2840; x_wconf 82' lang='lat' dir='ltr'>eleemosynam,</span> 
     </span>
     <span class='ocr_line' id='line_1_26' title="bbox 57 2856 855 2937; baseline 0.004 -17"><span class='ocrx_word' id='word_1_116' title='bbox 57 2856 236 2933; x_wconf 80' lang='lat' dir='ltr'>assignetis</span> <span class='ocrx_word' id='word_1_117' title='bbox 260 2856 379 2928; x_wconf 91' lang='lat' dir='ltr'>eidem,</span> <span class='ocrx_word' id='word_1_118' title='bbox 407 2857 591 2935; x_wconf 90' lang='lat' dir='ltr'>dequibus</span> <span class='ocrx_word' id='word_1_119' title='bbox 615 2860 855 2937; x_wconf 83' lang='lat' dir='ltr'>crucesignatis</span> 
     </span>
     <span class='ocr_line' id='line_1_27' title="bbox 57 2953 853 3035; baseline 0.006 -20"><span class='ocrx_word' id='word_1_120' title='bbox 57 2953 228 3033; x_wconf 84' lang='lat' dir='ltr'>praedictis</span> <span class='ocrx_word' id='word_1_121' title='bbox 249 2969 308 3032; x_wconf 89' lang='lat' dir='ltr'>per</span> <span class='ocrx_word' id='word_1_122' title='bbox 324 2971 399 3016; x_wconf 92' lang='lat' dir='ltr'>eum</span> <span class='ocrx_word' id='word_1_123' title='bbox 413 2955 566 3017; x_wconf 79' lang='lat' dir='ltr'>uolumus</span> <span class='ocrx_word' id='word_1_124' title='bbox 580 2957 614 3019; x_wconf 90' lang='lat' dir='ltr'>et</span> <span class='ocrx_word' id='word_1_125' title='bbox 632 2958 853 3035; x_wconf 87' lang='lat' dir='ltr'>praecipimus,</span> 
     </span>
     <span class='ocr_line' id='line_1_28' title="bbox 54 3042 857 3132; baseline 0.004 -18"><span class='ocrx_word' id='word_1_126' title='bbox 54 3042 153 3130; x_wconf 81' lang='lat' dir='ltr'>juxta</span> <span class='ocrx_word' id='word_1_127' title='bbox 168 3052 254 3129; x_wconf 92' lang='lat' dir='ltr'>quod</span> <span class='ocrx_word' id='word_1_128' title='bbox 270 3053 427 3129; x_wconf 86' lang='lat' dir='ltr'>expedire</span> <span class='ocrx_word' id='word_1_129' title='bbox 441 3052 572 3126; x_wconf 81' lang='lat' dir='ltr'>viderit,</span> <span class='ocrx_word' id='word_1_130' title='bbox 593 3054 772 3132; x_wconf 82' lang='lat' dir='ltr'>provideri.</span> <span class='ocrx_word' id='word_1_131' title='bbox 788 3057 857 3117; x_wconf 84' lang='lat' dir='ltr'>Vo-</span> 
     </span>
     <span class='ocr_line' id='line_1_29' title="bbox 59 3149 855 3230; baseline 0.005 -21"><span class='ocrx_word' id='word_1_132' title='bbox 59 3149 170 3210; x_wconf 90' lang='lat' dir='ltr'>lumus</span> <span class='ocrx_word' id='word_1_133' title='bbox 187 3150 286 3210; x_wconf 91' lang='lat' dir='ltr'>etiam</span> <span class='ocrx_word' id='word_1_134' title='bbox 302 3151 335 3211; x_wconf 93' lang='lat' dir='ltr'>et</span> <span class='ocrx_word' id='word_1_135' title='bbox 349 3149 554 3222; x_wconf 91' lang='lat' dir='ltr'>mandamus,</span> <span class='ocrx_word' id='word_1_136' title='bbox 578 3152 614 3212; x_wconf 91' lang='lat' dir='ltr'>ut</span> <span class='ocrx_word' id='word_1_137' title='bbox 634 3152 708 3212; x_wconf 90' lang='lat' dir='ltr'>octo</span> <span class='ocrx_word' id='word_1_138' title='bbox 721 3167 764 3213; x_wconf 88' lang='lat' dir='ltr'>ex</span> <span class='ocrx_word' id='word_1_139' title='bbox 782 3153 855 3230; x_wconf 90' lang='lat' dir='ltr'>ejus</span> 
     </span>
     <span class='ocr_line' id='line_1_30' title="bbox 59 3246 856 3326; baseline 0.003 -18"><span class='ocrx_word' id='word_1_140' title='bbox 59 3246 283 3309; x_wconf 83' lang='lat' dir='ltr'>servientibus</span> <span class='ocrx_word' id='word_1_141' title='bbox 312 3247 562 3323; x_wconf 87' lang='lat' dir='ltr'>crucesignatis,</span> <span class='ocrx_word' id='word_1_142' title='bbox 584 3263 665 3326; x_wconf 91' lang='lat' dir='ltr'>quos</span> <span class='ocrx_word' id='word_1_143' title='bbox 691 3248 732 3309; x_wconf 89' lang='lat' dir='ltr'>ad</span> <span class='ocrx_word' id='word_1_144' title='bbox 757 3249 856 3311; x_wconf 89' lang='lat' dir='ltr'>terrae</span> 
     </span>
     <span class='ocr_line' id='line_1_31' title="bbox 58 3344 855 3421; baseline 0.004 -16"><span class='ocrx_word' id='word_1_145' title='bbox 58 3360 130 3407; x_wconf 80' lang='lat' dir='ltr'>suae</span> <span class='ocrx_word' id='word_1_146' title='bbox 149 3344 332 3406; x_wconf 89' lang='lat' dir='ltr'>custodiam</span> <span class='ocrx_word' id='word_1_147' title='bbox 348 3345 482 3407; x_wconf 86' lang='lat' dir='ltr'>duxerit</span> <span class='ocrx_word' id='word_1_148' title='bbox 500 3345 681 3421; x_wconf 88' lang='lat' dir='ltr'>eligendos,</span> <span class='ocrx_word' id='word_1_149' title='bbox 704 3347 855 3409; x_wconf 88' lang='lat' dir='ltr'>auctori-</span> 
     </span>
     <span class='ocr_line' id='line_1_32' title="bbox 56 3441 856 3506; baseline 0.003 -2"><span class='ocrx_word' id='word_1_150' title='bbox 56 3441 127 3504; x_wconf 89' lang='lat' dir='ltr'>tate</span> <span class='ocrx_word' id='word_1_151' title='bbox 161 3443 274 3503; x_wconf 88' lang='lat' dir='ltr'>nostra</span> <span class='ocrx_word' id='word_1_152' title='bbox 309 3441 502 3504; x_wconf 88' lang='lat' dir='ltr'>remanendi</span> <span class='ocrx_word' id='word_1_153' title='bbox 532 3442 701 3504; x_wconf 89' lang='lat' dir='ltr'>licentiam</span> <span class='ocrx_word' id='word_1_154' title='bbox 732 3459 856 3506; x_wconf 87' lang='lat' dir='ltr'>conoe·</span> 
     </span>
     <span class='ocr_line' id='line_1_33' title="bbox 58 3538 858 3620; baseline 0.004 -20"><span class='ocrx_word' id='word_1_155' title='bbox 58 3538 158 3601; x_wconf 90' lang='lat' dir='ltr'>datis.</span> <span class='ocrx_word' id='word_1_156' title='bbox 174 3541 293 3600; x_wconf 89' lang='lat' dir='ltr'>Datum</span> <span class='ocrx_word' id='word_1_157' title='bbox 308 3539 475 3611; x_wconf 84' lang='lat' dir='ltr'>Laterani,</span> <span class='ocrx_word' id='word_1_158' title='bbox 491 3542 536 3601; x_wconf 91' lang='lat' dir='ltr'>llI</span> <span class='ocrx_word' id='word_1_159' title='bbox 548 3556 655 3602; x_wconf 90' lang='lat' dir='ltr'>nonas</span> <span class='ocrx_word' id='word_1_160' title='bbox 665 3541 755 3619; x_wconf 83' lang='lat' dir='ltr'>julii,</span> <span class='ocrx_word' id='word_1_161' title='bbox 772 3557 858 3620; x_wconf 90' lang='lat' dir='ltr'>pon-</span> 
     </span>
     <span class='ocr_line' id='line_1_34' title="bbox 56 3635 599 3700; baseline -0.002 0"><span class='ocrx_word' id='word_1_162' title='bbox 56 3635 204 3700; x_wconf 88' lang='lat' dir='ltr'>tificatus</span> <span class='ocrx_word' id='word_1_163' title='bbox 218 3637 324 3698; x_wconf 89' lang='lat' dir='ltr'>nostri</span> <span class='ocrx_word' id='word_1_164' title='bbox 337 3652 425 3699; x_wconf 87' lang='lat' dir='ltr'>anno</span> <span class='ocrx_word' id='word_1_165' title='bbox 441 3637 599 3700; x_wconf 86' lang='lat' dir='ltr'>secundo.</span> 
     </span>
    </p>
   </div>
   <div class='ocr_carea' id='block_1_9' title="bbox 369 3814 551 3903">
    <p class='ocr_par' dir='ltr' id='par_1_10' title="bbox 369 3814 551 3903">
     <span class='ocr_line' id='line_1_35' title="bbox 369 3814 551 3903; baseline 0 -1"><span class='ocrx_word' id='word_1_166' title='bbox 369 3814 551 3903; x_wconf 89' lang='lat' dir='ltr'>CCCXIX</span> 
     </span>
    </p>
   </div>
   <div class='ocr_carea' id='block_1_10' title="bbox 167 3950 747 4025">
    <p class='ocr_par' dir='ltr' id='par_1_11' title="bbox 167 3950 747 4025">
     <span class='ocr_line' id='line_1_36' title="bbox 167 3950 747 4025; baseline 0.003 -15"><span class='ocrx_word' id='word_1_167' title='bbox 167 3950 220 4010; x_wconf 79' lang='lat' dir='ltr'>Ad</span> <span class='ocrx_word' id='word_1_168' title='bbox 234 3950 527 4012; x_wconf 72' lang='lat' dir='ltr'>ceetomonensem</span> <span class='ocrx_word' id='word_1_169' title='bbox 540 3952 747 4025; x_wconf 77' lang='lat' dir='ltr'>eptsconnm.</span> 
     </span>
    </p>
   </div>
   <div class='ocr_carea' id='block_1_11' title="bbox 368 4060 546 4136">
    <p class='ocr_par' dir='ltr' id='par_1_12' title="bbox 368 4060 546 4136">
     <span class='ocr_line' id='line_1_37' title="bbox 368 4060 546 4136; baseline 0.006 -16"><span class='ocrx_word' id='word_1_170' title='bbox 368 4060 448 4136; x_wconf 74' lang='lat' dir='ltr'>hini.</span> <span class='ocrx_word' id='word_1_171' title='bbox 466 4063 546 4121; x_wconf 79' lang='lat' dir='ltr'>lilii.</span> 
     </span>
    </p>
   </div>
   <div class='ocr_carea' id='block_1_12' title="bbox 58 4167 859 4596">
    <p class='ocr_par' dir='ltr' id='par_1_13' title="bbox 58 4167 859 4596">
     <span class='ocr_line' id='line_1_38' title="bbox 105 4167 809 4236; baseline 0.006 -18"><span class='ocrx_word' id='word_1_172' title='bbox 105 4168 244 4232; x_wconf 76' lang='lat' dir='ltr'>[bouquet.</span> <span class='ocrx_word' id='word_1_173' title='bbox 255 4167 359 4219; x_wconf 86' lang='lat' dir='ltr'>Recueil</span> <span class='ocrx_word' id='word_1_174' title='bbox 374 4169 418 4219; x_wconf 86' lang='lat' dir='ltr'>des</span> <span class='ocrx_word' id='word_1_175' title='bbox 431 4168 582 4228; x_wconf 87' lang='lat' dir='ltr'>ilistoriens,</span> <span class='ocrx_word' id='word_1_176' title='bbox 596 4175 616 4220; x_wconf 88' lang='lat' dir='ltr'>t.</span> <span class='ocrx_word' id='word_1_177' title='bbox 629 4169 696 4229; x_wconf 83' lang='lat' dir='ltr'>xlx,</span> <span class='ocrx_word' id='word_1_178' title='bbox 712 4185 739 4236; x_wconf 87' lang='lat' dir='ltr'>p.</span> <span class='ocrx_word' id='word_1_179' title='bbox 749 4170 809 4232; x_wconf 70' lang='lat'>66¹3</span> 
     </span>
     <span class='ocr_line' id='line_1_39' title="bbox 261 4247 656 4316; baseline 0 -16"><span class='ocrx_word' id='word_1_180' title='bbox 261 4249 369 4312; x_wconf 70' lang='lat' dir='ltr'>liegest,</span> <span class='ocrx_word' id='word_1_181' title='bbox 386 4247 432 4299; x_wconf 89' lang='lat' dir='ltr'>lib.</span> <span class='ocrx_word' id='word_1_182' title='bbox 445 4250 474 4310; x_wconf 89' lang='lat' dir='ltr'>ll,</span> <span class='ocrx_word' id='word_1_183' title='bbox 486 4250 561 4316; x_wconf 86' lang='lat' dir='ltr'>epist.</span> <span class='ocrx_word' id='word_1_184' title='bbox 574 4249 656 4314; x_wconf 76' lang='lat' dir='ltr'>stes]</span> 
     </span>
     <span class='ocr_line' id='line_1_40' title="bbox 58 4344 859 4421; baseline 0.002 -15"><span class='ocrx_word' id='word_1_185' title='bbox 58 4347 201 4406; x_wconf 77' lang='lat' dir='ltr'>Anooiter</span> <span class='ocrx_word' id='word_1_186' title='bbox 215 4347 366 4420; x_wconf 87' lang='lat' dir='ltr'>agentibus</span> <span class='ocrx_word' id='word_1_187' title='bbox 386 4344 524 4406; x_wconf 87' lang='lat' dir='ltr'>adversus</span> <span class='ocrx_word' id='word_1_188' title='bbox 544 4346 711 4421; x_wconf 88' lang='lat' dir='ltr'>episcopum</span> <span class='ocrx_word' id='word_1_189' title='bbox 733 4356 762 4407; x_wconf 85' lang='lat' dir='ltr'>et</span> <span class='ocrx_word' id='word_1_190' title='bbox 780 4350 859 4408; x_wconf 88' lang='lat' dir='ltr'>clert-</span> 
     </span>
     <span class='ocr_line' id='line_1_41' title="bbox 94 4433 858 4506; baseline 0.005 -15"><span class='ocrx_word' id='word_1_191' title='bbox 94 4447 146 4491; x_wconf 90' lang='lat' dir='ltr'>oos</span> <span class='ocrx_word' id='word_1_192' title='bbox 164 4433 356 4492; x_wconf 85' lang='lat' dir='ltr'>Nannetensis</span> <span class='ocrx_word' id='word_1_193' title='bbox 371 4434 501 4492; x_wconf 79' lang='lat' dir='ltr'>ecclesie</span> <span class='ocrx_word' id='word_1_194' title='bbox 524 4433 663 4491; x_wconf 85' lang='lat' dir='ltr'>ministris</span> <span class='ocrx_word' id='word_1_195' title='bbox 682 4435 767 4506; x_wconf 83' lang='lat' dir='ltr'>Petri,</span> <span class='ocrx_word' id='word_1_196' title='bbox 791 4437 858 4495; x_wconf 87' lang='lat' dir='ltr'>blall</span> 
     </span>
     <span class='ocr_line' id='line_1_42' title="bbox 93 4521 858 4596; baseline 0.005 -17"><span class='ocrx_word' id='word_1_197' title='bbox 93 4522 191 4581; x_wconf 87' lang='lat' dir='ltr'>clerici</span> <span class='ocrx_word' id='word_1_198' title='bbox 204 4521 411 4596; x_wconf 88' lang='lat' dir='ltr'>cognominati,</span> <span class='ocrx_word' id='word_1_199' title='bbox 432 4521 586 4580; x_wconf 80' lang='lat' dir='ltr'>Britannlre</span> <span class='ocrx_word' id='word_1_200' title='bbox 599 4524 723 4593; x_wconf 85' lang='lat' dir='ltr'>comitis,</span> <span class='ocrx_word' id='word_1_201' title='bbox 740 4524 858 4583; x_wconf 89' lang='lat' dir='ltr'>mandat</span> 
     </span>
    </p>
   </div>
   <div class='ocr_carea' id='block_1_13' title="bbox 1646 300 1705 360">
    <p class='ocr_par' dir='ltr' id='par_1_14' title="bbox 1646 300 1705 360">
     <span class='ocr_line' id='line_1_43' title="bbox 1646 300 1705 360; baseline 0.034 -2"><span class='ocrx_word' id='word_1_202' title='bbox 1646 300 1705 360; x_wconf 79' lang='grc'>831</span> 
     </span>
    </p>
   </div>
   <div class='ocr_carea' id='block_1_14' title="bbox 909 456 1710 3557">
    <p class='ocr_par' dir='ltr' id='par_1_15' title="bbox 909 456 1710 3557">
     <span class='ocr_line' id='line_1_44' title="bbox 909 456 1704 533; baseline 0 -14"><span class='ocrx_word' id='word_1_203' title='bbox 909 457 1112 521; x_wconf 87' lang='lat' dir='ltr'>sessionibus</span> <span class='ocrx_word' id='word_1_204' title='bbox 1129 461 1163 519; x_wconf 91' lang='grc'>61</span> <span class='ocrx_word' id='word_1_205' title='bbox 1178 457 1330 520; x_wconf 84' lang='lat' dir='ltr'>libertate</span> <span class='ocrx_word' id='word_1_206' title='bbox 1345 457 1469 521; x_wconf 88' lang='lat' dir='ltr'>donare</span> <span class='ocrx_word' id='word_1_207' title='bbox 1483 458 1538 533; x_wconf 89' lang='lat' dir='ltr'>pia</span> <span class='ocrx_word' id='word_1_208' title='bbox 1558 456 1704 519; x_wconf 86' lang='lat' dir='ltr'>fidelium</span> 
     </span>
     <span class='ocr_line' id='line_1_45' title="bbox 909 552 1706 631; baseline 0.003 -16"><span class='ocrx_word' id='word_1_209' title='bbox 909 554 1040 617; x_wconf 86' lang='lat' dir='ltr'>devotio</span> <span class='ocrx_word' id='word_1_210' title='bbox 1066 554 1295 622; x_wconf 86' lang='lat' dir='ltr'>consueverat,</span> <span class='ocrx_word' id='word_1_211' title='bbox 1319 554 1384 615; x_wconf 92' lang='lat' dir='ltr'>hoc</span> <span class='ocrx_word' id='word_1_212' title='bbox 1408 553 1503 631; x_wconf 89' lang='lat' dir='ltr'>impli</span> <span class='ocrx_word' id='word_1_213' title='bbox 1531 552 1706 617; x_wconf 89' lang='lat' dir='ltr'>debilitare</span> 
     </span>
     <span class='ocr_line' id='line_1_46' title="bbox 910 651 1707 713; baseline 0 -2"><span class='ocrx_word' id='word_1_214' title='bbox 910 667 1046 712; x_wconf 86' lang='lat' dir='ltr'>errorum</span> <span class='ocrx_word' id='word_1_215' title='bbox 1067 651 1291 713; x_wconf 88' lang='lat' dir='ltr'>subtractione</span> <span class='ocrx_word' id='word_1_216' title='bbox 1314 651 1477 713; x_wconf 92' lang='lat' dir='ltr'>bonorum</span> <span class='ocrx_word' id='word_1_217' title='bbox 1497 653 1530 713; x_wconf 86' lang='lat' dir='ltr'>et</span> <span class='ocrx_word' id='word_1_218' title='bbox 1548 651 1584 712; x_wconf 93' lang='lat' dir='ltr'>in</span> <span class='ocrx_word' id='word_1_219' title='bbox 1599 652 1707 713; x_wconf 87' lang='lat' dir='ltr'>servi-</span> 
     </span>
     <span class='ocr_line' id='line_1_47' title="bbox 909 748 1704 833; baseline 0.001 -24"><span class='ocrx_word' id='word_1_220' title='bbox 909 748 1013 833; x_wconf 86' lang='lat' dir='ltr'>tutem</span> <span class='ocrx_word' id='word_1_221' title='bbox 1048 748 1203 825; x_wconf 88' lang='lat' dir='ltr'>redlgere</span> <span class='ocrx_word' id='word_1_222' title='bbox 1242 748 1476 825; x_wconf 81' lang='lat' dir='ltr'>gravissimam</span> <span class='ocrx_word' id='word_1_223' title='bbox 1517 748 1704 821; x_wconf 91' lang='lat' dir='ltr'>elaborant,</span> 
     </span>
     <span class='ocr_line' id='line_1_48' title="bbox 909 845 1708 924; baseline 0.004 -18"><span class='ocrx_word' id='word_1_224' title='bbox 909 846 1007 922; x_wconf 89' lang='lat' dir='ltr'>prout</span> <span class='ocrx_word' id='word_1_225' title='bbox 1020 845 1207 924; x_wconf 88' lang='lat' dir='ltr'>iniquitatis</span> <span class='ocrx_word' id='word_1_226' title='bbox 1221 845 1294 917; x_wconf 89' lang='lat' dir='ltr'>tilii,</span> <span class='ocrx_word' id='word_1_227' title='bbox 1315 846 1442 908; x_wconf 83' lang='lat' dir='ltr'>Alanus</span> <span class='ocrx_word' id='word_1_228' title='bbox 1460 849 1485 908; x_wconf 89' lang='lat' dir='ltr'>lt</span> <span class='ocrx_word' id='word_1_229' title='bbox 1500 850 1708 909; x_wconf 79' lang='lat' dir='ltr'>Fatconttter</span> 
     </span>
     <span class='ocr_line' id='line_1_49' title="bbox 910 942 1705 1020; baseline 0.001 -16"><span class='ocrx_word' id='word_1_230' title='bbox 910 944 943 1005; x_wconf 91' lang='lat' dir='ltr'>et</span> <span class='ocrx_word' id='word_1_231' title='bbox 957 942 1148 1005; x_wconf 86' lang='lat' dir='ltr'>Wioramus</span> <span class='ocrx_word' id='word_1_232' title='bbox 1168 946 1348 1017; x_wconf 71' lang='lat' dir='ltr'>deservo,</span> <span class='ocrx_word' id='word_1_233' title='bbox 1369 959 1409 1006; x_wconf 89' lang='lat' dir='ltr'>ac</span> <span class='ocrx_word' id='word_1_234' title='bbox 1429 958 1544 1007; x_wconf 89' lang='lat' dir='ltr'>eorum</span> <span class='ocrx_word' id='word_1_235' title='bbox 1563 943 1705 1020; x_wconf 91' lang='lat' dir='ltr'>compli-</span> 
     </span>
     <span class='ocr_line' id='line_1_50' title="bbox 910 1039 1709 1120; baseline 0.003 -19"><span class='ocrx_word' id='word_1_236' title='bbox 910 1055 977 1113; x_wconf 87' lang='grc'><strong>111,</strong></span> <span class='ocrx_word' id='word_1_237' title='bbox 990 1040 1136 1103; x_wconf 90' lang='lat' dir='ltr'>ministri</span> <span class='ocrx_word' id='word_1_238' title='bbox 1150 1040 1272 1103; x_wconf 90' lang='lat' dir='ltr'>nobilis</span> <span class='ocrx_word' id='word_1_239' title='bbox 1286 1040 1351 1103; x_wconf 85' lang='lat' dir='ltr'>viri</span> <span class='ocrx_word' id='word_1_240' title='bbox 1368 1044 1406 1103; x_wconf 88' lang='lat' dir='ltr'>P.</span> <span class='ocrx_word' id='word_1_241' title='bbox 1421 1039 1471 1120; x_wconf 83' lang='lat' dir='ltr'>(rt)</span> <span class='ocrx_word' id='word_1_242' title='bbox 1486 1042 1616 1103; x_wconf 89' lang='lat' dir='ltr'>comitis</span> <span class='ocrx_word' id='word_1_243' title='bbox 1632 1041 1709 1104; x_wconf 90' lang='lat' dir='ltr'>Bri-</span> 
     </span>
     <span class='ocr_line' id='line_1_51' title="bbox 909 1138 1709 1211; baseline 0.003 -12"><span class='ocrx_word' id='word_1_244' title='bbox 909 1138 1045 1211; x_wconf 90' lang='lat' dir='ltr'>tanniae,</span> <span class='ocrx_word' id='word_1_245' title='bbox 1065 1141 1181 1200; x_wconf 90' lang='lat' dir='ltr'>contra</span> <span class='ocrx_word' id='word_1_246' title='bbox 1197 1140 1443 1201; x_wconf 88' lang='lat' dir='ltr'>Nannetensem</span> <span class='ocrx_word' id='word_1_247' title='bbox 1461 1139 1637 1201; x_wconf 89' lang='lat' dir='ltr'>ecclesiam</span> <span class='ocrx_word' id='word_1_248' title='bbox 1656 1138 1709 1201; x_wconf 89' lang='lat' dir='ltr'>fa·</span> 
     </span>
     <span class='ocr_line' id='line_1_52' title="bbox 910 1237 1707 1315; baseline 0.001 -18"><span class='ocrx_word' id='word_1_249' title='bbox 910 1251 986 1297; x_wconf 90' lang='lat' dir='ltr'>cere</span> <span class='ocrx_word' id='word_1_250' title='bbox 1009 1237 1249 1313; x_wconf 90' lang='lat' dir='ltr'>proponuntur,</span> <span class='ocrx_word' id='word_1_251' title='bbox 1288 1237 1356 1315; x_wconf 91' lang='lat' dir='ltr'>qui,</span> <span class='ocrx_word' id='word_1_252' title='bbox 1393 1237 1480 1300; x_wconf 89' lang='lat' dir='ltr'>sicut</span> <span class='ocrx_word' id='word_1_253' title='bbox 1505 1237 1707 1298; x_wconf 84' lang='lat' dir='ltr'>venerabilis</span> 
     </span>
     <span class='ocr_line' id='line_1_53' title="bbox 910 1332 1707 1415; baseline 0.004 -21"><span class='ocrx_word' id='word_1_254' title='bbox 910 1332 1013 1395; x_wconf 90' lang='lat' dir='ltr'>frater</span> <span class='ocrx_word' id='word_1_255' title='bbox 1033 1334 1257 1398; x_wconf 87' lang='lat' dir='ltr'>Nannetensis</span> <span class='ocrx_word' id='word_1_256' title='bbox 1271 1334 1446 1412; x_wconf 86' lang='lat' dir='ltr'>episcopus</span> <span class='ocrx_word' id='word_1_257' title='bbox 1461 1332 1509 1415; x_wconf 84' lang='lat' dir='ltr'>(e)</span> <span class='ocrx_word' id='word_1_258' title='bbox 1534 1335 1629 1396; x_wconf 91' lang='lat' dir='ltr'>nohis</span> <span class='ocrx_word' id='word_1_259' title='bbox 1644 1351 1707 1397; x_wconf 86' lang='lat' dir='ltr'>ex·</span> 
     </span>
     <span class='ocr_line' id='line_1_54' title="bbox 910 1430 1709 1509; baseline 0.005 -18"><span class='ocrx_word' id='word_1_260' title='bbox 910 1430 1030 1508; x_wconf 87' lang='lat' dir='ltr'>posuit,</span> <span class='ocrx_word' id='word_1_261' title='bbox 1061 1430 1203 1509; x_wconf 88' lang='lat' dir='ltr'>burgum</span> <span class='ocrx_word' id='word_1_262' title='bbox 1230 1431 1271 1493; x_wconf 89' lang='lat' dir='ltr'>de</span> <span class='ocrx_word' id='word_1_263' title='bbox 1298 1433 1428 1505; x_wconf 85' lang='lat' dir='ltr'>Suceio,</span> <span class='ocrx_word' id='word_1_264' title='bbox 1458 1432 1649 1494; x_wconf 89' lang='lat' dir='ltr'>molendina</span> <span class='ocrx_word' id='word_1_265' title='bbox 1674 1433 1709 1495; x_wconf 90' lang='grc'>61</span> 
     </span>
     <span class='ocr_line' id='line_1_55' title="bbox 910 1528 1708 1607; baseline 0.001 -18"><span class='ocrx_word' id='word_1_266' title='bbox 910 1528 1024 1590; x_wconf 92' lang='lat' dir='ltr'>domos</span> <span class='ocrx_word' id='word_1_267' title='bbox 1039 1529 1186 1606; x_wconf 85' lang='lat' dir='ltr'>ejusdem</span> <span class='ocrx_word' id='word_1_268' title='bbox 1201 1530 1348 1607; x_wconf 89' lang='lat' dir='ltr'>episcopi</span> <span class='ocrx_word' id='word_1_269' title='bbox 1366 1529 1629 1605; x_wconf 88' lang='lat' dir='ltr'>combusserunt,</span> <span class='ocrx_word' id='word_1_270' title='bbox 1650 1546 1708 1591; x_wconf 89' lang='lat' dir='ltr'>ca-</span> 
     </span>
     <span class='ocr_line' id='line_1_56' title="bbox 909 1625 1706 1704; baseline 0.001 -17"><span class='ocrx_word' id='word_1_271' title='bbox 909 1625 1005 1704; x_wconf 89' lang='lat' dir='ltr'>piunt</span> <span class='ocrx_word' id='word_1_272' title='bbox 1036 1626 1176 1690; x_wconf 89' lang='lat' dir='ltr'>clericos</span> <span class='ocrx_word' id='word_1_273' title='bbox 1206 1629 1240 1690; x_wconf 91' lang='lat' dir='ltr'>et</span> <span class='ocrx_word' id='word_1_274' title='bbox 1270 1628 1493 1700; x_wconf 85' lang='lat' dir='ltr'>incarcerant,</span> <span class='ocrx_word' id='word_1_275' title='bbox 1525 1627 1559 1690; x_wconf 90' lang='lat' dir='ltr'>et</span> <span class='ocrx_word' id='word_1_276' title='bbox 1590 1628 1706 1690; x_wconf 90' lang='lat' dir='ltr'>contra</span> 
     </span>
     <span class='ocr_line' id='line_1_57' title="bbox 909 1723 1708 1802; baseline 0.003 -17"><span class='ocrx_word' id='word_1_277' title='bbox 909 1723 1060 1785; x_wconf 89' lang='lat' dir='ltr'>eumdem</span> <span class='ocrx_word' id='word_1_278' title='bbox 1081 1725 1274 1802; x_wconf 87' lang='lat' dir='ltr'>episcopum</span> <span class='ocrx_word' id='word_1_279' title='bbox 1288 1726 1322 1787; x_wconf 87' lang='lat' dir='ltr'>et</span> <span class='ocrx_word' id='word_1_280' title='bbox 1341 1725 1483 1787; x_wconf 89' lang='lat' dir='ltr'>clericos</span> <span class='ocrx_word' id='word_1_281' title='bbox 1506 1725 1651 1787; x_wconf 84' lang='lat' dir='ltr'>civitatis</span> <span class='ocrx_word' id='word_1_282' title='bbox 1674 1726 1708 1787; x_wconf 88' lang='lat' dir='ltr'>et</span> 
     </span>
     <span class='ocr_line' id='line_1_58' title="bbox 909 1819 1705 1896; baseline 0.006 -16"><span class='ocrx_word' id='word_1_283' title='bbox 909 1819 1063 1884; x_wconf 83' lang='lat' dir='ltr'>‹lioecesis</span> <span class='ocrx_word' id='word_1_284' title='bbox 1077 1823 1302 1883; x_wconf 90' lang='lat' dir='ltr'>Nannetensis</span> <span class='ocrx_word' id='word_1_285' title='bbox 1315 1822 1351 1884; x_wconf 93' lang='lat' dir='ltr'>in</span> <span class='ocrx_word' id='word_1_286' title='bbox 1365 1822 1493 1884; x_wconf 90' lang='lat' dir='ltr'>tantum</span> <span class='ocrx_word' id='word_1_287' title='bbox 1511 1821 1705 1896; x_wconf 88' lang='lat' dir='ltr'>desaeviunt,</span> 
     </span>
     <span class='ocr_line' id='line_1_59' title="bbox 910 1917 1707 1998; baseline 0.004 -19"><span class='ocrx_word' id='word_1_288' title='bbox 910 1918 995 1998; x_wconf 93' lang='lat' dir='ltr'>quod</span> <span class='ocrx_word' id='word_1_289' title='bbox 1022 1917 1086 1996; x_wconf 89' lang='lat' dir='ltr'>ipsi</span> <span class='ocrx_word' id='word_1_290' title='bbox 1114 1919 1284 1981; x_wconf 87' lang='lat' dir='ltr'>dioecesim</span> <span class='ocrx_word' id='word_1_291' title='bbox 1310 1920 1557 1983; x_wconf 90' lang='lat' dir='ltr'>Nannetensem</span> <span class='ocrx_word' id='word_1_292' title='bbox 1579 1921 1707 1996; x_wconf 90' lang='lat' dir='ltr'>egressi</span> 
     </span>
     <span class='ocr_line' id='line_1_60' title="bbox 909 2016 1707 2095; baseline 0.001 -16"><span class='ocrx_word' id='word_1_293' title='bbox 909 2016 1049 2079; x_wconf 83' lang='lat' dir='ltr'>exulare</span> <span class='ocrx_word' id='word_1_294' title='bbox 1067 2017 1241 2093; x_wconf 87' lang='lat' dir='ltr'>coguntur.</span> <span class='ocrx_word' id='word_1_295' title='bbox 1265 2017 1408 2095; x_wconf 84' lang='lat' dir='ltr'>Ideoque</span> <span class='ocrx_word' id='word_1_296' title='bbox 1428 2017 1621 2080; x_wconf 88' lang='lat' dir='ltr'>discretioni</span> <span class='ocrx_word' id='word_1_297' title='bbox 1640 2020 1707 2080; x_wconf 91' lang='lat' dir='ltr'>tuae</span> 
     </span>
     <span class='ocr_line' id='line_1_61' title="bbox 909 2114 1704 2193; baseline 0.001 -17"><span class='ocrx_word' id='word_1_298' title='bbox 909 2130 970 2191; x_wconf 89' lang='lat' dir='ltr'>per</span> <span class='ocrx_word' id='word_1_299' title='bbox 984 2114 1174 2193; x_wconf 84' lang='lat' dir='ltr'>Apostolica</span> <span class='ocrx_word' id='word_1_300' title='bbox 1185 2115 1308 2192; x_wconf 88' lang='lat' dir='ltr'>scripta</span> <span class='ocrx_word' id='word_1_301' title='bbox 1322 2117 1517 2176; x_wconf 88' lang='lat' dir='ltr'>mandamus</span> <span class='ocrx_word' id='word_1_302' title='bbox 1531 2117 1704 2192; x_wconf 86' lang='lat' dir='ltr'>quatenns,</span> 
     </span>
     <span class='ocr_line' id='line_1_62' title="bbox 910 2212 1706 2289; baseline 0.005 -17"><span class='ocrx_word' id='word_1_303' title='bbox 910 2212 939 2272; x_wconf 90' lang='lat' dir='ltr'>si</span> <span class='ocrx_word' id='word_1_304' title='bbox 954 2212 1125 2289; x_wconf 77' lang='lat' dir='ltr'>praemissa</span> <span class='ocrx_word' id='word_1_305' title='bbox 1138 2212 1278 2275; x_wconf 85' lang='lat' dir='ltr'>veritate</span> <span class='ocrx_word' id='word_1_306' title='bbox 1292 2212 1455 2284; x_wconf 88' lang='lat' dir='ltr'>nituntur,</span> <span class='ocrx_word' id='word_1_307' title='bbox 1476 2213 1706 2276; x_wconf 77' lang='lat' dir='ltr'>malefactores</span> 
     </span>
     <span class='ocr_line' id='line_1_63' title="bbox 909 2309 1708 2389; baseline 0.004 -19"><span class='ocrx_word' id='word_1_308' title='bbox 909 2309 1043 2371; x_wconf 89' lang='lat' dir='ltr'>eosdem</span> <span class='ocrx_word' id='word_1_309' title='bbox 1066 2310 1204 2383; x_wconf 89' lang='lat' dir='ltr'>tamdiu,</span> <span class='ocrx_word' id='word_1_310' title='bbox 1234 2311 1457 2388; x_wconf 88' lang='lat' dir='ltr'>appellatione</span> <span class='ocrx_word' id='word_1_311' title='bbox 1482 2313 1620 2384; x_wconf 88' lang='lat' dir='ltr'>remota,</span> <span class='ocrx_word' id='word_1_312' title='bbox 1648 2324 1708 2389; x_wconf 88' lang='lat' dir='ltr'>per</span> 
     </span>
     <span class='ocr_line' id='line_1_64' title="bbox 909 2407 1707 2485; baseline 0.003 -17"><span class='ocrx_word' id='word_1_313' title='bbox 909 2407 1011 2468; x_wconf 85' lang='lat' dir='ltr'>totam</span> <span class='ocrx_word' id='word_1_314' title='bbox 1035 2409 1261 2469; x_wconf 68' lang='lat' dir='ltr'>&#39;turonensem</span> <span class='ocrx_word' id='word_1_315' title='bbox 1287 2408 1491 2485; x_wconf 83' lang='lat' dir='ltr'>provinciam</span> <span class='ocrx_word' id='word_1_316' title='bbox 1520 2411 1553 2470; x_wconf 91' lang='lat' dir='ltr'>et</span> <span class='ocrx_word' id='word_1_317' title='bbox 1579 2409 1707 2470; x_wconf 87' lang='lat' dir='ltr'>vicinas</span> 
     </span>
     <span class='ocr_line' id='line_1_65' title="bbox 910 2503 1706 2583; baseline 0.003 -17"><span class='ocrx_word' id='word_1_318' title='bbox 910 2503 1079 2578; x_wconf 88' lang='lat' dir='ltr'>ecclesias,</span> <span class='ocrx_word' id='word_1_319' title='bbox 1101 2506 1242 2583; x_wconf 89' lang='lat' dir='ltr'>siugulis</span> <span class='ocrx_word' id='word_1_320' title='bbox 1262 2505 1378 2566; x_wconf 88' lang='lat' dir='ltr'>diebus</span> <span class='ocrx_word' id='word_1_321' title='bbox 1400 2506 1575 2568; x_wconf 88' lang='lat' dir='ltr'>dominicis</span> <span class='ocrx_word' id='word_1_322' title='bbox 1590 2509 1623 2568; x_wconf 92' lang='lat' dir='ltr'>et</span> <span class='ocrx_word' id='word_1_323' title='bbox 1636 2506 1706 2568; x_wconf 91' lang='lat' dir='ltr'>fes-</span> 
     </span>
     <span class='ocr_line' id='line_1_66' title="bbox 910 2601 1708 2681; baseline 0.004 -17"><span class='ocrx_word' id='word_1_324' title='bbox 910 2601 1000 2675; x_wconf 88' lang='lat' dir='ltr'>tivis,</span> <span class='ocrx_word' id='word_1_325' title='bbox 1016 2605 1320 2665; x_wconf 85' lang='lat' dir='ltr'>excommunicatos</span> <span class='ocrx_word' id='word_1_326' title='bbox 1335 2603 1465 2681; x_wconf 89' lang='lat' dir='ltr'>publice</span> <span class='ocrx_word' id='word_1_327' title='bbox 1480 2605 1650 2676; x_wconf 69' lang='lat' dir='ltr'>nuntietis</span> <span class='ocrx_word' id='word_1_328' title='bbox 1674 2605 1708 2667; x_wconf 89' lang='lat' dir='ltr'>et</span> 
     </span>
     <span class='ocr_line' id='line_1_67' title="bbox 910 2699 1707 2769; baseline 0.004 -8"><span class='ocrx_word' id='word_1_329' title='bbox 910 2699 1040 2763; x_wconf 87' lang='lat' dir='ltr'>faciatis</span> <span class='ocrx_word' id='word_1_330' title='bbox 1062 2700 1104 2762; x_wconf 89' lang='grc'>11)</span> <span class='ocrx_word' id='word_1_331' title='bbox 1124 2701 1276 2763; x_wconf 90' lang='lat' dir='ltr'>omnihus</span> <span class='ocrx_word' id='word_1_332' title='bbox 1298 2702 1425 2764; x_wconf 90' lang='lat' dir='ltr'>arctius</span> <span class='ocrx_word' id='word_1_333' title='bbox 1446 2702 1576 2769; x_wconf 85' lang='lat' dir='ltr'>evitari.</span> <span class='ocrx_word' id='word_1_334' title='bbox 1602 2702 1707 2764; x_wconf 90' lang='lat' dir='ltr'>donec</span> 
     </span>
     <span class='ocr_line' id='line_1_68' title="bbox 911 2797 1706 2878; baseline 0.004 -20"><span class='ocrx_word' id='word_1_335' title='bbox 911 2813 1012 2876; x_wconf 90' lang='lat' dir='ltr'>super</span> <span class='ocrx_word' id='word_1_336' title='bbox 1036 2797 1163 2860; x_wconf 89' lang='lat' dir='ltr'>eisdem</span> <span class='ocrx_word' id='word_1_337' title='bbox 1189 2799 1424 2871; x_wconf 77' lang='lat' dir='ltr'>satisfecerint,</span> <span class='ocrx_word' id='word_1_338' title='bbox 1453 2801 1487 2862; x_wconf 88' lang='lat' dir='ltr'>et</span> <span class='ocrx_word' id='word_1_339' title='bbox 1513 2816 1572 2876; x_wconf 90' lang='lat' dir='ltr'>pro</span> <span class='ocrx_word' id='word_1_340' title='bbox 1596 2800 1706 2878; x_wconf 91' lang='lat' dir='ltr'>injec-</span> 
     </span>
     <span class='ocr_line' id='line_1_69' title="bbox 909 2895 1708 2959; baseline 0.001 -1"><span class='ocrx_word' id='word_1_341' title='bbox 909 2896 1000 2958; x_wconf 89' lang='lat' dir='ltr'>tione</span> <span class='ocrx_word' id='word_1_342' title='bbox 1030 2911 1189 2957; x_wconf 92' lang='lat' dir='ltr'>manuum</span> <span class='ocrx_word' id='word_1_343' title='bbox 1219 2895 1253 2955; x_wconf 93' lang='lat' dir='ltr'>in</span> <span class='ocrx_word' id='word_1_344' title='bbox 1287 2895 1426 2957; x_wconf 91' lang='lat' dir='ltr'>clericos</span> <span class='ocrx_word' id='word_1_345' title='bbox 1456 2897 1603 2959; x_wconf 89' lang='lat' dir='ltr'>violenta</span> <span class='ocrx_word' id='word_1_346' title='bbox 1633 2912 1708 2959; x_wconf 90' lang='lat' dir='ltr'>cum</span> 
     </span>
     <span class='ocr_line' id='line_1_70' title="bbox 909 2992 1709 3056; baseline 0.003 -2"><span class='ocrx_word' id='word_1_347' title='bbox 909 2993 1096 3056; x_wconf 87' lang='lat' dir='ltr'>vestrarum</span> <span class='ocrx_word' id='word_1_348' title='bbox 1111 2992 1301 3055; x_wconf 89' lang='lat' dir='ltr'>testimonio</span> <span class='ocrx_word' id='word_1_349' title='bbox 1315 2993 1502 3054; x_wconf 91' lang='lat' dir='ltr'>litterarum</span> <span class='ocrx_word' id='word_1_350' title='bbox 1523 2994 1566 3055; x_wconf 93' lang='lat' dir='ltr'>ad</span> <span class='ocrx_word' id='word_1_351' title='bbox 1590 2995 1709 3056; x_wconf 89' lang='lat' dir='ltr'>Sedem</span> 
     </span>
     <span class='ocr_line' id='line_1_71' title="bbox 909 3088 1709 3166; baseline 0.004 -17"><span class='ocrx_word' id='word_1_352' title='bbox 909 3089 1063 3150; x_wconf 82' lang='lat' dir='ltr'>venerint</span> <span class='ocrx_word' id='word_1_353' title='bbox 1082 3088 1306 3166; x_wconf 85' lang='lat' dir='ltr'>Apostolicam</span> <span class='ocrx_word' id='word_1_354' title='bbox 1330 3088 1536 3150; x_wconf 83' lang='lat' dir='ltr'>absolvendi.</span> <span class='ocrx_word' id='word_1_355' title='bbox 1563 3091 1654 3162; x_wconf 89' lang='lat' dir='ltr'>Quod</span> <span class='ocrx_word' id='word_1_356' title='bbox 1679 3091 1709 3152; x_wconf 90' lang='lat' dir='ltr'>si</span> 
     </span>
     <span class='ocr_line' id='line_1_72' title="bbox 910 3185 1710 3264; baseline 0.004 -17"><span class='ocrx_word' id='word_1_357' title='bbox 910 3201 977 3247; x_wconf 91' lang='lat' dir='ltr'>non</span> <span class='ocrx_word' id='word_1_358' title='bbox 992 3201 1107 3247; x_wconf 90' lang='lat' dir='ltr'>omnes</span> <span class='ocrx_word' id='word_1_359' title='bbox 1120 3185 1173 3247; x_wconf 91' lang='lat' dir='ltr'>his</span> <span class='ocrx_word' id='word_1_360' title='bbox 1187 3186 1406 3263; x_wconf 85' lang='lat' dir='ltr'>exsequendis</span> <span class='ocrx_word' id='word_1_361' title='bbox 1420 3187 1584 3248; x_wconf 89' lang='lat' dir='ltr'>interesse</span> <span class='ocrx_word' id='word_1_362' title='bbox 1599 3190 1710 3264; x_wconf 79' lang='lat' dir='ltr'>potue</span> 
     </span>
     <span class='ocr_line' id='line_1_73' title="bbox 910 3282 1708 3362; baseline 0.005 -18"><span class='ocrx_word' id='word_1_363' title='bbox 910 3283 993 3358; x_wconf 90' lang='lat' dir='ltr'>rint,</span> <span class='ocrx_word' id='word_1_364' title='bbox 1021 3288 1073 3354; x_wconf 89' lang='lat' dir='ltr'>tu,</span> <span class='ocrx_word' id='word_1_365' title='bbox 1099 3282 1202 3345; x_wconf 90' lang='lat' dir='ltr'>frater</span> <span class='ocrx_word' id='word_1_366' title='bbox 1229 3285 1398 3362; x_wconf 87' lang='lat' dir='ltr'>episcope,</span> <span class='ocrx_word' id='word_1_367' title='bbox 1424 3301 1463 3347; x_wconf 89' lang='grc'>61</span> <span class='ocrx_word' id='word_1_368' title='bbox 1491 3285 1708 3348; x_wconf 89' lang='lat' dir='ltr'>nihilominus</span> 
     </span>
     <span class='ocr_line' id='line_1_74' title="bbox 910 3382 1710 3464; baseline 0.004 -20"><span class='ocrx_word' id='word_1_369' title='bbox 910 3382 1117 3458; x_wconf 87' lang='lat' dir='ltr'>exsequaris.</span> <span class='ocrx_word' id='word_1_370' title='bbox 1140 3383 1258 3443; x_wconf 89' lang='lat' dir='ltr'>Datum</span> <span class='ocrx_word' id='word_1_371' title='bbox 1273 3383 1440 3455; x_wconf 86' lang='lat' dir='ltr'>Laterani,</span> <span class='ocrx_word' id='word_1_372' title='bbox 1464 3385 1510 3444; x_wconf 90' lang='lat' dir='ltr'>lll</span> <span class='ocrx_word' id='word_1_373' title='bbox 1527 3399 1633 3446; x_wconf 91' lang='lat' dir='ltr'>nonas</span> <span class='ocrx_word' id='word_1_374' title='bbox 1650 3386 1710 3464; x_wconf 91' lang='lat' dir='ltr'>ju·</span> 
     </span>
     <span class='ocr_line' id='line_1_75' title="bbox 910 3478 1584 3557; baseline 0.001 -16"><span class='ocrx_word' id='word_1_375' title='bbox 910 3478 960 3552; x_wconf 90' lang='lat' dir='ltr'>lii,</span> <span class='ocrx_word' id='word_1_376' title='bbox 976 3478 1188 3557; x_wconf 84' lang='lat' dir='ltr'>pontificatus</span> <span class='ocrx_word' id='word_1_377' title='bbox 1202 3479 1308 3541; x_wconf 89' lang='lat' dir='ltr'>nostri</span> <span class='ocrx_word' id='word_1_378' title='bbox 1323 3495 1412 3544; x_wconf 92' lang='lat' dir='ltr'>anuo</span> <span class='ocrx_word' id='word_1_379' title='bbox 1427 3481 1584 3544; x_wconf 88' lang='lat' dir='ltr'>secundo.</span> 
     </span>
    </p>
   </div>
   <div class='ocr_carea' id='block_1_15' title="bbox 1231 3666 1394 3753">
    <p class='ocr_par' dir='ltr' id='par_1_16' title="bbox 1231 3666 1394 3753">
     <span class='ocr_line' id='line_1_76' title="bbox 1231 3666 1394 3753; baseline 0 0"><span class='ocrx_word' id='word_1_380' title='bbox 1231 3666 1394 3753; x_wconf 85' lang='lat' dir='ltr'>CCCXX</span> 
     </span>
    </p>
   </div>
   <div class='ocr_carea' id='block_1_16' title="bbox 912 3800 1710 3973">
    <p class='ocr_par' dir='ltr' id='par_1_17' title="bbox 912 3800 1710 3973">
     <span class='ocr_line' id='line_1_77' title="bbox 912 3800 1710 3878; baseline 0.004 -17"><span class='ocrx_word' id='word_1_381' title='bbox 912 3801 964 3861; x_wconf 80' lang='lat' dir='ltr'>Art</span> <span class='ocrx_word' id='word_1_382' title='bbox 976 3800 1123 3874; x_wconf 69' lang='lat' dir='ltr'>majoris</span> <span class='ocrx_word' id='word_1_383' title='bbox 1140 3804 1289 3862; x_wconf 73' lang='lat' dir='ltr'>ecnestoe</span> <span class='ocrx_word' id='word_1_384' title='bbox 1300 3802 1335 3863; x_wconf 83' lang='lat' dir='ltr'>et</span> <span class='ocrx_word' id='word_1_385' title='bbox 1347 3802 1382 3863; x_wconf 83' lang='lat' dir='ltr'>S.</span> <span class='ocrx_word' id='word_1_386' title='bbox 1397 3803 1549 3878; x_wconf 71' lang='lat' dir='ltr'>tenpore</span> <span class='ocrx_word' id='word_1_387' title='bbox 1562 3804 1710 3865; x_wconf 79' lang='lat' dir='ltr'>decanos</span> 
     </span>
     <span class='ocr_line' id='line_1_78' title="bbox 1164 3899 1455 3973; baseline -0.003 -13"><span class='ocrx_word' id='word_1_388' title='bbox 1164 3899 1198 3960; x_wconf 90' lang='lat' dir='ltr'>et</span> <span class='ocrx_word' id='word_1_389' title='bbox 1214 3899 1455 3973; x_wconf 71' lang='lat' dir='ltr'>prepositum.</span> 
     </span>
    </p>
   </div>
   <div class='ocr_carea' id='block_1_17' title="bbox 1225 4011 1402 4085">
    <p class='ocr_par' dir='ltr' id='par_1_18' title="bbox 1225 4011 1402 4085">
     <span class='ocr_line' id='line_1_79' title="bbox 1225 4011 1402 4085; baseline -0.011 -15"><span class='ocrx_word' id='word_1_390' title='bbox 1225 4013 1243 4070; x_wconf 82' lang='lat' dir='ltr'>s</span> <span class='ocrx_word' id='word_1_391' title='bbox 1254 4011 1305 4085; x_wconf 81' lang='lat' dir='ltr'>ju.</span> <span class='ocrx_word' id='word_1_392' title='bbox 1324 4013 1402 4070; x_wconf 79' lang='lat' dir='ltr'>rare.</span> 
     </span>
    </p>
   </div>
   <div class='ocr_carea' id='block_1_18' title="bbox 980 4118 1642 4264">
    <p class='ocr_par' dir='ltr' id='par_1_19' title="bbox 980 4118 1642 4264">
     <span class='ocr_line' id='line_1_80' title="bbox 980 4118 1642 4182; baseline 0.002 -11"><span class='ocrx_word' id='word_1_393' title='bbox 980 4119 1125 4182; x_wconf 64' lang='lat' dir='ltr'>[wilmus</span> <span class='ocrx_word' id='word_1_394' title='bbox 1138 4118 1325 4169; x_wconf 85' lang='lat' dir='ltr'>Westfalischss</span> <span class='ocrx_word' id='word_1_395' title='bbox 1341 4118 1555 4178; x_wconf 85' lang='lat' dir='ltr'>Urlrendenbuch,</span> <span class='ocrx_word' id='word_1_396' title='bbox 1568 4127 1588 4173; x_wconf 91' lang='lat' dir='ltr'>t.</span> <span class='ocrx_word' id='word_1_397' title='bbox 1600 4121 1642 4179; x_wconf 88' lang='lat' dir='ltr'>lli,</span> 
     </span>
     <span class='ocr_line' id='line_1_81' title="bbox 1210 4198 1414 4264; baseline 0.005 -16"><span class='ocrx_word' id='word_1_398' title='bbox 1210 4213 1235 4262; x_wconf 89' lang='lat' dir='ltr'>p.</span> <span class='ocrx_word' id='word_1_399' title='bbox 1251 4199 1292 4257; x_wconf 84' lang='grc'><strong>117,</strong></span> <span class='ocrx_word' id='word_1_400' title='bbox 1305 4212 1331 4248; x_wconf 87' lang='grc'>1.</span> <span class='ocrx_word' id='word_1_401' title='bbox 1347 4198 1414 4264; x_wconf 81' lang='lat' dir='ltr'>ltu]</span> 
     </span>
    </p>
   </div>
   <div class='ocr_carea' id='block_1_19' title="bbox 971 4305 1653 4461">
    <p class='ocr_par' dir='ltr' id='par_1_20' title="bbox 971 4305 1653 4461">
     <span class='ocr_line' id='line_1_82' title="bbox 971 4305 1653 4378; baseline 0.001 -13"><span class='ocrx_word' id='word_1_402' title='bbox 971 4307 1007 4365; x_wconf 89' lang='lat' dir='ltr'>Ut</span> <span class='ocrx_word' id='word_1_403' title='bbox 1020 4305 1148 4364; x_wconf 81' lang='lat' dir='ltr'>ecclesias</span> <span class='ocrx_word' id='word_1_404' title='bbox 1162 4305 1369 4375; x_wconf 74' lang='lat' dir='ltr'>trajectenses,</span> <span class='ocrx_word' id='word_1_405' title='bbox 1385 4313 1501 4378; x_wconf 90' lang='lat' dir='ltr'>propter</span> <span class='ocrx_word' id='word_1_406' title='bbox 1513 4305 1653 4366; x_wconf 89' lang='lat' dir='ltr'>bonomm</span> 
     </span>
     <span class='ocr_line' id='line_1_83' title="bbox 1072 4392 1555 4461; baseline -0.004 -9"><span class='ocrx_word' id='word_1_407' title='bbox 1072 4392 1266 4461; x_wconf 88' lang='lat' dir='ltr'>donationem,</span> <span class='ocrx_word' id='word_1_408' title='bbox 1287 4407 1344 4451; x_wconf 92' lang='lat' dir='ltr'>nou</span> <span class='ocrx_word' id='word_1_409' title='bbox 1360 4393 1555 4453; x_wconf 86' lang='lat' dir='ltr'>molestentur.</span> 
     </span>
    </p>
   </div>
   <div class='ocr_carea' id='block_1_20' title="bbox 951 4510 1713 4589">
    <p class='ocr_par' dir='ltr' id='par_1_21' title="bbox 951 4510 1713 4589">
     <span class='ocr_line' id='line_1_84' title="bbox 951 4510 1713 4589; baseline 0 -14"><span class='ocrx_word' id='word_1_410' title='bbox 951 4510 1160 4575; x_wconf 89' lang='lat' dir='ltr'>Venerabilis</span> <span class='ocrx_word' id='word_1_411' title='bbox 1180 4510 1284 4573; x_wconf 90' lang='lat' dir='ltr'>frater</span> <span class='ocrx_word' id='word_1_412' title='bbox 1298 4511 1412 4572; x_wconf 87' lang='lat' dir='ltr'>noster</span> <span class='ocrx_word' id='word_1_413' title='bbox 1432 4511 1606 4589; x_wconf 88' lang='lat' dir='ltr'>episcopus</span> <span class='ocrx_word' id='word_1_414' title='bbox 1628 4516 1713 4575; x_wconf 81' lang='lat' dir='ltr'>&#39;lra-</span> 
     </span>
    </p>
   </div>
   <div class='ocr_carea' id='block_1_21' title="bbox 45 4608 1711 5579">
    <p class='ocr_par' dir='ltr' id='par_1_22' title="bbox 45 4608 1711 5579">
     <span class='ocr_line' id='line_1_85' title="bbox 95 4608 1711 4690; baseline 0.003 -21"><span class='ocrx_word' id='word_1_415' title='bbox 95 4610 239 4669; x_wconf 83' lang='lat' dir='ltr'>Honorius</span> <span class='ocrx_word' id='word_1_416' title='bbox 253 4617 285 4668; x_wconf 92' lang='lat' dir='ltr'>ut</span> <span class='ocrx_word' id='word_1_417' title='bbox 301 4625 402 4668; x_wconf 84' lang='lat' dir='ltr'>omnes</span> <span class='ocrx_word' id='word_1_418' title='bbox 416 4611 457 4669; x_wconf 91' lang='lat' dir='ltr'>illi</span> <span class='ocrx_word' id='word_1_419' title='bbox 473 4613 777 4671; x_wconf 85' lang='lat' dir='ltr'>excommunicationis</span> <span class='ocrx_word' id='word_1_420' title='bbox 792 4615 855 4672; x_wconf 88' lang='lat' dir='ltr'>vin·</span> <span class='ocrx_word' id='word_1_421' title='bbox 908 4610 1068 4690; x_wconf 89' lang='lat' dir='ltr'>jectensis</span> <span class='ocrx_word' id='word_1_422' title='bbox 1085 4609 1239 4686; x_wconf 85' lang='lat' dir='ltr'>exposuit</span> <span class='ocrx_word' id='word_1_423' title='bbox 1257 4623 1370 4669; x_wconf 92' lang='lat' dir='ltr'>coram</span> <span class='ocrx_word' id='word_1_424' title='bbox 1395 4608 1501 4680; x_wconf 88' lang='lat' dir='ltr'>nobis,</span> <span class='ocrx_word' id='word_1_425' title='bbox 1525 4611 1610 4687; x_wconf 91' lang='lat' dir='ltr'>quod</span> <span class='ocrx_word' id='word_1_426' title='bbox 1635 4627 1711 4674; x_wconf 89' lang='lat' dir='ltr'>cum</span> 
     </span>
     <span class='ocr_line' id='line_1_86' title="bbox 95 4697 1710 4784; baseline -0.002 -10"><span class='ocrx_word' id='word_1_427' title='bbox 95 4697 423 4774; x_wconf 64' lang='lat' dir='ltr'>⁰¹¹¹⁰0⁰¹¹⁸¹f5⁰8⁸⁰¹¹¹l··</span> <span class='ocrx_word' id='word_1_428' title='bbox 912 4708 1065 4771; x_wconf 89' lang='lat' dir='ltr'>canonici</span> <span class='ocrx_word' id='word_1_429' title='bbox 1087 4709 1120 4768; x_wconf 88' lang='lat' dir='ltr'>et</span> <span class='ocrx_word' id='word_1_430' title='bbox 1144 4705 1204 4767; x_wconf 88' lang='lat' dir='ltr'>alii</span> <span class='ocrx_word' id='word_1_431' title='bbox 1228 4706 1342 4767; x_wconf 92' lang='lat' dir='ltr'>clerici</span> <span class='ocrx_word' id='word_1_432' title='bbox 1360 4707 1628 4784; x_wconf 79' lang='lat' dir='ltr'>&#39;trajectensibus</span> <span class='ocrx_word' id='word_1_433' title='bbox 1650 4725 1710 4770; x_wconf 92' lang='lat' dir='ltr'>ec-</span> 
     </span>
     <span class='ocr_line' id='line_1_87' title="bbox 99 4804 1711 4885; baseline 0.001 -17"><span class='ocrx_word' id='word_1_434' title='bbox 99 4807 267 4870; x_wconf 90' lang='lat' dir='ltr'>Honorius</span> <span class='ocrx_word' id='word_1_435' title='bbox 295 4807 519 4885; x_wconf 88' lang='lat' dir='ltr'>episeopus...,</span> <span class='ocrx_word' id='word_1_436' title='bbox 552 4809 735 4872; x_wconf 80' lang='lat' dir='ltr'>venerabili</span> <span class='ocrx_word' id='word_1_437' title='bbox 762 4810 857 4873; x_wconf 89' lang='lat' dir='ltr'>fratri</span> <span class='ocrx_word' id='word_1_438' title='bbox 912 4806 1024 4868; x_wconf 90' lang='lat' dir='ltr'>clesiis</span> <span class='ocrx_word' id='word_1_439' title='bbox 1040 4821 1099 4882; x_wconf 89' lang='lat' dir='ltr'>pro</span> <span class='ocrx_word' id='word_1_440' title='bbox 1114 4804 1300 4866; x_wconf 93' lang='lat' dir='ltr'>animarum</span> <span class='ocrx_word' id='word_1_441' title='bbox 1321 4819 1457 4865; x_wconf 90' lang='lat' dir='ltr'>suarum</span> <span class='ocrx_word' id='word_1_442' title='bbox 1475 4805 1583 4868; x_wconf 91' lang='lat' dir='ltr'>salute</span> <span class='ocrx_word' id='word_1_443' title='bbox 1596 4807 1711 4883; x_wconf 89' lang='lat' dir='ltr'>legant</span> 
     </span>
     <span class='ocr_line' id='line_1_88' title="bbox 56 4902 1711 4992; baseline 0.001 -26"><span class='ocrx_word' id='word_1_444' title='bbox 56 4905 172 4966; x_wconf 89' lang='lat' dir='ltr'>nostro</span> <span class='ocrx_word' id='word_1_445' title='bbox 186 4905 343 4982; x_wconf 89' lang='lat' dir='ltr'>episcopo</span> <span class='ocrx_word' id='word_1_446' title='bbox 359 4903 416 4985; x_wconf 88' lang='lat' dir='ltr'>(c),</span> <span class='ocrx_word' id='word_1_447' title='bbox 433 4907 466 4967; x_wconf 91' lang='lat' dir='ltr'>et</span> <span class='ocrx_word' id='word_1_448' title='bbox 484 4906 614 4968; x_wconf 90' lang='lat' dir='ltr'>dilectis</span> <span class='ocrx_word' id='word_1_449' title='bbox 630 4907 709 4969; x_wconf 88' lang='lat' dir='ltr'>filiis</span> <span class='ocrx_word' id='word_1_450' title='bbox 729 4908 857 4971; x_wconf 91' lang='lat' dir='ltr'>cantori</span> <span class='ocrx_word' id='word_1_451' title='bbox 913 4905 1024 4981; x_wconf 90' lang='lat' dir='ltr'>aliqua</span> <span class='ocrx_word' id='word_1_452' title='bbox 1049 4902 1136 4964; x_wconf 93' lang='lat' dir='ltr'>bona</span> <span class='ocrx_word' id='word_1_453' title='bbox 1163 4918 1250 4992; x_wconf 63' lang='lat' dir='ltr'>sua,</span> <span class='ocrx_word' id='word_1_454' title='bbox 1263 4902 1410 4979; x_wconf 88' lang='lat' dir='ltr'>ipsorum</span> <span class='ocrx_word' id='word_1_455' title='bbox 1435 4905 1568 4979; x_wconf 91' lang='lat' dir='ltr'>cognati</span> <span class='ocrx_word' id='word_1_456' title='bbox 1590 4907 1623 4968; x_wconf 88' lang='lat' dir='ltr'>et</span> <span class='ocrx_word' id='word_1_457' title='bbox 1650 4906 1711 4968; x_wconf 85' lang='lat' dir='ltr'>alii</span> 
     </span>
     <span class='ocr_line' id='line_1_89' title="bbox 58 5000 1710 5079; baseline 0.001 -15"><span class='ocrx_word' id='word_1_458' title='bbox 58 5005 94 5064; x_wconf 88' lang='lat' dir='ltr'>et</span> <span class='ocrx_word' id='word_1_459' title='bbox 111 5002 269 5079; x_wconf 89' lang='lat' dir='ltr'>magistro</span> <span class='ocrx_word' id='word_1_460' title='bbox 284 5001 430 5064; x_wconf 86' lang='lat' dir='ltr'>scholari</span> <span class='ocrx_word' id='word_1_461' title='bbox 443 5003 552 5066; x_wconf 85' lang='lat' dir='ltr'>luello</span> <span class='ocrx_word' id='word_1_462' title='bbox 568 5006 740 5078; x_wconf 90' lang='lat' dir='ltr'>canonico,</span> <span class='ocrx_word' id='word_1_463' title='bbox 757 5007 859 5068; x_wconf 87' lang='lat' dir='ltr'>Ceno-</span> <span class='ocrx_word' id='word_1_464' title='bbox 911 5001 1133 5079; x_wconf 68' lang='lat' dir='ltr'>trajectensis</span> <span class='ocrx_word' id='word_1_465' title='bbox 1148 5000 1301 5063; x_wconf 90' lang='lat' dir='ltr'>dioecesis</span> <span class='ocrx_word' id='word_1_466' title='bbox 1316 5000 1507 5078; x_wconf 88' lang='lat' dir='ltr'>hujusmodi</span> <span class='ocrx_word' id='word_1_467' title='bbox 1522 5001 1630 5079; x_wconf 89' lang='lat' dir='ltr'>legata</span> <span class='ocrx_word' id='word_1_468' title='bbox 1646 5003 1710 5066; x_wconf 91' lang='lat' dir='ltr'>im-</span> 
     </span>
     <span class='ocr_line' id='line_1_90' title="bbox 57 5098 1709 5177; baseline 0.002 -15"><span class='ocrx_word' id='word_1_469' title='bbox 57 5100 285 5171; x_wconf 90' lang='lat' dir='ltr'>manensihus,</span> <span class='ocrx_word' id='word_1_470' title='bbox 301 5102 363 5162; x_wconf 89' lang='lat' dir='ltr'>etc.</span> <span class='ocrx_word' id='word_1_471' title='bbox 913 5100 1026 5177; x_wconf 88' lang='lat' dir='ltr'>pedire</span> <span class='ocrx_word' id='word_1_472' title='bbox 1055 5099 1259 5175; x_wconf 85' lang='lat' dir='ltr'>praesumunt</span> <span class='ocrx_word' id='word_1_473' title='bbox 1289 5098 1324 5158; x_wconf 94' lang='lat' dir='ltr'>in</span> <span class='ocrx_word' id='word_1_474' title='bbox 1352 5098 1538 5160; x_wconf 87' lang='lat' dir='ltr'>animarum</span> <span class='ocrx_word' id='word_1_475' title='bbox 1573 5117 1709 5165; x_wconf 89' lang='lat' dir='ltr'>suarum</span> 
     </span>
     <span class='ocr_line' id='line_1_91' title="bbox 101 5196 1710 5277; baseline 0.004 -19"><span class='ocrx_word' id='word_1_476' title='bbox 101 5199 212 5274; x_wconf 84' lang='lat' dir='ltr'>Usque</span> <span class='ocrx_word' id='word_1_477' title='bbox 235 5196 317 5258; x_wconf 90' lang='lat' dir='ltr'>adeo</span> <span class='ocrx_word' id='word_1_478' title='bbox 337 5198 408 5273; x_wconf 88' lang='lat' dir='ltr'>jam</span> <span class='ocrx_word' id='word_1_479' title='bbox 432 5199 618 5275; x_wconf 87' lang='lat' dir='ltr'>praevaluit,</span> <span class='ocrx_word' id='word_1_480' title='bbox 648 5200 857 5277; x_wconf 87' lang='lat' dir='ltr'>exigentibus</span> <span class='ocrx_word' id='word_1_481' title='bbox 913 5198 1096 5275; x_wconf 87' lang='lat' dir='ltr'>periculum</span> <span class='ocrx_word' id='word_1_482' title='bbox 1117 5200 1150 5258; x_wconf 90' lang='lat' dir='ltr'>et</span> <span class='ocrx_word' id='word_1_483' title='bbox 1175 5196 1391 5258; x_wconf 90' lang='lat' dir='ltr'>ecclesiarum</span> <span class='ocrx_word' id='word_1_484' title='bbox 1421 5198 1650 5273; x_wconf 88' lang='lat' dir='ltr'>praejudicium</span> <span class='ocrx_word' id='word_1_485' title='bbox 1677 5206 1710 5264; x_wconf 91' lang='lat' dir='ltr'>et</span> 
     </span>
     <span class='ocr_line' id='line_1_92' title="bbox 58 5294 1710 5377; baseline 0.003 -20"><span class='ocrx_word' id='word_1_486' title='bbox 58 5294 230 5357; x_wconf 84' lang='lat' dir='ltr'>hominurn</span> <span class='ocrx_word' id='word_1_487' title='bbox 247 5295 401 5370; x_wconf 89' lang='lat' dir='ltr'>peccatis,</span> <span class='ocrx_word' id='word_1_488' title='bbox 415 5296 579 5372; x_wconf 88' lang='lat' dir='ltr'>impietas,</span> <span class='ocrx_word' id='word_1_489' title='bbox 592 5298 677 5375; x_wconf 87' lang='lat' dir='ltr'>qnod</span> <span class='ocrx_word' id='word_1_490' title='bbox 691 5297 749 5359; x_wconf 88' lang='lat' dir='ltr'>Dei</span> <span class='ocrx_word' id='word_1_491' title='bbox 765 5314 859 5360; x_wconf 88' lang='lat' dir='ltr'>sanc·</span> <span class='ocrx_word' id='word_1_492' title='bbox 912 5310 1103 5377; x_wconf 62' lang='lat' dir='ltr'>marathon.</span> <span class='ocrx_word' id='word_1_493' title='bbox 1119 5294 1200 5355; x_wconf 87' lang='lat' dir='ltr'>Cum</span> <span class='ocrx_word' id='word_1_494' title='bbox 1220 5294 1322 5371; x_wconf 86' lang='lat' dir='ltr'>igitur</span> <span class='ocrx_word' id='word_1_495' title='bbox 1341 5294 1469 5355; x_wconf 88' lang='lat' dir='ltr'>servari</span> <span class='ocrx_word' id='word_1_496' title='bbox 1490 5294 1632 5361; x_wconf 90' lang='lat' dir='ltr'>debeant</span> <span class='ocrx_word' id='word_1_497' title='bbox 1649 5299 1710 5362; x_wconf 89' lang='lat' dir='ltr'>de-</span> 
     </span>
     <span class='ocr_line' id='line_1_93' title="bbox 45 5391 1709 5468; baseline 0.004 -16"><span class='ocrx_word' id='word_1_498' title='bbox 45 5391 216 5461; x_wconf 79' lang='grc'><strong>11111111,</strong></span> <span class='ocrx_word' id='word_1_499' title='bbox 236 5391 321 5468; x_wconf 93' lang='lat' dir='ltr'>quod</span> <span class='ocrx_word' id='word_1_500' title='bbox 337 5408 465 5467; x_wconf 87' lang='lat' dir='ltr'>magnae</span> <span class='ocrx_word' id='word_1_501' title='bbox 479 5393 557 5455; x_wconf 91' lang='lat' dir='ltr'>olim</span> <span class='ocrx_word' id='word_1_502' title='bbox 570 5393 753 5457; x_wconf 89' lang='lat' dir='ltr'>habebatur</span> <span class='ocrx_word' id='word_1_503' title='bbox 768 5412 858 5458; x_wconf 88' lang='lat' dir='ltr'>reve-</span> <span class='ocrx_word' id='word_1_504' title='bbox 912 5393 1098 5456; x_wconf 87' lang='lat' dir='ltr'>cedentium</span> <span class='ocrx_word' id='word_1_505' title='bbox 1130 5392 1276 5468; x_wconf 86' lang='lat' dir='ltr'>legitime</span> <span class='ocrx_word' id='word_1_506' title='bbox 1304 5392 1509 5467; x_wconf 87' lang='lat' dir='ltr'>voluntates,</span> <span class='ocrx_word' id='word_1_507' title='bbox 1543 5412 1603 5457; x_wconf 90' lang='lat' dir='ltr'>nos</span> <span class='ocrx_word' id='word_1_508' title='bbox 1636 5396 1709 5458; x_wconf 92' lang='lat' dir='ltr'>dis-</span> 
     </span>
     <span class='ocr_line' id='line_1_94' title="bbox 57 5489 1709 5579; baseline 0.003 -28"><span class='ocrx_word' id='word_1_509' title='bbox 57 5490 189 5561; x_wconf 88' lang='lat' dir='ltr'>reutiee,</span> <span class='ocrx_word' id='word_1_510' title='bbox 210 5490 433 5562; x_wconf 87' lang='lat' dir='ltr'>conculcatur,</span> <span class='ocrx_word' id='word_1_511' title='bbox 451 5495 483 5553; x_wconf 91' lang='lat' dir='ltr'>et</span> <span class='ocrx_word' id='word_1_512' title='bbox 498 5492 582 5571; x_wconf 89' lang='lat' dir='ltr'>quod</span> <span class='ocrx_word' id='word_1_513' title='bbox 599 5494 760 5579; x_wconf 83' lang='lat' dir='ltr'>ampliare</span> <span class='ocrx_word' id='word_1_514' title='bbox 774 5511 856 5572; x_wconf 90' lang='lat' dir='ltr'>pos·</span> <span class='ocrx_word' id='word_1_515' title='bbox 911 5492 1040 5554; x_wconf 81' lang='lat' dir='ltr'>tristius</span> <span class='ocrx_word' id='word_1_516' title='bbox 1062 5489 1261 5561; x_wconf 86' lang='lat' dir='ltr'>inhibentes,</span> <span class='ocrx_word' id='word_1_517' title='bbox 1278 5505 1320 5550; x_wconf 89' lang='lat' dir='ltr'>ne</span> <span class='ocrx_word' id='word_1_518' title='bbox 1340 5490 1414 5567; x_wconf 92' lang='lat' dir='ltr'>quis</span> <span class='ocrx_word' id='word_1_519' title='bbox 1435 5492 1597 5555; x_wconf 83' lang='lat' dir='ltr'>ecclesias</span> <span class='ocrx_word' id='word_1_520' title='bbox 1618 5494 1709 5571; x_wconf 88' lang='lat' dir='ltr'>ipsas</span> 
     </span>
    </p>
   </div>
   <div class='ocr_carea' id='block_1_22' title="bbox 96 5638 1566 5823">
    <p class='ocr_par' dir='ltr' id='par_1_23' title="bbox 96 5638 1566 5823">
     <span class='ocr_line' id='line_1_95' title="bbox 96 5638 1529 5716; baseline 0.003 -22"><span class='ocrx_word' id='word_1_521' title='bbox 96 5638 399 5714; x_wconf 75' lang='lat' dir='ltr'>(ntssiraldodeCros.</span> <span class='ocrx_word' id='word_1_522' title='bbox 434 5640 472 5715; x_wconf 86' lang='grc'>(1)</span> <span class='ocrx_word' id='word_1_523' title='bbox 487 5642 608 5700; x_wconf 86' lang='lat' dir='ltr'>llerveo.</span> <span class='ocrx_word' id='word_1_524' title='bbox 640 5641 854 5716; x_wconf 77' lang='grc'><strong>(1))111111111.</strong></span> <span class='ocrx_word' id='word_1_525' title='bbox 948 5640 990 5716; x_wconf 84' lang='lat' dir='ltr'>(d)</span> <span class='ocrx_word' id='word_1_526' title='bbox 1009 5642 1085 5700; x_wconf 85' lang='lat' dir='ltr'>Petri</span> <span class='ocrx_word' id='word_1_527' title='bbox 1098 5641 1260 5700; x_wconf 82' lang='lat' dir='ltr'>ltrocensis.</span> <span class='ocrx_word' id='word_1_528' title='bbox 1300 5638 1337 5716; x_wconf 83' lang='lat' dir='ltr'>(e)</span> <span class='ocrx_word' id='word_1_529' title='bbox 1358 5640 1529 5714; x_wconf 82' lang='lat' dir='ltr'>Stephanus.</span> 
     </span>
     <span class='ocr_line' id='line_1_96' title="bbox 186 5766 1566 5823; baseline 0.004 -5"><span class='ocrx_word' id='word_1_530' title='bbox 186 5777 299 5821; x_wconf 75' lang='lat' dir='ltr'>strunt.</span> <span class='ocrx_word' id='word_1_531' title='bbox 318 5778 390 5820; x_wconf 84' lang='lat' dir='ltr'>rone</span> <span class='ocrx_word' id='word_1_532' title='bbox 406 5766 440 5821; x_wconf 92' lang='lat' dir='ltr'>ll.</span> <span class='ocrx_word' id='word_1_533' title='bbox 1532 5766 1566 5823; x_wconf 76' lang='lat' dir='ltr'>il</span> 
     </span>
    </p>
   </div>
   <div class='ocr_carea' id='block_1_23' title="bbox 0 0 1906 6164">
    <p class='ocr_par' dir='ltr' id='par_1_24' title="bbox 0 0 1906 6164">
     <span class='ocr_line' id='line_1_97' title="bbox 0 0 1906 6164; baseline 0 0"><span class='ocrx_word' id='word_1_534' title='bbox 0 0 1906 6164; x_wconf 95' lang='lat' dir='ltr'> </span> 
     </span>
    </p>
   </div>
  </div>
 </body>
</html>
