3802 6166
573 682 823 809 LIBER
885 684 1315 813 SECUNDUS

344 1118 403 1177 DE
439 1117 656 1178 SECUNDO
689 1115 893 1177 HONORII
926 1116 981 1175 ΙΙΙ
1015 1117 1368 1181 PONTIEIGATUS
1401 1119 1543 1181 ANNO.

157 1354 275 1411 lionoril
290 1356 330 1412 111
346 1356 429 1424 votis,
442 1361 501 1411 tam
514 1355 543 1411 in
555 1355 670 1411 Oriente
685 1368 772 1426 qnam
792 1353 821 1409 in
836 1352 919 1411 Occi·

121 1448 220 1519 dente,
237 1459 358 1509 aventus
378 1451 472 1509 bellici
494 1453 564 1509 satis
583 1451 757 1524 respondere
767 1451 822 1509 visi
843 1456 918 1507 sunt.

124 1548 209 1616 Nam,
234 1555 266 1605 ut
289 1548 349 1621 ipse
371 1551 421 1617 ait,
443 1549 633 1606 Orientalibus
653 1549 806 1606 scribens:
834 1549 922 1620 «lpse

122 1645 262 1702 Dominus
275 1645 335 1717 jam
360 1646 426 1704 lecit
445 1646 593 1704 nobiscum
614 1647 729 1719 signum
752 1646 781 1701 in
802 1644 918 1711 bouum,

123 1743 333 1815 crucesignatis
352 1759 402 1815 per
428 1745 596 1817 Hispaniam
618 1742 844 1809 transeuntibus,
864 1756 921 1797 non

65 1866 69 1875 ,
123 1838 216 1895 solum
237 1840 438 1897 miraculosam
465 1841 615 1899 tribuendo
637 1841 798 1907 victoriam,
818 1851 920 1898 verum

122 1936 209 1993 etiam
228 1936 291 1994 illos
312 1939 499 2010 quorumdam
515 1940 679 1996 ostensione
697 1941 846 2012 signorum
866 1940 920 1995 mi·

120 2032 528 2093 sericorditeroouicrtando.»
552 2038 593 2093 ilc
605 2037 723 2093 victoria
734 2036 922 2108 loquitursibi

122 2132 251 2188 nuntiata
274 2147 359 2205 quam
378 2134 406 2191 in
424 2134 567 2191 Lusitania
586 2134 778 2207 crucesignati
792 2142 921 2206 reporta·

121 2236 233 2298 verant,
245 2238 343 2288 contra
351 2231 618 2288 blahunretauorum
631 2232 773 2289 exereitus
782 2246 817 2287 ex
827 2229 920 2289 hirica

122 2335 317 2399 erumpentes.
338 2331 373 2385 Et
396 2328 497 2385 eodem
513 2328 572 2386 lere
587 2335 727 2401 tempore,
747 2343 783 2385 ex
797 2331 922 2402 AEgypto

123 2422 158 2480 sd
182 2425 273 2497 ipsum
296 2426 397 2483 littero
421 2441 579 2499 pervenere
596 2426 725 2483 diceutes
740 2425 921 2484 Pelusiacum

123 2520 247 2579 Pharum
263 2537 280 2578 a
299 2521 466 2580 Christianis
480 2523 614 2591 obsideri,
630 2530 658 2580 et
684 2523 842 2580 bamiatam
857 2538 922 2581 esse

124 2617 253 2690 proximo
277 2619 426 2677 obsidione
452 2620 670 2689 circumdatam,
701 2635 755 2692 qna
775 2628 869 2694 capta,
891 2629 922 2678 ut

122 2729 191 2787 spes
215 2725 285 2785 erat,
312 2724 370 2774 tota
384 2718 464 2790 regio
491 2718 673 2775 inditionem
693 2721 812 2775 veniret.
841 2718 922 2777 Unde

123 2812 339 2886 archiepiscopo
363 2816 522 2871 senonensi
548 2816 690 2871 lionorius
712 2814 775 2872 hec
802 2815 919 2874 scribit:

125 2930 137 2959 ι
152 2912 222 2968 item
237 2925 394 2983 aggressus
406 2919 449 2969 est
461 2913 603 2969 exercitus
613 2911 786 2969 christianus
798 2914 923 2971 earisteus

122 3005 153 3062 in
166 3006 292 3078 partibus
303 3010 511 3077 transmarinis,
527 3010 618 3081 inqua
633 3010 765 3067 consistit
779 3018 827 3067 aut
838 3012 921 3082 plena

122 3104 241 3161 victoria
257 3113 305 3162 ant
315 3106 447 3163 vincendi
460 3107 621 3180 desperatio
631 3106 781 3165 manifesta
792 3123 801 3177 ;
812 3107 923 3166 obsedit

123 3202 200 3258 enim
212 3203 370 3260 Damiataru
381 3204 525 3261 civitatem
535 3206 699 3277 opulentam
713 3213 742 3263 et
751 3220 920 3278 maguam..

159 3298 282 3357 Dederat
306 3301 436 3359 Pontifex
465 3302 584 3375 Pelagio
607 3302 763 3360 hibanensi
786 3304 922 3375 episcopo

122 3394 211 3470 legati
224 3413 328 3456 munus
340 3398 565 3472 adimplendum,
581 3399 633 3456 sed
645 3400 681 3457 ad
692 3399 920 3457 concionandum

123 3495 240 3552 miserat
255 3496 298 3554 tit.
315 3498 343 3555 S.
360 3497 496 3570 Stephani
511 3499 538 3553 in
559 3497 646 3556 Coelia
659 3505 756 3555 monte
779 3496 922 3570 presbyte-

123 3607 185 3649 rum
207 3593 392 3663 cardinalem,
419 3596 564 3668 sapienter
585 3595 740 3667 providens
762 3609 798 3652 ne
825 3596 921 3667 populi

122 3688 269 3747 christiani
281 3698 396 3763 peccata
411 3691 587 3765 praepediant
598 3692 674 3764 qnod
686 3692 721 3748 de
737 3693 787 3749 Dei
805 3692 922 3749 misera·

122 3788 201 3845 tione
214 3788 340 3845 conlisus
355 3790 452 3847 nititur
465 3789 603 3847 obtinere.
621 3790 702 3849 Unde
717 3805 829 3847 morum
841 3788 923 3846 elire-

122 3885 211 3953 natio,
224 3886 453 3959 intemperantia,
469 3886 566 3954 libido,
582 3887 628 3944 vel
647 3887 768 3961 flagitia,
782 3887 876 3958 siqua
893 3887 921 3942 in

123 3979 169 4039 his
181 3983 409 4054 expeditionibus
421 3982 492 4042 forte
507 3984 718 4053 exoriebautur,
738 3984 816 4041 nullo
837 3982 922 4041 modo

124 4080 153 4137 S.
167 4078 235 4137 sedi
246 4088 312 4137 snut
324 4080 489 4151 tribuenda,
504 4097 568 4154 qua
585 4080 921 4153 nihilunquamomiserit

123 4184 154 4234 ut
168 4191 269 4233 omues
277 4177 313 4234 ad
327 4179 439 4250 pietatis
451 4195 539 4252 opere
551 4181 720 4236 excitentur.

158 4275 295 4347 Princeps
310 4276 398 4347 Epiri,
411 4276 577 4334 Theodorus
590 4278 763 4336 Corumenus
778 4276 826 4347 qui
841 4276 923 4348 legn-

124 4378 184 4430 tum
197 4372 239 4429 tit.
265 4372 293 4429 S.
311 4373 447 4430 Praxedis
464 4377 615 4442 loannem,
638 4388 714 4431 anno
737 4372 919 4446 precedenti,

124 4469 155 4527 in
169 4469 290 4527 vinculis
314 4477 454 4541 tenuerat,
475 4472 583 4528 illurna
606 4472 770 4544 captivitate
794 4469 924 4527 liberavit

124 4574 153 4623 et
166 4566 333 4625 schismatis
351 4582 437 4640 opera
460 4567 599 4640 abjiciens
620 4569 649 4624 iu
672 4569 877 4642 protectionem
894 4568 921 4625 S.

125 4663 207 4722 Sedis
217 4666 361 4738 recipitur.
377 4666 479 4737 sicque
492 4666 589 4722 omnia
605 4666 730 4722 Honorio
750 4663 922 4722 arridebant.

125 4762 304 4832 lsloannes,
321 4778 337 4819 a
352 4762 501 4820 Theodoro
520 4762 667 4828 dimissus,
683 4764 922 4835 Constantinopo-

125 4858 176 4916 lim
190 4862 285 4934 pergit
298 4860 355 4928 ubi,
373 4860 522 4919 Pontificia
540 4862 708 4918 auctoritate
723 4861 811 4918 multa
828 4861 858 4917 in
873 4859 922 4917 bo-

127 4970 195 5013 num
224 4959 375 5025 convertit,
402 4960 513 5017 clericis
540 4956 735 5016 subveniendo
755 4958 803 5029 qni
836 4957 924 5014 multa

128 5054 204 5110 rnala
229 5054 264 5112 ab
281 5056 378 5128 impiis
396 5055 560 5114 homiuibus
588 5056 771 5127 pertulerant,
792 5061 821 5111 et
840 5068 922 5110 sanc·

122 5151 222 5208 tiones
234 5153 419 5209 canonicasa
439 5154 545 5210 Grecis
566 5153 753 5226 pervicaciter
776 5152 925 5225 neglectas

130 5248 201 5321 ipsis
220 5248 403 5321 imponendo,
420 5258 449 5307 ut
462 5250 559 5307 videre
573 5257 618 5307 est
637 5251 666 5307 in
686 5250 783 5318 Quint.
807 5248 926 5319 donrpil.

120 5346 177 5405 lib.
192 5348 215 5413 1,
228 5346 269 5402 tit.
284 5345 345 5416 XX,
359 5362 384 5404 e.
402 5349 428 5417 l,
444 5348 498 5405 col.
516 5348 577 5406 lit.

1014 1353 1074 1409 Hoc
1088 1366 1164 1410 anno
1178 1354 1296 1411 moritur
1314 1354 1344 1411 in
1363 1354 1476 1413 Oriente
1488 1353 1597 1412 nomini
1615 1352 1773 1410 christiano

975 1448 1177 1507 infestissimus
1201 1451 1247 1507 ille
1272 1466 1357 1523 quern
1386 1452 1488 1509 merito
1519 1458 1605 1508 vacat
1632 1450 1771 1507 Honorius

978 1567 989 1597 ι
1005 1547 1203 1619 impiissimum
1218 1548 1368 1605 soldanum
1382 1546 1576 1622 Sephadinum
1596 1548 1771 1620 precipuum

976 1644 1108 1701 malleum
1121 1646 1342 1703 TerrasSanctoe.
1353 1668 1363 1696 ι
1374 1646 1592 1703 linicsuecessit
1608 1645 1638 1701 iu
1649 1647 1770 1716 AEgvpto

976 1740 1239 1800 natet-el-ltamel.
1262 1746 1293 1802 ln
1315 1743 1463 1801 occidente
1485 1744 1610 1800 decessit
1634 1741 1710 1799 Otho
1726 1742 1768 1808 lt,

976 1839 1023 1910 qui
1043 1839 1164 1911 primum
1179 1839 1252 1897 bene
1267 1840 1385 1898 meritus
1399 1838 1434 1897 de
1449 1842 1477 1898 S.
1499 1838 1583 1908 Sede,
1595 1846 1695 1912 postea
1711 1835 1768 1893 lue·

976 1943 1019 1993 rat
1033 1938 1296 1995 excommunicatus
1308 1946 1336 1995 et
1351 1940 1438 1995 vitam
1459 1938 1549 1994 linivit
1565 1937 1637 1994 satis
1651 1936 1768 1992 obscure

976 2033 1005 2091 in
1020 2032 1143 2105 quodam
1158 2035 1284 2093 castello.
1302 2036 1382 2093 lllnrn
1398 2035 1543 2093 devicerat
1558 2034 1708 2106 Philippus
1720 2034 1771 2090 Αι-

976 2138 1077 2205 gustns
1094 2147 1142 2188 rex
1155 2134 1281 2189 Francis
1294 2131 1368 2204 apud
1384 2133 1518 2190 Bovinas.

1012 2228 1068 2286 Sed
1079 2228 1218 2299 Andreas,
1240 2230 1396 2302 ilungariee
1411 2245 1471 2298 res,
1486 2229 1534 2301 qni
1547 2226 1640 2284 luerat
1655 2227 1770 2284 crucesi-

977 2333 1092 2399 gnatus,
1109 2327 1195 2384 etiam
1217 2328 1335 2384 moritur
1354 2326 1410 2384 hoc
1422 2341 1508 2396 anno,
1524 2332 1552 2382 et
1567 2326 1668 2382 Sinrou
1681 2326 1766 2381 blom-

977 2422 1086 2492 lortius,
1114 2423 1162 2497 qni
1192 2424 1325 2481 Tolosani
1350 2422 1509 2492 obsidebat,
1536 2421 1644 2480 athleta
1672 2420 1769 2480 Christi

976 2522 1203 2591 strenuissimus,
1216 2529 1248 2578 ut
1260 2522 1298 2578 ait
1314 2520 1486 2594 llayualdus,
1500 2520 1543 2576 vir
1552 2534 1619 2576 acer
1631 2526 1660 2575 et
1670 2520 1767 2586 alacer,

977 2627 1006 2676 ut
1023 2619 1062 2675 ait
1075 2619 1174 2687 Vallis,
1190 2620 1265 2675 llist.
1281 2619 1375 2689 Aldip.
1399 2618 1560 2675 Amalricus
1586 2617 1662 2673 trtius
1683 2617 1767 2673 llant-

978 2715 1221 2784 lortiosuccessit,
1238 2715 1287 2773 sed
1308 2716 1381 2772 alius
1396 2715 1447 2772 luit
1465 2714 1608 2771 haeretieis
1625 2713 1767 2771 Tolosanis

977 2813 1166 2881 adversarius,
1189 2828 1293 2885 nempe
1307 2813 1453 2885 Philippus
1469 2814 1644 2869 Francomm
1658 2826 1716 2878 rex,
1727 2809 1769 2867 cni·

976 2912 1143 2968 vicesimam
1159 2912 1281 2967 totaliter
1294 2910 1436 2967 Honorius
1448 2910 1591 2966 concessit
1610 2924 1675 2981 qum
1687 2907 1766 2964 debe·

976 3008 1058 3065 batur
1078 3009 1106 3065 in
1125 3007 1283 3066 subsidium
1298 3009 1392 3064 Terrre
1410 3008 1531 3064 Sancte).

1013 3108 1074 3163 lloc
1097 3107 1183 3163 etiarn
1208 3119 1294 3174 auno,
1315 3119 1415 3178 pacem
1439 3103 1620 3162 contirmavit
1636 3102 1770 3161 lionorius

976 3205 1050 3261 inter
1067 3203 1252 3273 Ludovicum,
1264 3206 1437 3260 Francorum
1453 3202 1530 3275 regis
1542 3202 1769 3274 primogenitum,

976 3309 1004 3357 et
1016 3316 1115 3373 regem
1127 3301 1249 3373 Anglite,
1261 3302 1427 3358 Lusitannru
1437 3314 1535 3371 regem
1545 3300 1574 3356 iu
1588 3298 1769 3372 patrocinium

976 3399 1004 3455 S.
1027 3399 1107 3457 Sedis
1126 3400 1267 3470 suscepit,
1294 3414 1359 3455 curn
1390 3397 1533 3455 Ferrnndo
1558 3412 1629 3470 rege
1651 3397 1771 3456 castella

976 3511 1062 3569 super
1077 3497 1218 3553 natalibus
1229 3496 1384 3568 illegitirnis
1405 3495 1581 3568 dispensavit
1596 3501 1628 3550 ut
1645 3493 1772 3566 Legionis

976 3609 1110 3651 coronam
1125 3594 1275 3665 acciperet,
1289 3600 1317 3649 et
1329 3592 1487 3649 Pruthenos
1501 3592 1677 3648 christianos
1691 3591 1773 3648 tuitus

976 3699 1030 3760 est,
1044 3706 1144 3763 quosa
1159 3698 1277 3762 sucepta
1301 3690 1357 3746 ilde
1370 3691 1445 3746 illius
1459 3689 1588 3762 regionis
1604 3690 1711 3762 pagani
1728 3687 1771 3744 ab·

977 3789 1080 3846 ducere
1105 3787 1276 3844 nitebantur.
1301 3788 1404 3845 Contra
1434 3801 1485 3843 eos
1508 3785 1722 3857 expeditionem
1739 3786 1774 3840 in·

976 3886 1046 3943 dixit
1061 3885 1115 3941 illis
1129 3885 1337 3956 crucesignatis
1353 3884 1401 3956 qui
1422 3884 1474 3939 iter
1489 3884 1773 3955 hierosolymitanum

976 3982 1123 4054 suscipere
1141 3996 1197 4037 nou
1213 3988 1355 4054 poteraut

1013 4083 1190 4138 [tumentem
1204 4079 1300 4136 omnia
1318 4092 1454 4151 prospere
1473 4076 1670 4134 succedebant
1691 4078 1718 4133 in
1732 4091 1771 4133 re·

976 4177 1110 4254 gionibus
1124 4184 1152 4234 ct
1167 4178 1249 4235 terris
1264 4192 1281 4233 a
1296 4177 1383 4249 longe
1398 4175 1502 4232 distitis
1517 4175 1546 4231 iu
1562 4174 1693 4247 partibus
1713 4174 1774 4246 ipsis

978 4277 1065 4335 ltaliae
1092 4276 1191 4347 magui
1216 4274 1324 4331 laboris
1344 4281 1406 4330 erat
1427 4272 1523 4329 omnia
1551 4286 1728 4344 componere
1744 4268 1775 4326 ad

977 4374 1094 4431 bonum.
1110 4375 1178 4433 ilaec
1193 4371 1378 4445 Rayaaldus:
1399 4371 1497 4429 Arcuit
1512 4368 1640 4426 ildelium
1656 4383 1778 4427 commu·

978 4472 1064 4527 nione
1077 4470 1281 4538 viterbienses,
1297 4468 1333 4527 ob
1346 4468 1464 4525 allectos
1476 4467 1663 4540 gravissimis
1673 4465 1777 4540 injuriis

979 4570 1075 4625 varios
1090 4568 1310 4633 ecclesiasticos,
1323 4574 1408 4637 atque
1419 4566 1569 4622 Florentiae
1592 4565 1684 4638 episc.
1702 4578 1775 4621 man·

979 4665 1107 4721 davitae
1131 4678 1216 4735 quern
1238 4663 1266 4718 in
1288 4662 1449 4719 clericalem
1477 4662 1609 4720 ordinem
1636 4666 1777 4736 cooptaret

979 4761 1071 4819 donec
1085 4760 1239 4818 Plorantint
1261 4760 1356 4832 legem
1374 4767 1542 4817 revocarent
1557 4776 1645 4831 quarn
1663 4761 1778 4818 tulerant

979 4859 1118 4915 utelerioi
1138 4864 1287 4930 paternam
1314 4855 1510 4914 haereditatem
1535 4855 1615 4913 adiro
1636 4872 1696 4914 non
1721 4870 1777 4930 pos

980 4962 1060 5025 sent;
1075 4955 1214 5028 repressit
1236 4954 1393 5011 Badiouses
1407 4955 1455 5026 qui
1468 4955 1637 5026 episcopum
1653 4970 1736 5011 suum
1755 4953 1778 5008 iu

980 5053 1097 5110 exilium
1110 5059 1230 5125 egerant
1236 5067 1250 5122 ;.
1262 5052 1401 5123 increpuit
1424 5053 1637 5122 Bonorrienses3
1655 5052 1779 5126 objurga·

980 5152 1021 5207 vit
1045 5148 1291 5219 Mediolanensem
1324 5149 1505 5207 Placentinos
1517 5149 1661 5207 intentato
1680 5164 1776 5207 censu·

982 5263 1079 5305 rarum
1103 5254 1211 5304 terrore
1230 5247 1367 5319 perculit..
1387 5249 1454 5304 lime
1474 5254 1503 5304 et
1526 5248 1582 5309 alia
1599 5249 1689 5306 multa
1708 5246 1779 5305 inde

982 5345 1074 5403 lessus
1088 5352 1117 5402 et
1132 5344 1200 5417 vigil
1213 5353 1310 5419 pastor
1325 5344 1381 5403 hoc
1393 5344 1617 5403 anno-absolvit.

811 5565 1096 5583 m
