3802 6166
187 282 244 345 171
645 274 822 340 HONORII
843 276 889 337 111
910 275 1059 337 OPERA.
1074 304 1116 322 -
1130 272 1364 341 SERMONES.
1784 274 1846 335 172

187 440 267 504 runt
281 455 354 503 eam
367 438 455 500 inter
468 436 653 513 angustias,
663 436 741 514 quia
753 434 818 514 ipsi
833 434 987 512 affligunt
1040 448 1088 497 em
1096 438 1167 498 Deo
1178 436 1262 499 estis
1270 436 1303 498 ct
1313 435 1446 498 vicistis
1455 437 1646 512 metianum
1654 432 1683 512 (Ι
1693 435 1792 496 toan.
1803 399 1843 496 η’

187 539 333 602 animam
344 536 485 598 diversis
500 533 734 597 afflictionibus
750 532 883 595 interni.
896 534 985 610 Opus
1041 530 1104 613 13),
1120 533 1208 596 idest
1226 533 1406 605 diabolum,
1427 533 1506 611 quia
1529 532 1648 594 tortior
1666 533 1718 593 est
1735 531 1845 608 quiin

186 636 345 700 vanitatis
358 635 408 696 est
420 633 665 710 hypocritarum
679 632 734 709 qui
745 631 871 693 iaciunt
884 647 984 708 opera
1039 629 1132 692 vohis
1143 632 1204 703 est,
1215 631 1311 703 idest,
1320 631 1482 704 Christus,
1497 646 1597 708 quarn
1606 629 1663 706 qui
1672 629 1706 689 in
1719 628 1843 691 mundo

187 752 259 808 sua,
274 735 309 796 ut
322 732 481 794 Dominus
492 731 539 792 ait
549 730 583 791 in
596 730 786 805 Evangelio,
801 730 837 790 ut
846 729 986 790 videau-
1038 730 1099 799 θεῖ,
1116 728 1201 790 idest
1215 728 1377 790 diabolus.

187 830 297 895 turab
322 829 522 891 hominihus.
540 827 983 903 UndeinEvangeliozAt-
1079 826 1183 887 Aliter
1216 826 1366 887 Christus
1395 828 1446 889 est
1475 825 1509 887 in
1538 824 1646 896 nobis,
1677 841 1778 902 quam
1806 825 1842 887 in

187 929 315 991 tendite
347 942 369 988 n
397 927 569 1001 fermento
599 928 862 987 Pharisaeorum
898 926 985 998 qnod
1039 924 1160 985 mundo
1188 924 1349 985 diabolus.
1379 924 1569 1002 Tripliciter
1597 924 1632 984 in
1658 922 1756 984 nohis
1786 924 1840 985 est

185 1026 236 1089 est
266 1027 456 1099 hypocrisis
481 1022 584 1103 (Luc.
620 1038 688 1094 111,
720 1019 771 1100 1).
800 1021 980 1094 Attendite,
1038 1021 1187 1083 Christus
1204 1038 1211 1077 ι
1229 1037 1288 1099 per
1304 1022 1495 1093 essentiam,
1518 1037 1578 1098 per
1598 1020 1788 1082 doctrinam
1807 1021 1841 1083 θῖ

184 1122 286 1205 idest,
313 1120 476 1183 custodite
501 1136 560 1182 vos
582 1136 602 1182 a
628 1120 800 1181 fermento.
829 1119 912 1191 Quia
936 1119 985 1179 si·
1038 1135 1096 1197 per
1110 1120 1372 1192 sacramentum,
1388 1119 1466 1196 quia
1479 1134 1540 1180 nos
1554 1118 1692 1191 creavit,
1707 1117 1838 1194 guber-

186 1222 242 1283 cut
284 1219 481 1281 termentum
523 1217 705 1295 corrumpit
736 1232 900 1286 massam,
936 1216 983 1277 ita
1037 1216 1096 1279 nat
1123 1216 1156 1279 θῖ
1182 1217 1269 1294 regit
1299 1218 1386 1279 inter
1413 1216 1593 1278 varietates
1621 1217 1654 1278 et
1689 1215 1840 1293 pericula

183 1316 369 1396 hypocrisis
385 1316 567 1392 corrumpit
581 1315 737 1387 animam,
765 1315 852 1376 sicut
879 1316 929 1376 θεῖ
948 1315 981 1375 in
1037 1314 1136 1391 hujus
1157 1314 1282 1385 muudi,
1302 1313 1380 1392 quia
1401 1313 1513 1374 omnia
1537 1328 1597 1390 per
1620 1312 1731 1389 ipsum
1750 1311 1840 1375 tacta

183 1415 397 1491 Evangelio:
424 1416 598 1476 Modicum
632 1414 843 1489 serimentum
876 1413 982 1474 toturn
1037 1412 1124 1481 sunt,
1142 1412 1175 1474 et
1191 1412 1348 1489 siueipso
1363 1411 1549 1473 factumest
1567 1410 1664 1471 nihil.
1682 1411 1769 1482 Quia
1791 1412 1842 1471 si-

182 1528 338 1575 rnnssum
372 1512 567 1585 cornanipu
590 1509 621 1591 (Ι
653 1510 726 1571 Cor.
753 1526 787 1582 r,
815 1508 860 1588 6).
888 1510 982 1571 Nihil

183 1610 273 1672 enim
287 1609 402 1671 valent
413 1608 499 1670 bona
515 1624 616 1685 opera
636 1609 664 1668 si
680 1607 803 1668 luerint
815 1606 857 1668 ah
871 1607 981 1685 hypo-

184 1708 264 1769 crisi
288 1709 454 1783 corrupta.
472 1707 565 1768 Unde
575 1706 700 1768 veritas
715 1706 783 1767 ait:
805 1710 861 1767 Vm
875 1709 979 1778 vohis

181 1809 303 1868 certine
317 1805 351 1866 et
364 1807 539 1866 Pltortsmt
560 1805 757 1878 hypocriten,
781 1806 839 1878 qui
852 1807 981 1865 airrcttes

182 1902 266 1965 estis
279 1904 467 1977 scprctctrts
480 1902 654 1972 dcawotts,
677 1916 753 1975 qttoe
766 1902 854 1974 forts
867 1915 979 1975 oppa-

181 2001 261 2062 rent
271 2003 464 2062 ltorrrtnihus
473 2002 638 2074 speciosa,
650 1999 745 2059 inim
755 1999 872 2061 cutem
878 2004 982 2071 pieria

181 2099 264 2160 rum
277 2101 409 2159 ossibus
422 2098 643 2159 asteriscorum
658 2098 692 2158 et
707 2100 800 2159 omitt
811 2096 981 2171 sptcrcitiu

185 2192 316 2274 (Matth.
334 2211 431 2267 natu,
449 2194 513 2272 13).

223 2293 314 2365 Quod
335 2293 419 2355 bene
441 2290 664 2368 significatum
688 2292 738 2354 θεῖ
762 2290 795 2351 in
811 2289 899 2352 idolo
914 2293 982 2351 Da-

181 2391 291 2463 nielis,
308 2391 393 2468 quod
417 2391 617 2471 intrinsecus
643 2391 716 2452 erat
736 2389 860 2451 luteum
873 2390 906 2450 et
919 2404 981 2449 ex-

94 2522 98 2527 ·
178 2488 343 2550 trinsecus
358 2489 430 2549 orat
440 2504 581 2549 aeneum.
594 2488 695 2549 Recte
708 2487 882 2564 hypocrita
893 2487 981 2547 assi·

180 2585 317 2647 rnilatur
332 2585 430 2647 idolo.
448 2585 531 2657 Quia
550 2585 636 2645 sicut
651 2582 774 2644 idolum
786 2584 944 2645 adoratur
959 2600 978 2644 a

179 2682 345 2759 gentihus,
373 2683 419 2744 ita
442 2682 624 2759 ,hypocrita
652 2682 724 2743 vult
755 2681 913 2742 honorari
938 2680 979 2743 ah

180 2779 382 2841 hominihus.
406 2780 446 2841 Et
469 2779 556 2840 sicut
577 2778 700 2839 idolum
720 2779 770 2839 θεῖ
785 2778 900 2857 imago:
913 2779 978 2839 ho·

179 2877 280 2939 minis
314 2877 386 2938 sine
421 2877 551 2949 anima,
585 2876 632 2938 ita
672 2877 846 2954 hypocrita
880 2875 980 2938 hahet

180 2974 324 3051 speciem
347 2975 532 3036 sanctitatis
570 2975 642 3036 sine
668 2974 851 3036 intentione
880 2973 976 3036 bona.

179 3073 259 3133 Tale
274 3072 397 3134 idolum
417 3073 620 3134 intrinsecus
641 3076 692 3134 θεῖ
712 3072 849 3144 luteum,
870 3074 977 3133 etex-

179 3170 345 3231 triusecus
375 3172 425 3232 est
450 3186 590 3238 aeneum,
618 3171 696 3249 quia
724 3170 897 3247 hypocrita
925 3170 979 3230 in-

55 3266 59 3271 ’
179 3268 344 3330 trinsecus
359 3269 503 3330 occultat
517 3285 611 3330 suam
629 3269 835 3346 spurcitiam,
856 3269 889 3329 θῖ
913 3284 977 3329 ex-

178 3366 345 3428 trinsecus
357 3367 508 3428 ostendet
519 3382 613 3428 suam
623 3366 800 3444 justitiam.
813 3364 977 3447 Etheatus

178 3463 319 3525 Petrus:
334 3466 471 3526 Hisunt
482 3465 678 3539 fontesstne
689 3481 780 3539 equo
797 3467 831 3527 et
849 3469 979 3527 rachium

43 3612 51 3625 .
179 3563 371 3624 turbinibus
386 3564 585 3639 enuqitutoe,
609 3567 730 3637 qrcihus
750 3566 858 3640 cnltpo
880 3565 978 3626 tenc-

177 3661 321 3720 hrnrum
334 3660 539 3721 reserentur
554 3659 599 3738 (ΙΙ
612 3662 682 3721 Ρθῖ.
699 3675 735 3732 11,
751 3659 816 3739 17).

218 3757 374 3833 Sequitur
385 3756 508 3816 :Maria
519 3756 864 3831 Salomegenuitduos
878 3757 975 3829 ulios,

179 3853 308 3914 scilicet
321 3852 480 3916 iacobum
492 3856 524 3916 θῖ
538 3855 711 3915 Joannem.
725 3854 868 3915 lacobus
880 3855 979 3916 inter-

179 3952 329 4027 pretatur
367 3951 597 4027 supplantator
628 3952 661 4013 et
693 3951 861 4028 significat
895 3970 978 4029 opus

179 4048 363 4120 charitatis,
376 4048 473 4117 idest,
490 4048 566 4109 illos
581 4048 637 4125 qui
648 4047 774 4111 iaciunt
788 4066 889 4127 opera
902 4051 979 4112 cha-

179 4145 297 4207 ritatis.
312 4148 359 4207 De
374 4145 492 4222 quihus
509 4146 590 4207 dicit
605 4148 784 4222 Gregorius
802 4151 977 4210 :rBonum

179 4258 258 4319 ergo
270 4260 351 4321 opus
369 4242 464 4304 nohis
475 4244 519 4305 sit
534 4245 570 4304 in
581 4245 763 4318 voluntate,
781 4262 857 4307 nam
870 4264 913 4308 ex
926 4247 979 4307 di-

176 4342 257 4413 ‚vino
286 4342 450 4419 adjutorio
479 4342 543 4403 erit
571 4342 888 4420 inperfectione».
919 4346 977 4406 lsti

179 4441 394 4517 supplantant
414 4456 471 4500 eos
495 4442 552 4516 qui
572 4439 698 4501 iaciunt
724 4457 825 4519 opera
847 4443 976 4519 iniqui-

178 4538 258 4600 tatis
271 4540 304 4600 et
316 4537 484 4608 vanitatis,
500 4538 595 4609 idest,
612 4553 712 4614 opera
723 4540 811 4601 mala
822 4542 855 4602 θῖ
866 4541 976 4618 hypo-

179 4636 292 4697 crisin.
307 4630 365 4696 lsti
380 4634 544 4710 castigant
555 4651 695 4712 corpora
715 4652 786 4706 sua,
801 4640 833 4699 θῖ
849 4639 885 4699 in
905 4655 978 4701 ser-

178 4733 317 4795 vitutem
327 4733 482 4809 redigunt
493 4732 528 4793 in
544 4732 656 4793 multis
671 4733 704 4794 et
719 4734 822 4796 variis
835 4735 978 4798 tribula-

1036 1512 1093 1570 cut
1107 1509 1187 1571 dicit
1200 1509 1377 1587 Apostolus
1392 1531 1400 1569 :
1414 1512 1493 1572 Non
1502 1509 1554 1570 est
1567 1508 1712 1569 potentis
1728 1522 1840 1582 neque

1035 1609 1211 1670 merrentis
1222 1611 1282 1669 scu
1293 1610 1358 1668 Dei
1368 1608 1569 1668 miserentis
1580 1603 1690 1685 (Rom.
1708 1620 1757 1677 rx,
1771 1605 1838 1684 16).

1036 1706 1076 1767 Et
1101 1704 1178 1766 licet
1205 1704 1327 1765 absens
1357 1719 1495 1781 corpore
1523 1703 1696 1773 videatur,
1722 1704 1836 1764 minen

1036 1818 1183 1880 praeseus
1215 1803 1266 1864 est
1291 1818 1352 1880 per
1381 1802 1603 1873 divinitatem,
1634 1801 1713 1877 quia
1745 1803 1837 1862 Deus

1036 1916 1182 1977 praeseus
1209 1902 1259 1961 θεῖ
1284 1916 1350 1960 uon
1379 1900 1486 1960 solum
1520 1898 1748 1976 potentialiter
1776 1899 1835 1960 sed

1035 1998 1135 2060 etiam
1148 1997 1382 2070 essentialiter,
1400 1998 1485 2058 sicut
1500 1997 1622 2058 dicitur
1634 1997 1669 2057 in
1682 1997 1813 2073 psalmo
1826 2018 1834 2058 :

1034 2099 1072 2159 St
1085 2099 1272 2158 ascaridero
1286 2099 1323 2157 tn
1337 2100 1459 2157 coetum
1475 2097 1512 2157 tu
1527 2097 1593 2156 iilic
1606 2109 1653 2167 es,
1671 2095 1705 2156 et
1714 2098 1747 2155 st
1760 2098 1838 2156 ctes-

1033 2196 1181 2256 cendero
1194 2197 1231 2254 tn
1251 2195 1431 2267 infernum
1452 2196 1534 2255 odes
1550 2191 1624 2272 (Ps.
1648 2193 1698 2261 13,
1723 2191 1770 2270 8).
1794 2194 1838 2255 at

1034 2291 1097 2353 hoc
1112 2290 1209 2352 modo
1224 2291 1323 2353 estin
1339 2290 1428 2351 omni
1444 2291 1609 2352 creatura.
1625 2292 1691 2351 Per
1708 2290 1839 2353 doctri-

1034 2404 1123 2461 nam,
1134 2388 1212 2465 quia
1228 2403 1289 2449 nos
1308 2403 1368 2465 per
1382 2388 1581 2464 scripturam
1600 2386 1748 2464 quotidie
1769 2388 1837 2450 do-

1034 2487 1087 2548 cet
1107 2489 1198 2548 recte
1216 2486 1341 2548 vivere.
1358 2487 1398 2547 Et
1412 2486 1475 2547 hoc
1490 2485 1586 2548 modo
1601 2487 1652 2547 est
1667 2485 1702 2546 in
1723 2485 1839 2546 homi-

1034 2584 1143 2645 nihus.
1157 2584 1250 2646 Unde
1260 2584 1453 2661 Apostolus:
1464 2586 1690 2657 Quaecumque
1699 2585 1837 2659 scriptu

1033 2683 1124 2753 sani,
1147 2685 1192 2744 od
1211 2683 1367 2744 nostram
1388 2683 1582 2743 doctrinam
1604 2681 1837 2755 temptarunt

1035 2777 1143 2858 (Rom.
1164 2796 1220 2848 xv,
1243 2776 1288 2859 4).
1316 2781 1356 2841 at
1375 2781 1522 2841 Joannes
1546 2779 1581 2839 in
1609 2779 1835 2855 Apocalypsi:

1038 2881 1112 2939 Vidi
1135 2881 1171 2938 tn
1191 2880 1340 2940 dexteru
1361 2879 1513 2939 sedentis
1535 2892 1643 2952 serpen
1666 2879 1834 2939 thronum

1032 2980 1157 3039 illerum
1171 2976 1340 3051 scriptum
1354 2976 1591 3050 numitoris
1605 2973 1721 3055 (Apoc.
1735 2992 1767 3049 v,
1787 2973 1832 3053 1).

1034 3075 1098 3135 lste
1113 3073 1199 3134 liber
1211 3088 1308 3151 quein
1323 3073 1406 3136 vidit
1420 3075 1577 3146 JoanueS,
1595 3073 1764 3149 siguificat
1778 3074 1835 3133 di-

1032 3172 1144 3232 vinam
1165 3173 1375 3248 scripturam.
1400 3172 1462 3244 Qui
1488 3171 1624 3233 sedehat
1649 3172 1684 3232 iu
1710 3172 1834 3234 throno

1032 3272 1082 3331 θεῖ
1095 3272 1183 3331 Deus
1198 3271 1307 3342 Pater,
1324 3270 1382 3347 qui
1392 3271 1509 3345 regnat
1523 3269 1557 3329 in
1571 3270 1665 3331 coelo.
1680 3272 1756 3347 Ipse
1771 3270 1835 3331 ha-

1031 3367 1087 3429 bet
1116 3366 1238 3428 librum
1267 3367 1301 3427 in
1329 3383 1430 3428 mauu
1458 3383 1530 3436 sua,
1561 3366 1657 3440 idest,
1683 3367 1834 3429 divinam

1032 3465 1231 3541 scripturam
1256 3464 1291 3525 iu
1318 3464 1490 3540 potestate.
1521 3464 1642 3526 Divina
1665 3465 1834 3542 scriptura

1032 3563 1083 3624 θεῖ
1096 3563 1202 3623 forma
1217 3563 1250 3624 θῖ
1262 3561 1425 3630 doctrina,
1442 3561 1586 3639 qualiter
1599 3560 1782 3623 debeamus
1801 3564 1835 3623 ei

1032 3660 1174 3737 placere.
1191 3662 1264 3736 lpse
1279 3660 1397 3737 aperit,
1410 3659 1482 3736 ipse
1494 3659 1629 3730 claudit,
1646 3660 1679 3720 et
1692 3659 1765 3737 ipse
1778 3659 1834 3722 dat

1033 3757 1254 3819 cuivoluerit.

1074 3858 1139 3918 Per
1151 3855 1423 3927 sacromentum,
1441 3854 1519 3931 quia
1534 3870 1595 3917 nos
1615 3854 1764 3932 quotidie
1777 3868 1834 3916 re-

1033 3953 1100 4014 iicit
1126 3969 1264 4030 corpore
1291 3954 1324 4013 et
1346 3952 1507 4028 sanquine
1529 3968 1601 4013 suo.
1632 3952 1716 4024 Quia
1730 3952 1830 4013 -sicut

1032 4052 1182 4113 Christus
1195 4050 1296 4111 semel
1314 4054 1464 4112 mortuus
1481 4050 1532 4111 est
1547 4051 1581 4110 in
1596 4065 1696 4111 cruce
1715 4050 1757 4111 ad
1773 4050 1833 4111 tle-

1032 4149 1130 4210 lenda
1162 4149 1297 4226 peccata
1329 4149 1454 4219 nostra,
1490 4148 1577 4209 sicut
1609 4147 1690 4210 dicit
1711 4149 1832 4209 Petrus

1032 4246 1201 4324 apostolus
1223 4267 1230 4306 :
1255 4250 1334 4320 Ipse
1359 4246 1513 4319 portavit
1539 4247 1680 4321 peccota
1709 4247 1833 4308 nostru

1031 4359 1137 4418 super
1152 4347 1283 4421 tionum
1295 4342 1324 4424 (Ι
1332 4345 1423 4406 Petr.
1433 4359 1470 4415 11,
1480 4341 1546 4422 24),
1558 4345 1590 4404 θῖ
1605 4344 1728 4403 isaias:
1747 4347 1832 4404 Vere

1031 4447 1215 4518 intepuerat
1242 4443 1381 4503 nostros
1410 4444 1483 4516 ipse
1512 4441 1600 4510 tulit,
1631 4441 1665 4502 ct
1688 4440 1833 4514 peccatu

1031 4540 1153 4602 :rostra
1166 4543 1239 4613 ipse
1251 4540 1408 4613 portavit
1423 4536 1482 4618 (is.
1498 4548 1572 4610 mm·
1591 4535 1636 4615 t),
1654 4538 1700 4598 ita
1716 4537 1831 4615 quoti-

1031 4637 1085 4698 die
1100 4652 1178 4698 caro
1191 4638 1263 4713 eJus
1278 4636 1468 4697 immolatur
1487 4636 1522 4696 in
1537 4635 1634 4697 altari
1650 4634 1692 4695 ad
1706 4635 1831 4696 remis·

1031 4734 1159 4821 sionem
1187 4733 1409 4809 peccatorum.
1436 4731 1530 4794 Unde
1556 4732 1592 4791 in
1625 4731 1830 4808 Evangelio:

179 4830 338 4902 tionibus,
356 4831 442 4893 sicut
462 4832 513 4893 est
527 4831 608 4892 illud
623 4831 794 4908 Apostoli:
812 4849 830 4893 r
845 4836 976 4912 castigo
1030 4836 1108 4895 Nisi
1118 4830 1568 4893 :noraducnvcrittscornem
1576 4832 1658 4892 mitt
1667 4832 1829 4902 torminis,

181 4942 301 5004 corpus
333 4944 442 4989 meum
476 4928 508 4991 et
533 4929 568 4989 iu
597 4928 790 4991 servitutem
819 4932 975 5008 redigo».
1031 4931 1065 4992 et
1080 4930 1233 4991 biberitis
1256 4931 1331 5000 ejus
1344 4931 1561 5003 arripennem,
1578 4940 1647 4990 rien
1667 4929 1833 4990 hahebitis

181 5025 275 5086 Unde
300 5025 476 5101 Apostolus
506 5026 662 5088 admonet
687 5027 811 5100 fideles,
842 5029 974 5092 dicens:
1031 5023 1477 5097 vttomtnvohtsttoan.u1,
1494 5024 1636 5103 snut:
1654 5028 1832 5092 (ticinien-

179 5122 388 5193 Mortificate
405 5125 560 5184 necnehrn
583 5124 701 5186 cestra
725 5141 803 5187 cum
829 5129 978 5192 uitiiset
1031 5125 1132 5187 dttcut
1152 5139 1267 5185 raecum
1285 5138 1427 5185 curnem
1448 5124 1482 5184 ct
1508 5122 1589 5184 otuu
1610 5134 1728 5184 nacitur
1748 5138 1833 5185 surt-

179 5220 473 5293 caticumenum,
489 5224 923 5297 neuorntnetmpeecamm
940 5231 977 5289 in
1030 5225 1182 5298 petinam,
1195 5222 1294 5283 tutet
1314 5222 1424 5282 ottone
1442 5222 1613 5282 (eternam
1633 5218 1744 5300 (thiu,
1762 5219 1830 5300 57).

180 5319 296 5379 uestro
310 5318 450 5377 ritorioti
469 5331 614 5390 corpore
630 5317 768 5397 (Goloss.
791 5336 841 5390 111,
855 5321 899 5402 5).
920 5325 977 5386 lsti
1031 5321 1070 5381 ut
1089 5318 1151 5380 hoc
1167 5318 1263 5380 modo
1276 5318 1328 5380 est
1346 5318 1490 5380 inbonis
1505 5318 1831 5394 adgratiamcouie-

180 5416 335 5476 dicuutur
357 5414 634 5490 supplantatores,
663 5418 740 5493 quia
764 5421 977 5496 supplantant
1031 5417 1179 5478 rendam.
1201 5419 1237 5477 lu
1262 5416 1359 5477 malis
1381 5419 1431 5478 est
1455 5414 1676 5493 adjudicium
1701 5431 1830 5477 eorum.

178 5513 260 5576 vitiu
283 5513 473 5589 etpeccata,
491 5514 523 5574 θῖ
549 5515 707 5591 superant
726 5515 905 5580 diabolum.
931 5522 977 5583 De
1032 5514 1126 5577 Unde
1158 5514 1361 5591 Apostolus:
1395 5517 1459 5580 Qut
1490 5515 1677 5575 rnoiiducat
1704 5529 1832 5588 corpus

180 5611 298 5691 quihus
313 5610 394 5671 dicit
413 5612 559 5673 ioannes
581 5611 616 5673 in
637 5612 783 5691 Epistola
805 5632 890 5678 sua:
914 5621 977 5680 Vos
1031 5616 1170 5676 Domini
1189 5613 1223 5675 et
1243 5613 1323 5675 hihti
1348 5615 1555 5690 sanquinem
1574 5614 1650 5685 eires
1678 5613 1828 5690 tritticum
