3802 6166
119 318 181 382 ³65
248 312 862 381 33311-1333331313331333
888 318 1068 379 PASCHAE
1095 317 1308 389 3333311)
1330 317 1638 381 PENTECOS‘I'EN.
1711 323 1772 383 31111

119 478 295 550 haecvltis,
318 467 450 557 quando
473 478 509 539 in
531 492 630 540 cruca
651 478 790 539 Domino
817 476 917 540 etiam
972 474 1036 555 17).
1060 478 1142 540 Item
1165 476 1201 537 13
1222 476 1403 554 Evangelio
1434 494 1443 539 :
1471 480 1583 555 Opera
1606 495 1683 553 3333
1709 496 1772 559 333

118 592 195 637 333
210 576 287 638 13113
302 576 491 653 propinavit
505 576 646 637 acetum.
661 575 819 637 Palmites
835 590 919 653 quo-
971 576 1071 649 sacio,
1094 574 1128 636 et
1143 579 1216 649 ipse
1228 576 1332 649 saciet
1343 574 1453 654 (ioan.
1470 592 1539 649 niv,
1561 575 1625 656 12).
1643 578 1723 640 Item
1736 578 1772 639 in

119 690 184 751 que
195 674 395 750 multiplices
407 673 493 745 sunt,
510 670 649 744 scilicet,
665 673 818 752 palmites
828 672 916 743 33311,
973 670 1153 749 Evangelio
1174 694 1182 732 ε
1203 675 1283 734 Sine
1298 672 1363 735 'me
1384 676 1467 736 311111
1488 675 1633 748 potestis
1654 677 1772 749 facere

118 770 273 850 palmites
282 772 449 844 mundi,.et
457 772 608 848 palmites
618 770 747 833 tartari.
760 771 918 832 Palmites
973 767 1083 847 (1333.
1099 786 1155 841 xv,
1168 768 1213 848 5).

119 870 207 941 coeli,
219 869 386 946 Apostoli3
403 869 490 930 unde
505 871 539 930 in
554 870 743 945 evangelio:
758 874 826 945 Epo
841 884 918 930 meni
1013 870 1131 929 Nonne
1142 882 1201 944 per
1221 868 1374 944 palmites
1383 869 1504 930 humor
1525 869 1604 931 vitis
1620 886 1774 947 prorum-

120 969 263 1040 3111331
281 982 341 1029 vos
353 970 524 1043 palmites.
540 969 698 1029 Palmites
711 968 826 1028 mnndi
843 968 920 1028 sunt
973 966 1069 1041 pitin
1089 964 1225 1037 tractas,
1239 967 1370 1043 quando
1385 967 1434 1028 illi
1451 967 1590 1043 protecti
1610 969 1775 1045 praedica-

120 1082 235 1128 omnes
251 1065 349 1127 electi
362 1066 519 1127 Ecclesiae
534 1066 606 1135 tilii,
623 1066 710 1127 unde
720 1066 756 1126 in
770 1065 917 1142 psalmo:
973 1063 1093 1125 verunt
1107 1063 1239 1141 ubique,
1257 1064 1396 1126 Domino
1412 1071 1622 1143 cooperante,
1637 1068 1669 1128 et
1696 1082 1772 1131 ser·

119 1164 288 1226 liniendit
309 1165 470 1239 palmites
497 1180 579 1225 3333
607 1179 714 1238 iisque
742 1166 786 1224 ad
820 1178 919 1224 inane
975 1177 1104 1223 monem
1120 1163 1348 1235 conflrmante,
1370 1163 1583 1240 sequentihus
1597 1164 1725 1241 signist
1745 1167 1774 1227 A

122 1262 191 1341 (Pe.
205 1263 255 1334 79,
278 1259 342 1340 12).
360 1262 519 1323 Palmites
534 1262 652 1323 tartari
668 1262 745 1323 3331
757 1261 849 1333 mali,
867 1276 922 1321 se-
974 1260 1043 1321 3113
1059 1261 1169 1332 etiam,
1186 1261 1335 1322 Ecclesia
1350 1262 1470 1323 humor
1484 1262 1643 1324 doctrinae
1658 1263 1691 1324 et
1706 1264 1772 1323 Sa-

120 1358 266 1421 cnndum
277 1359 364 1436 quod
377 1359 411 1419 in
422 1358 601 1435 Evangelio
615 1359 737 1419 dicitur
752 1374 760 1419 ε
777 1360 920 1420 Omnem
975 1358 1219 1419 erameniorum
1229 1359 1379 1420 ascendit
1390 1359 1424 1419 in
1432 1360 1586 1435 palmites
1601 1360 1773 1431 Ecclesiae,

119 1458 298 1532 palmitem
325 1460 362 1519 in
389 1472 445 1518 me
466 1472 537 1519 non
564 1458 735 1530 ferentem
754 1457 918 1531 tractim,
974 1454 1114 1524 scilicet,
1130 1454 1230 1516 tilios.
1247 1456 1340 1517 Unde
1355 1457 1513 1517 Dominus
1525 1457 1559 1517 in
1569 1458 1772 1534 Evangelio:

123 1540 428 1632 13131331311333.
442 1570 499 1623 xv,
513 1554 559 1631 2).
581 1554 739 1615 Palmites
754 1554 829 1616 coeli
845 1570 920 1615 ma·
974 1553 1775 1631 1131133313333333331331331133313333313

123 1652 203 1713 nent
228 1652 262 1713 iu
284 1653 363 1724 vite,
389 1652 540 1727 Christ03
570 1653 659 1713 unde
674 1653 708 1712 in
724 1651 919 1727 evangelio:
975 1652 1114 1712 nomine
1131 1652 1254 1713 Patris
1275 1653 1414 1719 3111111,
1430 1653 1464 1713 et
1477 1655 1630 1727 Spiritus
1644 1654 1772 1715 Saticti.

120 1751 217 1812 Sicat
242 1755 374 1825 palmes
402 1765 471 1810 non
495 1751 607 1823 potest
627 1752 743 1824 facere
768 1748 920 1823 anacteam
975 1749 1039 1813 031
1059 1750 1247 1810 cediderit
1260 1751 1294 1811 et
1313 1750 1506 1825 baptizatas
1519 1752 1639 1825 licerit,
1657 1756 1775 1813 satam

119 1850 190 1907 nisi
204 1846 373 1909 manserit
388 1851 425 1906 in
448 1847 529 1917 otte,
551 1847 602 1907 ita
617 1848 650 1908 et
663 1861 724 1907 333
736 1849 805 1906 nisi
819 1850 856 1906 in
867 1862 921 1907 ine
975 1848 1045 1908 erit
1053 1844 1170 1924 (Marc.
1178 1863 1248 1919 ιιιί,
1258 1845 1321 1926 16).
1337 1849 1454 1909 Nonne
1466 1864 1508 1910 ex
1522 1849 1600 1921 uite,
1611 1850 1771 1920 Ecclesia,

121 1946 325 2005 naarmeritts
338 1942 447 2023 (ibid).
473 1944 630 2005 Palmites
651 1943 766 2004 mundi
787 1947 923 2005 manent
977 1943 1096 2004 humor
1114 1947 1402 2007 sacramentorum
1414 1947 1564 2008 ascendit
1574 1948 1608 2007 in
1621 1947 1774 2023 palmites

120 2042 157 2102 in
180 2041 260 2114 vite,
289 2042 438 2103 Ecclesia
452 2064 460 2116 3
487 2042 572 2103 unde
594 2042 808 2119 conqueritur
821 2045 921 2104 iere·
977 2041 1074 2114 tilios,
1089 2042 1220 2119 quando
1236 2045 1342 2105 mater
1356 2045 1505 2106 Ecclesia
1521 2045 1661 2106 effundit
1676 2060 1776 2123 snper

120 2139 218 2211 mias,
247 2140 334 2216 quod
358 2141 408 2200 illi
437 2140 494 2217 qui
521 2139 679 2200 deberent
702 2155 775 2200 esse
799 2140 833 2200 in
854 2140 921 2201 vite
977 2154 1033 2199 333
1055 2154 1174 2216 aquam
1190 2141 1358 2213 mandam,
1381 2144 1413 2203 et
1428 2142 1629 2204 mundantur
1647 2142 1688 2203 ab
1703 2159 1777 2204 om-

121 2237 290 2309 Ecclesiae,
317 2239 505 2314 junguntur
528 2238 588 2299 viti
619 2237 750 2309 alienae,
781 2237 919 2297 dicens:
978 2235 1075 2297 nibus
1095 2238 1354 2314 inquinamentis
1370 2240 1451 2313 suis,
1468 2240 1502 2303 31
1524 2242 1560 2301 31
1574 2240 1772 2313 desiderent,

121 2338 292 2401 oenomao
317 2351 486 2397 coitoersa
515 2351 552 2397 es
586 2338 624 2396 in
650 2336 921 2397 amaritudinem
977 2332 1251 2407 quemadmodum
1280 2334 1447 2396 desiderat
1472 2350 1590 2395 cervus
1606 2336 1646 2395 ad
1667 2334 1774 2397 tontes

121 2433 204 2493 31113
222 2437 344 2494 attense
366 2432 446 2512 (Jer.
463 2448 499 2505 ιι,
512 2432 579 2512 21),
602 2432 659 2509 331
678 2431 835 2493 deberent
848 2448 922 2494 esse
977 2433 1161 2506 aquarum?
1177 2432 1297 2491 Omnes
1319 2432 1468 2494 sitientes
1480 2433 1602 2494 invitat
1617 2432 1658 2493 ad
1671 2448 1775 2511 aquas

120 2529 164 2590 de
178 2529 266 2593 oliva
278 2530 444 2603 Ecclesiae,
461 2530 547 2590 unde
560 2530 736 2591 Psalmista
754 2545 761 2590 :
777 2533 859 2592 Filii
871 2531 922 2591 iat
977 2527 1131 2603 inquiens
1149 2544 1157 2588 :
1174 2530 1466 2591 Oinnessitienies
1478 2532 1591 2591 333113
1611 2534 1656 2591 ad
1667 2546 1776 2604 331133

121 2628 214 2689 sicat
227 2633 369 2690 33331133
386 2632 558 2690 olivarnm
572 2630 610 2689 in
626 2628 773 2688 circmita
793 2642 923 2688 mensa
977 2623 1035 2703 (13.
1056 2640 1108 2697 nv,
1127 2624 1168 2701 1).
1197 2629 1262 2687 Per
1279 2627 1370 2703 ipsos
1387 2627 1540 2704 palmites
1568 2627 1776 2705 postmodum

123 2726 194 2787 tace
209 2724 280 2804 (Ps
294 2728 345 2798 77,
355 2723 402 2804 3).
419 2729 465 2786 De
480 2724 780 2802 quibustlliisdicit
795 2725 920 2785 isaias:
977 2721 1120 2798 pullulat
1144 2723 1181 2783 13
1211 2723 1366 2796 fructum,
1394 2725 1481 2785 unde
1505 2725 1541 2785 in
1572 2724 1775 2802 Evangelio:

122 2827 205 2885 Filii
223 2824 274 2884 tat
287 2827 329 2884 de
353 2829 450 2898 ionpe
470 2824 621 2896 3331331,
642 2824 676 2884 31
693 2823 773 2894 litiae
790 2824 859 2884 ime
881 2824 922 2883 cte
977 2820 1171 2879 Secundam
1185 2822 1307 2881 cecidit
1321 2824 1357 2881 ia
1371 2820 1506 2882 terram
1520 2824 1644 2883 doniam
1655 2823 1689 2883 et
1697 2836 1778 2895 pro·

122 2921 233 2982 tatere
246 2921 390 2996 carpent
406 2919 462 2999 (Is.
480 2935 534 2992 ux,
551 2917 596 2997 i).
978 2916 1054 2977 tatii
1077 2918 1241 2991 11331133,
1262 2920 1356 2979 attica
1378 2918 1604 2990 tricesimam,
1627 2919 1662 2979 et
1684 2920 1778 2981 atiud

163 3018 321 3082 Palmites
335 3017 454 3079 tartari
469 3019 604 3079 manent
617 3018 653 3077 in
674 3020 842 3079 sarmento
863 3017 921 3078 in·
976 3019 1245 3092 scaapesiimcm,
1258 3016 1291 3077 et
1304 3019 1397 3076 atina
1410 3014 1775 3094 cenitesimmnfflatth.
1872 3096 1879 3101 ·

123 3116 305 3188 fructuoso,
323 3115 466 3176 diabolo.
479 3115 572 3177 Unde
583 3117 618 3176 in
634 3116 837 3192 Evangelio:
860 3119 923 3176 Vos
976 3128 1050 3183 333,
1074 3115 1104 3185 8,
1131 3112 1197 3192 23).
1220 3114 1338 3174 Nonne
1365 3113 1483 3174 humor
1501 3113 1600 3190 hujus
1621 3115 1700 3175 vitis
1717 3130 1778 3192 per

123 3229 170 3275 333
184 3216 294 3276 Patre
306 3216 436 3275 diodoto
450 3214 534 3274 estis
550 3212 659 3292 (Joan.
675 3228 749 3285 vin,
765 3210 922 3291 14111313
977 3210 1130 3286 palmites
1154 3211 1340 3287 prorumpit
1352 3212 1388 3271 in
1412 3211 1551 3284 fructus,
1577 3213 1708 3288 quando
1728 3212 1777 3273 sic
1873 3278 1876 3283 ,

125 3311 158 3372 13
173 3310 355 3388 Evangelio
372 3327 379 3371 :
395 3314 433 3372 Si
448 3314 525 3384 qais
536 3315 573 3371 in
583 3326 639 3372 me
660 3310 921 3381 nonmansenit,
979 3308 1258 3369 lucetluxaorum
1268 3309 1586 3381 ooramhominibus,
1598 3310 1779 3373 utvideant

123 3409 284 3470 mittetur
305 3411 403 3483 foras
422 3408 511 3469 31331
522 3413 664 3482 palmes,
676 3408 711 3468 et
724 3407 869 3478 arescet,
890 3407 923 3467 31
978 3388 1207 3481 3333333333]
1218 3406 1315 3477 hona,
1327 3410 1361 3467 et
1372 3407 1559 3481 glorificent
1572 3409 1704 3469 Patrem
1720 3407 1776 3485 qni

122 3509 376 3583 coiiipenteam,
388 3506 422 3567 et
432 3509 468 3566 in
483 3509 598 3581 ipnem
612 3505 751 3565 cantitent
763 3505 797 3565 et
811 3503 920 3565 ardet.
977 3503 1012 3562 in
1029 3502 1122 3563 coelie
1144 3506 1206 3573 331,
1220 3505 1254 3563 31
1268 3504 1397 3564 3331133
1421 3504 1584 3565 cortinam
1599 3504 1723 3578 trahat,
1742 3506 1777 3566 et
1823 3502 1826 3507 “

125 3602 238 3681 (ioan.
260 3621 315 3675 xv,
340 3602 386 3682 6).
414 3602 517 3663 Primi
535 3604 612 3664 sant
639 3601 765 3679 optimi,
787 3599 923 3662 secundi
979 3599 1035 3676 qui
1049 3600 1143 3660 audit
1155 3599 1254 3671 dicat,
1271 3600 1371 3661 veuit

124 3700 214 3773 boni,
239 3702 330 3762 tertii
354 3700 444 3761 mali.
461 3703 587 3760 Humor
601 3701 711 3760 autem
724 3699 874 3760 ascendit
888 3699 922 3758 in
1019 3701 1047 3759 A
1065 3700 1232 3759 sarmento
1253 3700 1364 3759 autem
1386 3697 1602 3771 infructuosa,
1628 3698 1773 3772 diabolo,

125 3799 277 3876 palmites
292 3800 403 3869 avite,
420 3800 453 3858 31
474 3797 681 3874 postmodum
696 3812 757 3873 per
770 3796 923 3873 palmites
979 3796 1098 3856 humor
1108 3795 1226 3871 gratiae
1245 3811 1312 3856 non
1327 3796 1478 3858 ascendit
1495 3796 1531 3857 in
1552 3797 1717 3873 palmites
1743 3797 1778 3859 et
1878 3824 1881 3829 ·

125 3897 311 3974 prorumpit
323 3897 358 3956 13
374 3895 537 3970 13331313;
553 3895 601 3956 313
617 3896 649 3956 31
665 3911 685 3954 a
697 3895 765 3955 vite
780 3894 923 3965 Christo,
979 3894 1053 3954 ideo
1066 3894 1201 3954 manent
1215 3893 1302 3954 aridi
1316 3896 1349 3955 et
1362 3894 1435 3954 sine
1445 3893 1566 3955 iructu.
1579 3894 1774 3967 Maledicta,

125 3994 245 4055 humor
258 3994 431 4055 charitatis
448 3993 481 4054 et
495 3993 678 4069 gratiarum
704 3992 738 4053 in
758 3991 922 4071 palmites,
979 3991 1095 4068 inquit,
1109 3992 1250 4062 sterilis,
1266 3992 1299 4051 et
1309 4007 1386 4065 qaae
1399 4005 1468 4052 aion
1480 3991 1643 4065 relinquit
1657 4006 1778 4054 semen

124 4092 321 4169 Apostolos:
338 4092 424 4152 sicut
445 4092 648 4166 unguentum
665 4091 699 4151 in
716 4091 825 4167 capite
839 4091 922 4166 3133,
978 4090 1245 4163 superterram,
1270 4089 1357 4150 siout
1370 4089 1493 4165 legitur
1514 4089 1548 4150 in
1569 4091 1777 4152 Deuterono-

125 4190 212 4267 quod
236 4189 406 4251 descendit
425 4189 460 4249 in
484 4187 631 4260 barbam,
648 4187 785 4249 barbam
799 4191 922 4248 Aaron.

126 4290 165 4349 Et
177 4287 211 4347 in
227 4286 406 4363 Evangelio
422 4308 429 4346 :
446 4290 495 4347 De
506 4286 720 4359 plenitudine
733 4287 808 4357 ejas
823 4298 924 4346 aoce-

122 4388 240 4460 ptmas
262 4397 382 4446 331333
403 4382 669 4462 (11333316).
694 4382 842 4443 Gratiam
866 4397 924 4458 pro

124 4483 244 4559 gratia.
261 4485 300 4544 Et
312 4483 347 4544 iu
360 4482 500 4559 epistota
513 4481 695 4543 canonica:
716 4481 834 4541 1133113
849 4482 925 4551 ejas

125 4580 220 4640 docet
234 4595 298 4641 nos
311 4582 516 4640 (1331331133
526 4576 555 4656 (1
568 4579 664 4638 ioan.
676 4593 713 4647 ιι,
726 4575 793 4656 20).
807 4577 925 4636 Ν3333

126 4678 234 4748 avite,
244 4678 385 4747 Christo,
401 4676 521 4736 humor
532 4673 703 4736 descendit
713 4674 747 4736 in
760 4673 924 4750 palmites,

126 4775 313 4852 Apostolos,
331 4775 462 4852 quando
481 4772 665 4834 insufflavit
678 4773 739 4844 eis,
760 4772 793 4832 et
815 4769 924 4833 dixit:

126 4875 276 4946 Accipite
288 4873 458 4945 Spiritum
468 4871 645 4942 Sanctam,
657 4884 805 4944 qiioiiim
819 4872 927 4930 reirai-

125 4972 244 5032 seritis
265 4971 416 5049 peccata,
441 4973 591 5031 reinissa
614 4969 718 5030 eiiciat
740 4965 850 5045 (ioan.
867 4982 924 5037 xx,

126 5068 192 5147 23).
210 5070 247 5128 13
260 5071 356 5146 cujus
369 5068 417 5129 rei
434 5068 565 5142 signum
576 5069 609 5128 et
623 5067 702 5127 olim
715 5065 843 5142 accepit
856 5067 925 5124 Do-

126 5168 236 5227 minus
258 5167 298 5228 de
322 5166 448 5243 Spiritu
471 5165 607 5242 Moysis,
631 5166 664 5225 et
678 5164 769 5224 dedit
788 5166 925 5239 septua-

127 5265 217 5339 ginta
229 5265 270 5325 de
280 5263 481 5331 senioribus,
495 5263 609 5324 electis
625 5262 667 5323 ab
682 5262 765 5338 ipso.
778 5263 842 5321 Per
855 5261 929 5336 pal-

127 5364 223 5424 mites
237 5363 348 5432 etiam,
365 5361 538 5437 Apostolos
553 5382 561 5433 3
579 5359 801 5436 postmodum
817 5358 929 5434 pullu-

129 5461 209 5522 lavit
222 5460 294 5521 liaec
312 5460 390 5521 vitis
406 5460 440 5518 in
454 5460 591 5519 fructus.
613 5458 704 5519 Unde
719 5456 879 5517 Dominus
893 5455 927 5517 in

129 5557 309 5635 Evangelio
329 5560 396 5618 :ln
416 5560 555 5618 nomine
579 5558 846 5616 lacedaemonia
858 5557 926 5626 eii-

127 5658 230 5723 ciant.
244 5655 561 5731 iinpntstoqacatm·
574 5657 708 5715 33313...
722 5652 839 5732 (Marc.
855 5668 926 5724 xvi,

980 4188 1057 4248 mio.
1079 4188 1197 4247 Nonne
1221 4186 1307 4247 aridi
1327 4188 1423 4248 erant
1444 4187 1608 4263 palmites,
1629 4187 1686 4265 qui
1707 4201 1774 4248 non
1861 4206 1864 4211 ·

979 4283 1147 4345 habebant
1164 4284 1353 4356 humorem,
1375 4285 1461 4346 sicut
1476 4284 1577 4346 etiam
1597 4284 1719 4346 dicitur
1737 4285 1779 4345 de

980 4382 1136 4454 ilculnea,
1150 4381 1280 4458 quando
1296 4383 1328 4442 ei
1343 4382 1527 4452 maledixit,
1543 4383 1621 4460 quia
1635 4382 1778 4443 fructum

980 4494 1076 4556 quem
1098 4478 1194 4538 inea
1216 4478 1395 4555 quaerebat,
1418 4496 1485 4541 non
1508 4479 1648 4541 invenit.
1671 4479 1779 4540 Vinea

980 4579 1091 4639 autem
1101 4576 1233 4638 Domini
1248 4576 1394 4639 Sabaoth
1407 4577 1523 4638 domus
1534 4576 1649 4638 lsrael.
1662 4578 1699 4636 In
1715 4576 1779 4637 hac

980 4675 1078 4735 uinea
1100 4675 1179 4736 vitis
1205 4676 1257 4737 est
1279 4675 1441 4743 Christus,
1469 4675 1502 4736 et
1530 4673 1683 4749 palmites
1702 4673 1783 4735 sunt

982 4771 1107 4832 tideles.
1124 4773 1217 4833 Sicut
1231 4773 1342 4833 autem
1352 4772 1478 4848 palmes
1490 4786 1556 4830 non
1571 4771 1680 4846 potest
1691 4770 1779 4833 terre

981 4869 1121 4929 fructum
1136 4884 1157 4929 a
1178 4869 1367 4944 semetipso,
1385 4867 1451 4928 nisi
1472 4867 1633 4928 manserit
1649 4866 1683 4928 in
1697 4867 1776 4941 vite,

981 4966 1106 5027 313333
1128 4966 1236 5026 tidelis
1258 4966 1374 5026 313113
1394 4963 1525 5026 Christo
1541 4965 1778 5041 permanserim

981 5064 1037 5141 331
1054 5079 1132 5126 uero
1143 5063 1255 5124 manet
1269 5063 1304 5123 13
1317 5078 1368 5134 eo,
1386 5062 1440 5123 liic
1456 5061 1520 5124 sert
1533 5061 1677 5123 fructum
1691 5063 1780 5123 mul·

982 5165 1062 5234 tum,
1080 5162 1157 5240 quia
1173 5162 1248 5221 sine
1261 5161 1334 5236 ipso
1351 5160 1436 5220 nihil
1452 5161 1590 5238 potestis
1606 5160 1726 5222 iacere.
1744 5161 1780 5223 Si

982 5260 1057 5337 quis
1071 5261 1182 5321 autem
1203 5259 1325 5336 inipso
1346 5274 1413 5320 non
1435 5259 1608 5327 manserit,
1632 5259 1782 5320 mittetur

982 5358 1072 5419 toras
1087 5357 1174 5418 sicut
1192 5357 1329 5434 palmes,
1353 5357 1386 5418 et
1407 5358 1547 5430 arescet,
1568 5358 1602 5419 ot
1623 5358 1782 5433 colligent
1876 5354 1879 5359 ’

982 5455 1647 5531 331331131333331113133313313111.
1854 5526 1857 5531 ,

1024 5555 1105 5614 ltem
1122 5575 1130 5612 ε
1146 5557 1219 5629 Epo
1232 5555 1401 5615 3111331113
1409 5568 1505 5625 aera,
1514 5555 1547 5615 ei
1562 5555 1673 5614 Pate-r
1683 5568 1781 5615 niteas

981 5655 1135 5728 apricam
1148 5652 1211 5713 est.
1226 5652 1385 5715 Dominus
1395 5652 1536 5713 nosteri
1539 5666 1616 5711 3333
1627 5650 1777 5711 Christus
