3802 6166
118 321 182 383 tlt
683 314 859 381 HONORII
884 316 1011 379 PAPAE
1033 317 1078 379 111
1100 314 1208 377 Vtin.
1449 356 1452 365 ·
1709 313 1771 373 418

119 478 240 543 scotia
271 494 383 556 reges,
420 494 496 546 cum
528 477 720 541 interillos
753 477 917 541 conventa
970 492 1103 538 rursum
1127 472 1365 538 consulendum
1386 473 1570 535 Honorlum
1598 470 1769 535 delibera-

119 577 205 640 iorte
219 576 330 639 minus
344 578 417 639 rata
432 576 585 639 habenda
605 592 678 639 esse
697 576 915 648 dubitaretur,
971 576 1101 643 verunt,
1127 576 1162 637 ut
1188 589 1248 651 pro
1270 589 1331 635 suo
1350 571 1479 651 judicio
1508 570 1770 635 controversiam
1872 634 1881 655 .

118 691 180 753 per
197 674 405 752 Apostolicos
420 675 455 736 in
479 674 655 752 idjudices
669 672 838 749 delegatos
853 673 915 734 de·
971 673 1219 749 interpretando
1246 671 1427 732 dirimeret
1452 670 1699 747 Rescripsitque
1735 669 1770 730 in

119 772 282 845 claravit;
300 771 419 833 harum
435 773 547 833 autem
562 787 673 833 rerum
694 770 776 832 tides
788 770 918 832 constat
972 770 1044 832 haec
1058 769 1177 832 verbaz

119 865 156 931 in
171 869 441 948 ipsiusHonorii,
464 869 550 947 quod
565 869 673 931 adhuc
692 871 806 930 Romae
827 869 919 929 extat
1014 869 1182 931 Honorius
1215 866 1428 945 episcopus...
1455 866 1641 928 venerabili
1674 864 1773 928 tratri

121 967 275 1044 registro,
290 970 475 1029 Joannetus
487 968 587 1029 etiam
603 967 635 1027 id
650 967 802 1029 testatur.
974 965 1635 1044 stephanocantuariensiarchiepiscopo
1642 967 1675 1025 S.
1684 967 1722 1028 R.
1734 966 1771 1024 Ε.

159 1065 329 1141 Agebatur
352 1065 471 1127 deinde
497 1066 532 1126 ut
558 1065 664 1127 sancti
693 1064 798 1125 Eirini
825 1079 916 1134 ossa,
973 1064 1137 1126 cardinali
1170 1065 1203 1126 et
1229 1064 1349 1125 dilecto
1380 1064 1448 1125 tilio
1478 1065 1636 1139 magistro
1661 1065 1771 1126 Ottoni

120 1181 194 1240 quae
210 1164 309 1224 vilius
325 1179 423 1240 quam
439 1179 499 1239 par
513 1164 611 1233 esset,
628 1163 663 1223 in
675 1162 794 1238 anglia
805 1164 920 1238 jacere
973 1162 1176 1224 subdiacono
1199 1163 1323 1234 nostro,
1343 1162 1483 1223 salutem
1503 1162 1536 1223 et
1549 1162 1772 1239 apostolicam

119 1262 333 1334 videbantur,
372 1261 564 1323 honestiore
600 1261 672 1322 loco
710 1260 917 1334 locarentur3
974 1259 1249 1323 benedictionem.

120 1363 375 1421 Dorcestrenses
403 1358 507 1435 igitur
536 1359 689 1420 canonici
713 1374 814 1434 penes
838 1374 920 1435 quos
1016 1359 1151 1421 Dilectis
1173 1359 1252 1419 tiliis
1265 1357 1383 1420 abbate
1403 1359 1435 1420 et
1453 1358 1619 1420 conventu
1634 1358 1675 1420 de
1687 1361 1773 1421 Dor-

122 1455 181 1518 illa
203 1458 309 1527 erant,
330 1472 438 1534 neque
456 1473 529 1529 sua,
545 1472 652 1534 neque
671 1458 831 1534 cujusque
850 1458 922 1517 lde-
975 1457 1082 1519 cestre
1095 1455 1543 1528 olimnohisinsinuantibus,
1556 1457 1641 1533 quod
1653 1473 1774 1534 corpus

122 1556 287 1631 tropolitae
303 1555 499 1617 auctoritate
514 1555 587 1616 loco
602 1555 765 1617 movenda
778 1569 921 1615 censue·
975 1554 1064 1615 beati
1086 1554 1194 1615 Birini
1213 1554 1360 1631 episcopi
1379 1554 1415 1614 in
1437 1569 1552 1614 eorum
1573 1554 1714 1615 ecclesia
1738 1555 1774 1615 iu

122 1654 213 1725 runt,
230 1654 419 1729 apostolica
434 1656 583 1714 Romana
606 1653 691 1714 Sede
711 1652 920 1727 inconsulta;
975 1651 1048 1714 loco
1064 1652 1183 1713 humili
1198 1651 1388 1729 requiescit,
1405 1651 1439 1712 at
1460 1651 1630 1713 humiliter
1647 1652 1776 1729 suppli·

124 1746 338 1826 quamobrem
364 1766 439 1810 cum
460 1749 738 1827 postulationibus
762 1749 922 1826 supplici·
976 1750 1140 1823 cantibus,
1158 1750 1195 1811 ut
1216 1750 1297 1811 illud
1313 1749 1498 1812 faceremus
1523 1750 1558 1811 in
1580 1750 1652 1811 loco
1668 1750 1774 1826 magis

123 1847 184 1908 hus
197 1863 354 1908 assensus
371 1846 488 1909 fuisset
501 1848 679 1920 Honorius,
695 1847 784 1909 dedit
797 1848 832 1907 in
850 1846 922 1908 lraec
976 1847 1095 1908 idoneo
1118 1846 1287 1919 collocari,
1300 1847 1372 1919 tibi,
1388 1846 1492 1908 frater
1512 1848 1773 1925 archiepiscope,

123 1944 225 2007 verba
239 1945 371 2023 ejusrei
386 1945 524 2021 agendas
537 1944 752 2007 facultatem:
976 1962 1016 2007 ac
1042 1945 1171 2008 dilectis
1200 1945 1279 2007 tiliis
1304 1945 1558 2018 archidiacono,
1581 1946 1615 2007 et
1637 1945 1774 2007 officiali

163 2043 331 2105 Honorius
366 2043 556 2120 episcopua,
595 2059 712 2105 servus
750 2057 921 2104 servorum
977 2043 1211 2105 cantuariensi
1230 2058 1291 2121 per
1311 2044 1447 2117 nostras
1472 2042 1621 2104 dedimus
1645 2043 1775 2105 litteras

123 2141 194 2213 Dei,
206 2140 392 2203 venerabili
418 2140 513 2203 fratri
543 2141 710 2218 Stephano
735 2140 922 2218 archiepis·
977 2141 1012 2202 in
1024 2141 1200 2213 mandatis,
1216 2142 1252 2203 ut
1267 2141 1296 2201 si
1315 2141 1511 2202 inveniretis
1526 2156 1596 2202 rem
1609 2142 1721 2203 taliter
1739 2158 1775 2203 se

122 2254 204 2317 copo
234 2239 467 2299 cantuariensi
493 2242 525 2299 S.
552 2242 591 2303 lt.
614 2242 650 2300 Ε.
676 2239 855 2311 cardinali,
883 2255 922 2300 ac
977 2238 1112 2312 habere,
1128 2239 1355 2301 concederetis
1377 2239 1441 2316 ipsi
1455 2238 1567 2301 abbati
1581 2240 1615 2301 et.
1629 2254 1776 2300 conveu-

122 2337 254 2399 dilectis
274 2337 352 2397 tiliis
371 2337 609 2399 archidiacono
628 2338 662 2399 et
676 2337 812 2398 officiali
836 2339 924 2397 Can-
977 2336 1038 2407 tui,
1053 2338 1251 2399 auctoritate
1266 2339 1390 2410 nostra,
1408 2336 1576 2398 licentiam
1592 2338 1776 2415 corpusip-

126 2434 301 2508 tuariensi,
324 2435 465 2497 salutem
487 2436 519 2496 et
538 2434 754 2513 apostolicam
772 2434 924 2497 benedic·
977 2452 1050 2495 sum
1065 2435 1105 2496 ad
1118 2436 1227 2497 locum
1245 2436 1351 2511 magis
1366 2435 1521 2496 idoneum
1534 2426 1773 2509 transterendi;

124 2534 260 2595 tionem.
978 2549 1083 2611 nuper
1097 2537 1209 2596 autem
1232 2534 1417 2611 recepimus
1431 2533 1506 2595 tuas
1528 2536 1562 2595 et
1583 2534 1774 2595 eorumdem

162 2634 212 2692 Ex
227 2633 321 2709 parte
344 2630 540 2694 dilectorum
569 2632 713 2694 tiliorum
740 2632 870 2694 abbatis
891 2633 924 2695 et
978 2631 1205 2693 archidiaconi
1220 2632 1253 2694 et
1263 2630 1416 2693 oidcialis
1429 2631 1557 2693 litteras
1568 2632 1775 2694 continentes

124 2731 309 2790 conventus
323 2729 364 2790 de
377 2730 564 2792 Dorcestria
575 2731 637 2792 luit
647 2730 743 2793 nobis
754 2731 924 2793 humiliter
978 2730 1063 2807 quod
1079 2730 1152 2807 ipse
1165 2729 1420 2791 archidiaconus
1435 2730 1507 2791 vice
1525 2745 1585 2791 sua
1601 2731 1634 2790 et
1646 2730 1777 2793 orucia-

126 2826 360 2903 supplicatum,
386 2830 421 2889 ut
448 2843 568 2905 corpus
602 2829 708 2891 sancti
741 2830 848 2891 Birini
867 2830 923 2906 qui
977 2828 1019 2888 lis
1039 2827 1189 2904 praedicti
1217 2828 1439 2905 personaliter
1466 2827 1507 2889 ad
1537 2828 1645 2889 locum
1668 2829 1775 2905 ipsum

126 2923 208 2985 olim
239 2941 259 2985 a
287 2924 394 2986 felicis
426 2926 667 2987 recordationis
698 2927 846 2989 Honorio
875 2924 922 3006 (1)
977 2926 1128 2998 accessit,
1143 2927 1175 2987 et
1185 2926 1301 2987 accitis
1314 2925 1396 2987 viris
1411 2927 1479 2988 vita
1492 2926 1524 2987 et
1539 2925 1626 2988 lama
1639 2927 1776 3004 conspi-

128 3024 220 3099 Papa
235 3023 479 3099 praedecessore
493 3026 607 3085 nostro
629 3024 663 3084 in
679 3024 832 3101 hngliam
848 3025 924 3086 des·
978 3023 1060 3091 cuis,
1077 3039 1178 3100 super
1189 3022 1253 3085 hoc
1267 3023 1440 3086 veritatem
1455 3026 1578 3100 quanta
1600 3025 1708 3101 potuit
1723 3025 1778 3085 di-

127 3120 265 3192 tinatus,
282 3119 381 3181 clarae
400 3120 570 3182 memorias
586 3138 700 3198 regem
719 3122 760 3184 ab
782 3123 925 3184 idolola-
978 3121 1116 3197 ligentia
1142 3121 1315 3199 inquisivit
1336 3143 1343 3182 :
1368 3122 1445 3184 licet
1473 3123 1584 3183 autem
1612 3138 1713 3200 super
1736 3138 1776 3185 ea

128 3217 194 3279 tria
208 3218 391 3293 cumgente
404 3234 465 3278 sua
478 3234 675 3280 conversum
692 3219 881 3296 baptizavit,
892 3222 924 3282 et
978 3235 1051 3295 quae
1079 3220 1207 3281 invenit
1234 3236 1335 3297 super
1364 3220 1558 3282 inventione
1591 3221 1773 3297 sepulchri,

127 3315 240 3377 multis
264 3331 444 3376 coruscans
460 3316 635 3379 virtutibus
655 3317 799 3380 feliciter
814 3318 923 3380 officio
978 3317 1034 3377 ubi
1044 3318 1195 3394 praedicti
1208 3319 1321 3380 Sancti
1337 3335 1456 3396 corpus
1466 3319 1676 3396 requiescere
1687 3319 1775 3379 dici-

126 3412 304 3489 legationis
318 3413 466 3490 impleto,
476 3413 651 3476 defunctus
672 3416 705 3477 et
723 3417 871 3492 sepultus
889 3416 923 3477 iu
977 3415 1042 3487 tur,
1063 3431 1138 3477 cum
1160 3432 1290 3493 semper
1315 3417 1497 3487 miraculis,
1522 3415 1640 3492 quibus
1662 3416 1775 3478 divina

126 3512 400 3573 suomonasterio
416 3512 450 3572 in
463 3511 536 3573 loco
552 3512 670 3573 humili
681 3513 805 3585 existit,
822 3529 923 3591 quum
978 3512 1125 3587 dignatio
1138 3513 1247 3574 locum
1264 3514 1373 3591 ipsum
1393 3514 1434 3574 ad
1453 3514 1697 3575 invocationem
1714 3531 1778 3577 uo-

127 3624 248 3670 nomen
266 3611 337 3685 ejus
359 3608 394 3669 in
411 3611 606 3671 Sanctorum
626 3611 777 3686 catalogo
800 3610 925 3673 habea·
978 3610 1077 3671 minis
1088 3611 1219 3687 praelati
1231 3612 1465 3689 gloriosissimi
1476 3612 1588 3673 Sancti
1601 3613 1666 3673 tam
1680 3612 1776 3674 mise·

126 3708 190 3778 tur,
208 3705 393 3767 laceremus
414 3707 448 3767 in
466 3706 539 3768 loco
554 3709 661 3784 magis
682 3709 802 3770 idoneo
814 3711 922 3771 collo·
977 3709 1155 3771 ricorditer
1168 3725 1266 3786 quam
1282 3709 1490 3782 mirabiliter,
1507 3710 1675 3771 modernis
1690 3712 1777 3772 tem-

125 3804 207 3864 cari.
232 3806 302 3866 Nos
325 3805 428 3881 igitur
444 3805 485 3866 de
499 3807 610 3867 vestra
629 3807 830 3868 discretione
852 3808 925 3886 ple-
978 3808 1114 3883 poribus
1140 3808 1331 3881 illustravit,
1356 3824 1486 3869 necnon
1507 3824 1566 3885 per
1589 3808 1713 3871 indicia
1737 3810 1773 3870 iu

125 3918 202 3963 nam
215 3902 370 3963 fiduciam
386 3902 581 3975 obtinentes,
597 3905 789 3967 discretioni
802 3908 923 3968 vestrae
978 3906 1154 3982 sepulchro
1174 3906 1258 3984 ipso,
1275 3907 1361 3984 quod
1382 3906 1459 3969 iecit
1480 3907 1616 3985 aperiri,
1630 3910 1774 3985 reperta,

124 4016 184 4076 per
212 3999 400 4078 apostolica
425 4002 550 4078 scripta
578 4004 785 4076 mandamus,
807 4007 925 4081 quate-
978 4003 1074 4064 nobis
1094 3996 1155 4066 fuit
1174 4004 1364 4066 verosimile
1383 4005 1502 4077 visum,
1518 4006 1603 4081 quod
1626 4005 1775 4083 ejusdem

126 4114 188 4159 uus
218 4098 247 4159 si
272 4114 341 4159 rem
366 4099 561 4161 inveneritis
587 4101 635 4162 ita
662 4117 752 4174 esse,
776 4103 923 4179 praelatis
979 4102 1092 4163 Sancti
1107 4103 1547 4181 corpusinlocorequiescit
1562 4103 1775 4181 eodem,quia

126 4195 237 4257 abbati
255 4197 288 4258 et
300 4197 491 4269 conventui,
508 4199 544 4260 ut
564 4214 684 4276 corpus
704 4200 817 4262 Sancti
837 4217 925 4278 prae-
977 4202 1088 4261 tamen
1112 4201 1147 4261 in
1173 4200 1258 4263 libro
1282 4201 1379 4263 Bodas
1402 4206 1453 4263 De
1466 4202 1572 4277 gostis
1584 4207 1776 4278 Augtorum

126 4294 205 4355 dicti
220 4295 261 4355 ad
275 4294 384 4356 locum
407 4295 611 4358 transierant
629 4297 826 4373 digniorem,
843 4315 925 4360 auc-
978 4296 1099 4373 legitur
1118 4314 1239 4376 corpus
1264 4299 1372 4376 ipsum
1400 4300 1487 4376 apud
1509 4299 1775 4361 Wintoniensem

126 4391 260 4453 toritate
275 4396 388 4454 nostra
401 4393 572 4455 licentiam
587 4395 787 4456 concedatis.
804 4398 923 4457 Datum
978 4397 1163 4458 ecclesiam.
1175 4399 1254 4459 olim
1276 4398 1380 4460 fuisse
1397 4399 1607 4470 translatum,
1621 4401 1775 4460 verentes

126 4490 300 4561 Laterani,
322 4490 461 4566 septimo
485 4492 532 4552 1d.
560 4492 688 4563 Martii,
711 4492 923 4570 pontificatus
978 4495 1206 4571 procederem
1226 4498 1359 4573 negotio
1375 4498 1491 4559 contra
1505 4496 1660 4558 tantiviri
1673 4495 1772 4567 dicta,

126 4586 233 4649 nostri
248 4603 336 4648 anuo
350 4590 466 4650 octavo
477 4587 537 4669 (2).
978 4612 1019 4656 ne
1042 4595 1267 4671 argueremini
1292 4595 1417 4673 aliquid
1437 4593 1691 4672 praesumpsisse
1715 4610 1776 4654 ne-

164 4685 363 4763 Apostolicis
382 4686 548 4749 mandatis
573 4687 759 4765 obsequens
776 4690 921 4767 Stepha-
976 4693 1102 4769 gotium
1122 4692 1230 4770 ipsum
1246 4693 1287 4754 ad
1299 4692 1527 4770 apostolicum
1540 4689 1703 4767 judicium
1719 4706 1775 4750 re-

125 4800 188 4845 nus
213 4800 288 4844 eum
317 4784 454 4860 collegis
482 4784 601 4849 incidit
625 4786 660 4847 in
689 4803 755 4848 nou
784 4804 923 4865 parvum
977 4791 1128 4860 misistis,
1144 4806 1334 4867 processum
1349 4791 1454 4868 ipsius
1470 4786 1697 4850 archidiaconi
1713 4804 1776 4850 no·

125 4881 262 4942 dubium
278 4898 321 4944 ex
341 4882 438 4944 Bedae
461 4884 606 4960 scriptis,
623 4901 665 4946 ne
690 4884 775 4948 sorte
797 4886 923 4948 nouibi
976 4887 1027 4949 bis
1053 4886 1113 4950 sub
1144 4888 1265 4964 sigillis
1291 4889 1411 4949 vestris
1435 4885 1577 4948 fideliter
1602 4885 1775 4948 transmit-

125 4979 183 5040 sed
208 4978 288 5041 alibi
305 4980 416 5042 Sancti
433 4997 508 5043 ossa
524 4984 685 5059 jacerent.
704 4984 922 5055 Quamobrem
977 4986 1086 5049 tendo.
1104 4988 1308 5064 Quamquam
1331 4985 1433 5060 igitur
1456 5000 1500 5045 ex
1522 4983 1596 5061 ipso
1615 4998 1773 5061 processu

156 5110 197 5183 (l)
208 5113 351 5170 lionorius
358 5115 422 5171 Ν.-
431 5113 459 5171 S.
467 5114 542 5172 Birin
551 5111 620 5172 ituit
629 5129 666 5171 uu
677 5114 921 5188 pretredellome‚
977 5117 1031 5175 tlxa
1047 5132 1100 5175 son
1115 5115 1223 5191 sieged
1240 5118 1349 5185 Dercis,
1361 5114 1539 5190 aujourd'hui
1552 5112 1741 5187 borchester;
1753 5116 1773 5174 il

127 5184 201 5257 pleiu
216 5182 253 5241 de
260 5182 321 5241 zdle
330 5199 401 5267 pour
411 5185 438 5241 le
448 5186 521 5243 salut
531 5184 583 5243 des
595 5186 737 5269 idolatres.
751 5187 921 5247 lidemanda
977 5189 1008 5248 iit
1021 5187 1072 5245 des
1082 5190 1268 5247 conversione
1278 5187 1492 5245 inuombrables
1502 5194 1531 5245 et
1542 5186 1613 5270 bitit
1625 5186 1774 5270 beaucoup

126 5269 162 5311 au
175 5257 253 5383 geppe
268 5256 410 5382 Horlronue
423 5258 463 5314 10¹
477 5256 502 5313 la
516 5272 686 5384 perdmrssron
701 5258 798 5316 d’aller
813 5273 922 5317 annou-
976 5258 1119 5334 d'eglises.
1132 5261 1158 5344 ,ΙΙ
1178 5267 1291 5342 mourut
1301 5275 1366 5317 vers
1378 5258 1433 5317 l’an
1449 5259 1502 5317 650
1519 5265 1548 5315 et
1571 5260 1590 5315 rl
1605 5257 1647 5315 lut
1661 5267 1774 5317 enterrc

125 5340 317 5469 “duilli
330 5327 923 5459 itilt²⁰.l⁰t..t.¹li‘llhlibila
976 5331 1096 5459 litii
1109 5328 1590 5460 blithildis.hillidii
1604 5328 1773 5459 sistat

125 5466 247 5539 evenne.
262 5469 337 5525 Birin
350 5467 492 5541 dchardus
512 5471 617 5527 sortes
635 5473 715 5527 cotes
728 5471 767 5529 du
786 5486 922 5545 ropaume
976 5473 1012 5531 de
1035 5488 1082 5529 ses
1105 5474 1228 5545 reliques
1247 5472 1319 5529 daus
1337 5470 1447 5546 l'dglise
1470 5471 1506 5529 de
1535 5472 1728 5530 saint-Pierre
1745 5479 1774 5529 et

125 5538 162 5597 da
174 5540 308 5596 westsex
322 5552 359 5597 ou
370 5539 421 5597 des
434 5543 544 5598 Saxona
559 5541 757 5605 occidentaux,
770 5557 788 5616 y
803 5558 921 5600 conver·
976 5544 1144 5602 saint-Paul
1158 5543 1174 5601 b
1190 5543 1380 5602 winchester.

125 5610 158 5666 tit
168 5626 205 5667 uvr
217 5609 310 5693 graud
321 5611 439 5694 nombre
450 5611 485 5669 de
494 5612 605 5694 paiens,
614 5619 642 5669 et
650 5621 731 5670 entre
741 5621 837 5696 autres
847 5615 922 5673 leroi
1014 5616 1055 5745 (Q
1069 5616 1243 5699 liecensetur
1271 5614 1334 5673 hacc
1353 5615 1471 5687 epistola
1493 5614 1523 5672 in
1543 5613 1600 5672 vita
1620 5615 1649 5672 S.
1673 5613 1772 5684 Biriui,

125 5682 271 5757 Cynegvls,
282 5681 413 5754 uurseth
426 5681 551 5756 baptrser
562 5698 598 5741 cn
610 5684 672 5742 635.
685 5685 724 5742 Lo
736 5692 811 5743 salut
824 5687 922 5760 apdtre
976 5702 1031 5760 spu
1066 5686 1189 5756 Surium,
1204 5694 1225 5745 t.
1242 5688 1291 5759 vt,
1304 5687 1322 5747 3
1335 5684 1465 5745 decemb.

251 5820 366 5877 rumen,
384 5820 458 5863 rous
472 5808 509 5863 ll.
1555 5804 1617 5865 ltu
