3802 6166
102 304 141 371 57
734 299 966 363 EPISTOLAE.
987 300 1067 364 nia.
1091 302 1116 363 Ι.
1626 368 1630 375 ,
1705 302 1747 368 58

105 478 185 542 pars
200 463 341 525 adversa
353 461 530 541 postulatis
544 478 565 524 a
580 460 675 524 vobis
689 458 828 523 indutiis
841 456 901 523 de-
952 460 1039 524 dam.
1053 463 1135 525 cum
1148 461 1259 524 autem
1277 458 1339 525 sub
1357 461 1506 541 ipsorum
1520 463 1675 527 examina
1688 476 1747 531 ra·

102 560 320 634 liberatoriis,
334 562 367 624 et
378 559 533 634 obtentis,
549 560 748 638 rescriptum
765 560 901 637 aposto-
952 560 1098 623 tionibus
1111 559 1284 639 utriusque
1301 561 1405 639 partis
1420 560 1626 625 sufficienter
1636 578 1745 642 expo-

103 660 205 722 licum
221 676 280 737 pro
294 674 333 721 eo
346 658 431 737 quod
446 659 481 720 in
497 658 560 721 hac
572 658 754 721 directione
769 657 899 736 spolia·
953 658 1026 719 sitis
1041 658 1124 719 ninii
1137 658 1227 720 aliud
1243 660 1432 737 superesset
1445 658 1511 720 nisi
1523 660 1560 723 ut
1581 662 1747 726 sententia

102 759 182 821 runt
191 756 427 834 liaectiguresp
437 758 561 830 deerat,
575 757 720 820 asseruit
730 757 897 819 vitiosum.
953 755 1180 833 proferretur3
1209 757 1333 835 placuit
1357 757 1507 834 partibus
1534 759 1570 819 in
1602 759 1746 823 arbitros

104 860 300 935 Proponens
331 856 558 928 nihilominus,
591 856 675 935 quod
709 854 899 917 mandatum
953 855 1229 932 compromittere,
1251 856 1284 918 et
1303 856 1632 933 compromissionem
1652 874 1747 921 suam

103 954 296 1033 huiusmodi
315 954 526 1032 expiraverat
548 956 678 1017 mortuo
694 954 897 1027 mandatore,
953 952 1099 1029 praesuta
1113 953 1191 1015 liino
1206 953 1284 1015 inde
1298 953 1362 1015 ilde
1371 954 1515 1017 firmare.
1528 955 1655 1018 Arbitri
1666 972 1747 1019 vero

102 1054 183 1115 licet
193 1057 264 1131 jam
276 1069 296 1114 a
309 1053 403 1114 vobis
416 1054 484 1115 tres
494 1053 680 1127 citationes,
694 1054 748 1115 vel
759 1052 901 1131 quatuor
953 1066 1028 1112 cum
1042 1051 1153 1113 essent
1165 1053 1316 1129 quatuor,
1324 1053 1442 1114 tresex
1457 1054 1517 1125 eis,
1531 1057 1650 1131 quarto
1672 1054 1747 1117 dis·

104 1152 328 1223 emanassent,
344 1167 404 1212 sos
417 1152 528 1213 tamen
543 1151 699 1213 admissis
711 1150 900 1229 hujusmodi
953 1149 1126 1222 sentiente,
1135 1148 1169 1211 in
1186 1166 1286 1213 unam
1300 1151 1498 1213 sententiam
1508 1156 1746 1227 convenerunt,

104 1249 357 1327 exceptionibus
379 1248 518 1322 frivolis,
533 1249 659 1327 inipso
674 1249 807 1327 negotio
822 1264 901 1327 pro-
953 1247 1143 1311 etarbilrati
1156 1247 1275 1310 suntin
1286 1249 1563 1326 praesentiaillius
1573 1251 1683 1328 quarti
1697 1267 1749 1313 re·

104 1349 225 1411 redere
243 1347 429 1411 distulistis.
456 1349 525 1410 Nos
546 1364 626 1424 ergo
640 1347 681 1409 de
699 1348 899 1409 discretione
953 1343 1110 1421 ligionem
1123 1345 1359 1408 canonicorum
1380 1347 1585 1423 regularium
1604 1347 1640 1411 in
1660 1364 1748 1426 prae-

103 1449 218 1510 restra
235 1462 301 1508 non
327 1446 491 1508 modicum
510 1446 724 1519 admirantes,
745 1461 819 1507 cum
841 1460 901 1523 per
952 1443 1040 1506 dicta
1061 1459 1135 1506 esse
1159 1444 1271 1507 Sancti
1301 1445 1453 1507 Sevemm
1480 1446 1622 1507 ecclesia
1639 1446 1749 1509 refor-

104 1544 328 1624 preecedentia
343 1545 377 1605 et
396 1544 568 1621 sequentia
582 1544 660 1606 licet
674 1543 899 1621 exscriptoris
952 1542 1118 1615 mandam,
1159 1542 1261 1605 salvis
1294 1542 1477 1604 honoribus
1507 1543 1540 1605 et
1574 1543 1747 1606 beneflciis

103 1643 187 1705 uitio
202 1642 255 1704 uel
281 1642 508 1719 occupatione,
530 1641 724 1720 praedictum
744 1658 785 1718 sp
800 1641 901 1704 fuerit
953 1640 1153 1702 secularium
1174 1640 1382 1711 clericorum,
1407 1641 1465 1718 qui
1486 1642 1566 1703 tunc
1587 1642 1747 1719 temporis

103 1741 275 1812 omissum,
292 1740 374 1802 satis
389 1739 482 1801 vobis
505 1740 649 1818 potuerit
662 1740 705 1801 de
726 1740 900 1802 mandato-
952 1736 988 1799 iu
1008 1738 1124 1800 cadem
1143 1738 1284 1800 ecclesia
1309 1738 1557 1813 ministrabant3
1584 1739 1631 1801 ita
1659 1738 1746 1819 quod

102 1840 152 1901 ris
166 1838 351 1901 intentione
363 1840 526 1911 constare,
541 1854 602 1901 nec
614 1840 687 1917 ejus
709 1837 899 1900 mandatum
952 1836 1021 1897 illis
1033 1835 1276 1910 decedentibus,
1294 1836 1406 1897 nullus
1418 1836 1465 1898 ibi
1481 1836 1521 1899 de
1536 1838 1657 1908 cetero,
1680 1836 1747 1901 nisi

103 1936 139 1997 iu
152 1937 259 2014 ipsius
270 1935 362 1998 obitu
376 1936 542 2014 expiravit
556 1936 692 2014 eoquod
703 1952 757 1998 res
769 1936 899 2013 integra
948 1933 1118 2011 regularis
1131 1934 1313 1996 canonicus
1325 1935 1515 2012 poneretur.
1537 1936 1690 1998 censum
1704 1936 1748 1999 ab

102 2038 171 2112 jam
197 2050 263 2096 non
286 2036 368 2106 erat,
392 2034 606 2108 accolentes,
632 2035 765 2097 utfinis
786 2034 899 2096 litibus
952 2032 1016 2095 hoc
1034 2031 1173 2095 arbitrio
1197 2032 1342 2094 decanus
1368 2032 1480 2095 Sancti
1505 2034 1656 2111 Severini
1671 2049 1747 2097 cum

104 2134 306 2211 imponatur,
329 2132 521 2195 discretioni
537 2135 657 2196 restrae
678 2148 739 2212 per
759 2134 901 2211 Aposto·
953 2129 1111 2193 fratribus
1125 2132 1195 2192 suis
1207 2130 1249 2192 ad
1263 2131 1381 2193 sedem
1395 2131 1617 2208 Apostolicam
1632 2133 1748 2210 appel-

105 2231 170 2293 lica
190 2230 314 2308 scripta
340 2231 562 2308 praecipiendo
584 2231 790 2304 mandamus,
816 2247 901 2310 qua·
954 2228 1045 2301 lauit,
1073 2244 1139 2291 non
1168 2229 1359 2300 attendens,
1387 2229 1509 2307 quoda
1531 2229 1749 2307 compromis-

104 2330 203 2392 tenuis
214 2328 465 2407 exceptionibus
483 2329 672 2407 lupusmodi
684 2346 751 2391 non
763 2329 902 2391 obstan·
953 2327 1048 2389 sione
1063 2326 1098 2388 in
1119 2326 1262 2390 arbitros
1290 2325 1388 2400 facta,
1413 2326 1447 2389 et
1467 2327 1544 2389 fidei
1567 2327 1749 2406 interposi-

104 2427 205 2500 tibus,
231 2428 266 2488 in
297 2428 430 2504 negotio
443 2428 516 2505 ipso
532 2429 631 2506 juxta
653 2428 801 2505 priorum
820 2444 902 2490 con·
953 2425 1043 2488 tione
1057 2424 1748 2488 firmatanonesseteisdemtutumtemere

105 2525 280 2588 tinentiam
318 2526 516 2599 litterarum,
554 2525 683 2588 sublato
723 2526 902 2603 cujuslibet
953 2523 1096 2585 resilire.
1126 2525 1207 2585 Cum
1235 2538 1315 2600 ergo
1341 2523 1570 2586 controversia
1592 2523 1664 2586 haec
1690 2524 1748 2585 diu

105 2623 379 2687 contradictionis
401 2639 440 2685 ac
465 2623 698 2702 appellationis
717 2623 898 2698 obstaculo,
954 2620 1071 2684 luisset
1088 2621 1123 2683 in
1145 2620 1223 2684 dicti
1246 2622 1501 2699 praedecessoris
1525 2621 1630 2684 nostri
1651 2620 1749 2683 audi-

105 2723 237 2784 ratione
251 2721 375 2799 praevia
391 2722 586 2798 procedatis.
604 2722 796 2784 Mandatum
808 2738 902 2799 apos·
954 2720 1040 2783 torio
1060 2719 1230 2792 ventilata,
1259 2718 1348 2781 idem
1377 2719 1418 2781 de
1443 2720 1588 2798 partium
1613 2719 1748 2783 tandem

107 2821 244 2883 tolicum
256 2819 369 2882 taliter
383 2820 561 2897 impleturi,
577 2820 662 2898 quod
678 2820 765 2883 dicta
784 2819 900 2897 regina
955 2817 1161 2880 confessione
1176 2818 1341 2895 cognovit,
1362 2818 1449 2896 quod
1474 2817 1619 2880 decanus
1635 2816 1749 2881 Sancti

107 2917 573 2996 propterdefectumvestrum
588 2918 903 2995 noncogaturnlte-
956 2917 1106 2979 Severini
1117 2916 1174 2994 qui
1186 2932 1260 2978 cum
1270 2916 1437 2993 aliquibus
1447 2916 1749 2979 concanonicorum

107 3016 176 3077 rius
191 3016 356 3077 laborare.
373 3017 491 3078 Datum
498 3017 663 3089 Laterani,
679 3020 739 3080 XV
753 3017 821 3079 kal.
835 3033 900 3079 no·
955 3031 1090 3077 suorum
1107 3013 1255 3075 habitum
1279 3015 1471 3093 susceperat
1490 3013 1694 3091 regularem,
1712 3015 1748 3075 in
1880 3004 1883 3009 ’

109 3114 265 3183 vembris,
280 3114 490 3192 pontificatus
504 3115 609 3178 nostri
622 3130 709 3178 anno
722 3115 840 3193 primo.
955 3113 1069 3175 eodem
1097 3112 1214 3173 babitu
1233 3111 1319 3173 diem
1346 3112 1467 3174 clausit
1491 3114 1687 3184 extremum,
1715 3113 1748 3175 et

956 3211 1041 3272 alius
1063 3211 1094 3272 ei
1108 3210 1251 3272 decanus
1266 3209 1301 3271 in
1316 3209 1431 3272 habitu
1447 3211 1608 3272 successit
1619 3211 1746 3283 eodem,

426 3284 586 3371 XXXIX
956 3308 1133 3386 nullusque
1158 3308 1204 3418 ibi
1226 3308 1371 3369 decanus
1401 3309 1474 3385 post
1505 3308 1746 3370 institutionem

110 3438 160 3495 Aa
189 3436 328 3497 abbates
354 3437 389 3497 S·
418 3438 584 3499 mmm
606 3438 842 3515 mmmmm
870 3436 904 3499 ee
956 3407 1158 3484 regularium
1183 3423 1216 3466 m
1232 3405 1375 3467 seculari
1390 3406 1441 3467 est
1459 3405 1574 3467 habitu
1589 3405 1751 3468 substitu-

369 3534 489 3596 Fontis
517 3537 644 3597 Dum&
956 3503 1403 3583 tuspraeterit.q11icoram
1423 3504 1604 3565 memorato
1618 3502 1750 3581 praede-

957 3618 1090 3665 cessore
1109 3603 1221 3665 nostro
1245 3603 1280 3663 in
1304 3601 1463 3663 suscitata
1478 3601 1599 3663 exinde
1613 3602 1750 3663 contro-

290 3780 295 3791 ,
341 3698 344 3702 ’
398 3656 618 3790 1110111116·
816 3780 822 3792 .
957 3701 1067 3764 versia
1081 3699 1339 3777 litigabat.Unde
1349 3698 1573 3777 praedecessor
1587 3698 1685 3769 idem,
1697 3698 1751 3761 his

144 3780 351 3846 [¹¹⁹⁸‘⁸²··¹¹¹‘·¹’
363 3779 557 3844 ⁰⁹¹³⁸·⁴¹·³¹⁸⁸·
569 3782 606 3835 ¹⁴³
621 3780 744 3869 ΜΨ
761 3781 855 3845 ”¹⁰st4
958 3799 1081 3862 auditis
1100 3800 1133 3862 et
1155 3798 1307 3876 cognitis,
1334 3798 1543 3862 considerata
1558 3797 1659 3861 etiam
1681 3796 1752 3860 dis-

114 3896 268 3955 Abbatibus
286 3898 315 3955 s.
331 3895 469 3955 iohannis
487 3891 696 3971 angliacensis,
720 3897 817 3955 Fontis
835 3897 903 3956 bul-
958 3899 1104 3961 cretione
1119 3900 1153 3961 et
1173 3896 1349 3975 prudentia
1369 3897 1433 3976 piae
1452 3895 1694 3960 recordationis
1711 3898 1749 3958 d.

143 3986 603 4137 minitabatur
620 3986 905 4151 inoliti
958 3994 1662 4157 u⁰a¹÷¹¹¹¹.,ffl¹;⁶⁰a1ffl·,allatas*

814 4119 820 4133 ·
981 4112 1044 4157 loe
1072 4112 1130 4156 mu
1167 4110 1231 4156 no
1269 4110 1305 4156 ro
1329 4110 1471 4157 os1orn
1511 4110 1592 4155 raes
1643 4108 1752 4154 ecce-

144 4164 235 4225 ¹⁸¹⁸¹¹¹
267 4166 296 4223 ⁵¹¹
325 4166 519 4223 ⁰⁰⁰¹¹⁰l⁰¹⁸l⁰
539 4165 625 4266 ,initi
658 4166 905 4267 ”wllelbfflllffl
958 4113 1010 4255 {aa
1032 4193 1145 4255 sanctu
1167 4111 1535 4268 sevsssrnirengiongm
1550 4191 1641 4253 iliius
1656 4190 1752 4252 orut-

146 4252 594 4401 Ἠξῗξὲωἳῗὲἓωθέᾚ
617 4254 645 4398 Sl·
671 4255 799 4355 1111111111
820 4269 906 4330 111111
959 4291 1011 4353 nis
1033 4291 1231 4363 instituerat,
1255 4290 1428 4352 attendens
1444 4290 1544 4352 etiam
1568 4289 1751 4351 conflrma-

177 4359 215 4401 ⁸¹
260 4359 268 4399 ¹
340 4357 374 4403 ⁰⁸
395 4358 443 4401 ⁰¹
480 4358 513 4401 111
559 4356 745 4416 ‘guam’
959 4391 1066 4452 tiones
1087 4389 1368 4466 praedecessorum
1382 4386 1489 4450 felicis
1503 4388 1671 4450 memoriae
1686 4390 1755 4448 Eu-

150 4487 330 4557 Honorius,
347 4488 421 4559 eto,
436 4486 566 4549 dilectis
580 4486 657 4549 liliis
678 4489 790 4550 Sancti
804 4490 908 4552 Joan-
959 4487 1049 4565 genii
1077 4489 1110 4550 et
1136 4486 1287 4560 Adriani,
1302 4488 1526 4549 Romanorum
1542 4485 1750 4555 Pontificum,

116 4585 164 4646 nis
187 4584 381 4661 angliacen.
411 4585 525 4646 Fontis
549 4585 673 4658 Dulcis,
698 4586 753 4666 de,
766 4586 907 4649 Baciaco
961 4586 1016 4665 qui
1060 4584 1230 4664 praefatam
1272 4585 1517 4647 institutionem
1556 4583 1754 4646 auctoritate

114 4682 288 4745 abbatibus
302 4683 465 4745 xancton.
483 4683 647 4745 dioecesis.
959 4684 1149 4763 Apostolica
1176 4683 1390 4759 roborarunt3
1416 4682 1633 4746 nihilomiuus
1659 4682 1755 4742 iusu-

151 4784 191 4843 ln
224 4782 356 4858 regesto
393 4780 501 4843 felicis
536 4782 777 4844 recordationis
813 4783 907 4844 Lucii
961 4798 1020 4860 per
1047 4798 1149 4859 grave
1175 4783 1207 4844 et
1231 4782 1386 4844 illicitum
1418 4782 1577 4859 reputans
1605 4777 1755 4857 praebere

114 4894 208 5039 pap?
243 4879 498 5039 praedecgssoris
537 4880 642 5039 ntostri
678 4882 908 5040 perspexinlsus
962 4881 1206 5043 οοηῐιὶνθηῖέἓῐη
1220 4880 1274 5042 utel
1288 4880 1448 5040 praestaze
1470 4878 1629 5040 steinvorem,
1644 4878 1681 4939 ut
1698 4878 1753 4989 te·

114 4992 174 5040 con
191 4992 367 5055 mer1,quo
400 4992 550 5039 cumcun
565 4994 727 5052 reversis,
741 4996 813 5057 quae
829 4996 848 5042 o
863 4996 908 5041 rm
961 4997 1052 5044 mere
1074 4997 1130 5043 rec
1173 4996 1229 5042 ere
1246 4994 1287 5040 ur
1309 4995 1329 5041 a
1355 4995 1414 5041 sen
1430 4994 1470 5040 en
1499 4991 1754 5055 acompromis-

114 5074 201 5138 inter
214 5079 387 5156 majorem,
402 5077 435 5138 et
452 5077 565 5138 Sancti
586 5078 736 5139 Severini
748 5077 908 5141 ecclesias
961 5080 1066 5144 sionis
1088 5079 1166 5141 fidei
1185 5077 1348 5155 religione
1366 5077 1517 5146 firmatae,
1533 5077 1573 5138 de
1588 5075 1755 5139 communi

113 5174 333 5251 burdegalen.
361 5190 461 5251 super
490 5174 698 5237 institutione
725 5176 907 5240 canonico·
962 5179 1101 5242 consilio
1122 5176 1261 5239 fratrum
1277 5192 1413 5238 suorum
1432 5175 1563 5251 cognita
1579 5190 1680 5236 causa
1695 5171 1757 5235 de-

113 5288 185 5335 rum
198 5272 404 5349 regularium
419 5271 620 5346 vertebatur,
637 5273 679 5335 ad
701 5274 806 5352 ipsius
821 5291 910 5352 prae·
961 5278 1009 5340 dit
1035 5276 1244 5349 sententiam,
1267 5276 1303 5337 ut
1324 5273 1504 5336 secundum
1530 5273 1615 5352 quod
1636 5270 1755 5334 arbitri

112 5370 299 5433 decessoris
322 5370 428 5433 nostri
457 5370 661 5434 audientiam
690 5373 906 5449 pervenisset,
962 5374 1268 5454 pronuntiaverant,
1296 5372 1376 5434 ordo
1400 5372 1635 5434 canonicorum
1655 5386 1757 5447 regu-

111 5468 198 5533 idem
213 5485 289 5533 eam
312 5468 416 5531 bonse-
428 5470 596 5531 memoriae
611 5472 664 5531 W.
689 5471 907 5548 Burdegalen.
962 5473 1082 5537 larium
1103 5473 1138 5534 in
1151 5470 1289 5550 praefata
1309 5471 1547 5533 reformaretur
1561 5468 1674 5531 Sancti
1690 5471 1755 5529 Se-

112 5568 378 5647 archispiscopo,
394 5568 428 5631 et
445 5567 600 5648 episcopo
617 5568 825 5632 lemovicen.
847 5586 910 5632 au·
962 5571 1070 5635 verini
1094 5569 1235 5633 ecclesia
1251 5569 1419 5649 perpetuis
1444 5567 1566 5630 ibidem
1590 5565 1755 5643 tempori-

112 5666 267 5730 diendsm
281 5666 460 5742 commisit,
475 5667 509 5730 et
523 5666 588 5729 tine
601 5666 910 5734 debitoterminan-
942 5670 1024 5745 >bus
1065 5668 1329 5745 conservandum
1365 5666 1412 5731 ite
1450 5669 1486 5730 ut
1526 5663 1756 5727 deficientibus
