3802 6166
103 246 163 325 129

142 410 256 473 Ennes
271 408 350 471 sunt
363 421 593 470 niensurarum
608 405 725 476 sortes,
742 402 820 483 quia
832 417 897 464 an-

101 507 187 586 tiqui
203 506 337 569 funibus
356 505 577 568 metiebantur
594 506 701 567 terras
727 503 761 564 in
787 500 896 579 parti-

105 608 206 669 tione.
233 605 393 667 Dominus
421 618 500 680 ergo
526 602 666 680 partitus
694 602 746 663 est
771 602 894 671 terras,

103 704 202 776 idest,
219 702 347 764 animas
362 718 436 763 cum
451 699 593 772 diabolo,
609 698 809 762 utvidelicet
825 713 897 759 om-

103 817 163 863 nes
178 800 300 863 animae
314 799 429 861 fideles
443 800 554 861 essent
564 799 741 860 baereditas
752 795 893 868 Domini,

101 898 256 961 infideles
271 897 447 959 haereditas
470 896 605 968 diaboli,
623 896 765 956 humiles
786 896 896 957 essent

101 997 281 1059 baereditas
306 995 377 1066 Dei,
402 994 536 1072 superbi
559 995 738 1056 baerediias
760 992 893 1054 diaboli.

101 1097 214 1156 Funes
250 1090 442 1154 ceciderunt
472 1092 611 1154 Domino
640 1091 673 1151 in
704 1090 892 1168 praeclaris,

99 1192 187 1253 idest
201 1205 366 1253 mensurae
387 1190 487 1252 sertis
502 1193 574 1266 ejus
588 1188 770 1251 evenerunt
784 1188 818 1250 in
831 1188 896 1248 hu-

98 1288 237 1350 milibus
249 1287 435 1349 animabus.
450 1287 601 1349 Humiles
616 1288 725 1348 autem
741 1286 895 1348 dicuntur

97 1384 283 1462 praeclarae,
309 1384 411 1455 idest,
447 1383 544 1444 valde
570 1383 685 1451 clarae,
713 1383 792 1460 quia
818 1384 894 1445 ante

97 1482 216 1544 oculos
232 1482 303 1554 Dei,
320 1481 405 1543 nibil
428 1480 479 1543 est
495 1481 619 1543 clarius
639 1481 698 1542 aut
717 1481 893 1557 pretiosius

96 1579 300 1651 bumilitate,
318 1579 404 1642 sicut
418 1578 502 1640 nibil
514 1578 645 1655 turpius
659 1579 711 1640 est
723 1578 781 1639 aut
794 1577 893 1639 vilius

95 1678 297 1739 elevatione.
314 1677 499 1739 Haerediias
518 1675 649 1738 Domini
669 1674 830 1753 praeclara
844 1675 894 1737 est

96 1777 142 1846 ei,
157 1775 236 1853 quia
262 1776 405 1837 humiles
428 1775 559 1846 animae,
587 1772 739 1852 quamvis
765 1773 832 1835 sint
858 1773 893 1835 in

95 1873 162 1934 boc
182 1873 304 1935 mundo
323 1875 496 1951 despecte,
521 1870 633 1934 tamen
654 1886 766 1940 coram
789 1871 893 1934 oculis

94 1969 233 2031 Domini
247 1969 324 2031 sunt
337 1971 501 2047 pretiosae.

137 2066 290 2130 Coelestis
317 2068 425 2146 patria
459 2067 581 2130 dicitur
606 2070 774 2142 Cesarea,
809 2068 896 2130 idest

94 2165 267 2243 possessio
302 2163 479 2243 principis,
510 2167 587 2243 quia
623 2166 717 2228 illam
748 2167 894 2245 possidet

94 2263 271 2334 Christus,
310 2263 390 2340 qui,
429 2263 515 2325 sicut
549 2263 630 2326 dicit
661 2265 808 2327 loannes
856 2263 893 2324 in

92 2360 299 2437 Apocalypsi
321 2361 414 2423 :Est
443 2365 614 2437 Princeps
635 2376 759 2438 reae-m
786 2361 894 2424 terroe

94 2458 214 2535 (Apoc.
231 2474 254 2529 1,
278 2457 323 2537 5).
345 2461 391 2520 De
415 2475 480 2536 qua
501 2459 696 2521 haereditate
719 2459 791 2521 sive
811 2475 892 2537 pos-

93 2557 248 2618 sessione
272 2555 394 2619 dicitur
415 2556 449 2617 in
478 2557 629 2634 psalmo:
653 2561 739 2620 Cum
761 2558 894 2620 dederit

94 2654 231 2716 dilectis
252 2657 327 2717 suis
350 2669 525 2728 somnum,
546 2660 618 2719 uoec
635 2656 688 2717 eoi
708 2658 894 2719 heredites

95 2755 241 2815 Domini
254 2749 323 2832 (Ps.
342 2752 410 2826 les,
425 2751 472 2832 3).
489 2755 578 2815 Mors
594 2754 715 2816 dicitur
729 2770 890 2827 somnum,

96 2850 181 2927 quia
205 2852 274 2913 tam
290 2849 389 2913 facile
404 2851 652 2914 suscitabuntur
665 2869 686 2914 a
703 2855 782 2925 Deo,
795 2869 893 2931 quam

93 2945 197 3008 facile
223 2945 322 3009 bomo
347 2948 567 3011 suscitatura
593 2963 720 3022 somno,
741 2950 794 3012 vel
819 2950 893 3012 ideo

92 3043 177 3120 quia
198 3043 286 3106 sicut
303 3060 424 3123 corpus
441 3047 620 3124 requiescit
643 3048 678 3108 in
693 3063 819 3121 somno,
845 3048 892 3110 ita

91 3140 220 3203 animae
233 3144 429 3204 Sanctorum
442 3145 516 3221 post
530 3147 669 3206 mortem
682 3145 893 3223 requiescunt

92 3238 131 3298 in
143 3240 225 3300 Deo.
242 3240 322 3301 Cum
336 3241 439 3317 igitur
451 3240 579 3305 dederit
594 3259 746 3305 somnum
761 3244 893 3306 dilectis

92 3336 180 3409 suis,
201 3336 298 3410 idest,
317 3348 391 3400 cum
412 3339 540 3403 dederit
564 3341 713 3419 requiem
740 3342 892 3404 fidelibus

92 3433 181 3506 suis,
195 3434 381 3512 suscipiens
395 3437 545 3514 ipsorum
563 3439 692 3501 animas
708 3441 781 3517 post
802 3456 894 3501 mor-

90 3534 176 3605 tem,
189 3532 262 3595 baec
275 3535 325 3596 esi
337 3534 514 3598 haeroditas
535 3538 677 3609 Domini,
703 3538 799 3607 idest,
818 3554 893 3599 ma-

90 3629 218 3692 nifesta
233 3632 267 3693 et
277 3648 441 3709 praesens3
458 3635 491 3697 et
505 3634 628 3696 donata
641 3636 704 3697 erit
713 3635 893 3697 baereditas

91 3728 230 3789 Domini
256 3730 398 3791 Sanctis.
426 3733 586 3793 Dominus
616 3735 714 3796 lesus
742 3733 893 3795 venitin

90 3826 210 3903 partes
238 3828 398 3891 Caesareae
428 3829 589 3907 Philippi,
612 3830 708 3904 idest,
736 3831 892 3895 Ecclesiae

92 3923 308 4000 perverbum
326 3927 583 4002 praedicationis,
599 3930 689 4007 quia,
713 3930 800 3992 sicut
814 3930 894 3993 dicit

91 4021 286 4096 Apostolus,
302 4023 373 4100 ipse
388 4023 439 4085 est
454 4024 510 4102 qui
533 4026 679 4103 loquitur
690 4028 725 4088 in
738 4026 845 4099 nobis,
862 4029 895 4090 et

92 4117 230 4193 quando
239 4119 376 4181 verbum
387 4122 459 4199 ejus
469 4122 670 4199 praedicatur
683 4125 718 4185 iu
731 4125 891 4197 Ecclesia,

92 4213 170 4289 ipse
183 4216 276 4278 venit
295 4217 331 4277 in
354 4219 465 4294 partes
483 4222 654 4282 Caesareae.
674 4223 767 4283 lianc
782 4223 895 4283 Caesa-

92 4326 190 4374 ream
216 4313 313 4377 debet
340 4317 506 4379 aediflcare
526 4318 715 4397 Philippus,
732 4321 818 4397 quod
834 4320 892 4381 in·

93 4412 301 4487 terpretatur
321 4428 359 4474 os
383 4415 556 4492 lampadis,
577 4415 663 4478 idest
677 4416 890 4490 luminosum,

93 4507 185 4569 idest
202 4508 328 4572 lumine
349 4527 525 4573 accensum
539 4528 605 4591 ‚per
618 4513 756 4577 verbum
768 4515 894 4578 doetri-

91 4621 148 4667 nae
163 4605 332 4671 salutaris.

137 4704 219 4765 ltem
240 4707 399 4771 Dominus
413 4712 510 4773 Jesus
524 4711 616 4774 venit
637 4712 672 4774 in
694 4713 806 4789 partes
821 4714 895 4775 Cs-

546 242 730 306 x1.-1N
752 240 972 313 millenus
994 240 1143 315 SANCTI
1167 246 1302 309 PETRI.

951 414 1026 468 esse
1052 406 1181 469 edium
1207 409 1394 471 bominis...
1426 408 1501 473 Non
1527 410 1746 489 interrogavit

951 503 1109 565 Dominus
1121 504 1312 583 discipulos,
1324 506 1360 568 ut
1374 505 1416 568 ab
1428 507 1478 568 eis
1493 507 1619 587 aliquid
1633 511 1748 574 addis-
1838 590 1842 597 ι
1876 508 1880 517 “

950 604 1049 673 cerei,
1064 601 1121 663 sed
1138 603 1174 665 ut
1187 604 1428 666 contessionem
1439 605 1573 668 illorum
1583 607 1682 684 digne
1696 625 1747 672 re·

950 700 1150 761 muneraret.
1166 701 1259 762 Unde
1271 701 1547 765 considerandum
1560 707 1610 768 est
1622 709 1745 783 quanta

950 798 1218 859 remuneratione
1245 798 1365 874 dignus
1398 801 1467 873 est,
1505 803 1558 862 vel
1586 806 1745 880 quantum

949 894 1188 970 glorificabitur
1211 897 1267 973 qui
1289 897 1427 983 Domino
1443 898 1576 960 assidue
1591 900 1626 961 in
1650 902 1746 976 psal-

949 992 1012 1051 mis
1041 992 1073 1053 et
1105 992 1310 1054 orationibus
1339 994 1525 1067 confltetur,
1562 996 1591 1056 si
1625 999 1745 1061 Petrus

949 1089 1075 1151 tantum
1091 1089 1245 1151 laudatus
1260 1092 1310 1152 est
1331 1090 1371 1151 de
1387 1107 1453 1152 una
1466 1093 1683 1155 consessione.
1709 1095 1744 1156 Si
1837 1124 1840 1129 ·

949 1187 1036 1247 enim
1053 1189 1281 1249 remuneratus
1296 1188 1347 1249 est
1361 1188 1417 1249 ille
1430 1205 1489 1265 pro
1504 1206 1569 1250 una
1583 1191 1654 1253 sola
1669 1208 1746 1253 con·
1792 1194 1795 1199 '

949 1283 1102 1356 sessione,
1119 1284 1166 1346 ita
1181 1284 1217 1346 ut
1230 1285 1341 1346 claves
1353 1287 1446 1363 regni
1463 1286 1621 1349 coelorum
1636 1305 1745 1351 mere-
1866 1358 1872 1371 Ι

948 1384 1042 1444 retur
1055 1383 1217 1461 accipere,
1233 1382 1337 1445 multo
1352 1384 1459 1459 magis
1474 1384 1570 1448 debet
1588 1403 1744 1450 remune-

948 1480 1017 1541 rari
1038 1495 1098 1556 pre
1127 1480 1239 1542 multis
1267 1480 1531 1544 confessionibus
1559 1483 1657 1546 bomo
1687 1485 1743 1564 qui

948 1579 1015 1639 Dee
1029 1578 1203 1640 confltetur
1217 1577 1362 1640 assidue.

988 1672 1094 1742 Quem
1108 1677 1225 1738 dicum
1235 1679 1390 1739 besaines
1402 1693 1476 1740 esse
1492 1682 1621 1742 Filium
1633 1683 1745 1743 domi-

948 1776 1025 1837 rtis?
1050 1775 1238 1836 Notandum
1258 1778 1319 1848 est,
1336 1776 1421 1853 quod
1445 1778 1588 1854 quatuor
1602 1778 1745 1840 diversi-

947 1872 1031 1932 tates
1042 1873 1234 1948 opinionum
1247 1872 1389 1936 babebat
1399 1875 1539 1951 populus
1549 1877 1590 1936 de
1600 1876 1741 1937 Christo.
1816 1890 1821 1897 ·

947 1969 1012 2030 Alii
1028 1969 1181 2032 dicebant
1194 1986 1270 2031 eum
1285 1987 1359 2033 esse
1370 1974 1389 2033 J
1392 1988 1532 2034 oannem
1547 1975 1741 2051 baptistam,

947 2067 1006 2129 alii
1030 2068 1173 2129 Ellam...
1199 2069 1291 2141 Quod
1315 2070 1398 2131 siin
1422 2071 1531 2132 verbis
1558 2072 1742 2148 Evangelii,

948 2166 1015 2228 iota
1030 2183 1132 2227 unum
1151 2168 1210 2229 aut
1223 2183 1309 2246 apex
1329 2184 1415 2229 unus
1434 2184 1499 2229 non
1515 2170 1650 2246 ponitur
1670 2170 1743 2231 sine

948 2279 1059 2336 causa,
1076 2263 1232 2326 debemus
1247 2266 1310 2327 ista
1323 2267 1462 2342 mystica
1469 2266 1744 2344 interpretatione

947 2361 1123 2434 discutere,
1149 2363 1245 2424 etex
1267 2363 1336 2424 illis
1351 2379 1425 2441 quae
1441 2366 1520 2425 tunc
1542 2364 1630 2427 iacta
1652 2367 1741 2439 sunt,

948 2459 1025 2536 quid
1048 2458 1084 2520 in
1099 2460 1221 2521 nostris
1235 2459 1439 2537 temporibus
1458 2460 1525 2532 ilat,
1547 2477 1741 2536 agnoscere.

948 2558 1095 2628 Quatuor
1121 2557 1233 2634 itaque
1260 2558 1301 2618 de
1329 2558 1440 2618 causis
1469 2561 1565 2619 erant
1591 2558 1743 2621 homines

948 2655 1047 2732 hujus
1062 2655 1231 2732 temporis,
1258 2656 1292 2717 et
1311 2654 1363 2716 illi
1386 2670 1517 2717 errores
1541 2657 1619 2717 sunt
1642 2672 1745 2718 causa

947 2752 1048 2815 totius
1063 2752 1260 2831 iniquitatis.
1271 2753 1337 2814 ulii
1355 2753 1444 2814 enim
1459 2752 1611 2815 homines
1626 2753 1741 2816 dicunt

947 2852 1122 2912 Dominum
1140 2853 1254 2914 Jesum
1275 2850 1394 2912 durum
1410 2852 1657 2928 praeceptorem,
1684 2851 1744 2914 alii

947 2963 1102 3025 asperum
1125 2948 1283 3026 Judicem,
1311 2947 1371 3009 alii
1393 2964 1515 3024 agnum
1538 2950 1662 3021 mitem,
1684 2949 1745 3011 alii

947 3063 1001 3108 res
1025 3047 1187 3108 humanas
1210 3062 1277 3108 non
1300 3047 1483 3108 curantem.
1509 3048 1634 3107 Durum
1662 3063 1745 3124 prae-

948 3146 1113 3221 ceptorem
1127 3144 1241 3206 dicunt
1250 3146 1268 3206 J
1271 3160 1375 3215 osum,
1385 3143 1443 3221 qui
1452 3144 1527 3205 ideo
1539 3144 1655 3206 nolunt
1669 3148 1744 3222 ejus

947 3244 1112 3320 praecepta
1138 3257 1284 3314 servare,
1312 3242 1391 3319 quia
1415 3242 1532 3319 putant
1550 3242 1667 3316 gravia
1691 3241 1745 3304 vel

947 3340 1171 3417 importabilia
1191 3355 1276 3402 esse.
1307 3340 1400 3402 Unde
1415 3339 1530 3400 dicunt
1553 3339 1634 3400 illud
1657 3338 1744 3416 quod

947 3438 1080 3515 quidam
1095 3437 1248 3515 discipuli
1261 3437 1428 3509 dixerunt,
1441 3435 1571 3513 quando
1582 3452 1601 3496 a
1612 3436 1743 3497 curisto

947 3535 1184 3597 recesserunt:
1207 3537 1327 3595 Derris
1351 3533 1404 3596 est
1425 3536 1480 3595 bic
1504 3547 1631 3594 sermo.
1663 3534 1744 3598 Quis

944 3634 1056 3709 potest
1079 3646 1159 3694 mem
1176 3633 1320 3692 aiediret
1349 3629 1482 3701 Quoties
1504 3628 1606 3690 verba
1629 3628 1689 3689 Dei
1708 3629 1744 3690 in

947 3730 1096 3793 Ecclesia
1119 3728 1338 3807 predicamus
1353 3731 1386 3790 et
1400 3728 1582 3789 luxuriosis
1598 3726 1745 3789 homini-

946 3828 1008 3891 bus
1035 3831 1150 3891 tenere
1184 3827 1361 3889 suademus
1391 3826 1593 3897 castitatem,
1630 3825 1745 3887 dicunt

947 3928 1044 3990 nobis
1067 3930 1177 3994 :Nou
1192 3940 1377 4001 possumus
1397 3926 1465 3986 istu
1487 3927 1613 3999 secere.
1641 3922 1744 3995 Quasi

948 4027 1121 4088 dicerent:
1137 4028 1246 4086 Durus
1262 4026 1313 4086 est
1330 4024 1385 4084 liic
1400 4038 1521 4094 sermo,
1542 4022 1617 4099 quis
1639 4023 1746 4098 potest

948 4140 1023 4185 eum
1038 4123 1174 4185 audiret
1201 4121 1361 4184 Similiter
1375 4121 1489 4182 dicunt
1503 4120 1608 4182 etalii
1625 4118 1744 4181 crimi-

948 4223 1034 4294 nosi,
1051 4221 1108 4299 qui
1121 4221 1195 4281 ideo
1210 4220 1324 4281 dicunt
1335 4235 1371 4280 se
1385 4234 1452 4279 non
1468 4232 1564 4295 posse
1579 4218 1745 4294 praecepta

948 4319 1006 4380 Dei
1021 4334 1168 4390 servare,
1185 4318 1263 4395 quia
1282 4333 1348 4379 non
1368 4316 1434 4377 illis
1454 4316 1531 4377 data
1546 4316 1597 4377 est
1611 4314 1742 4390 gratia:

948 4416 1005 4478 sed
1029 4415 1258 4493 proculdubio
1281 4413 1366 4474 nibil
1385 4413 1476 4474 aliud
1496 4414 1557 4484 est,
1581 4411 1646 4473 nisi
1666 4410 1745 4488 quia

947 4514 1065 4576 nolunt
1079 4513 1226 4591 recipere
1240 4512 1394 4588 gratiam,
1415 4527 1514 4589 quam
1530 4510 1663 4588 possent
1682 4508 1746 4568 ba-

947 4612 1025 4673 bere
1046 4611 1251 4689 perpetuam.
1274 4609 1331 4672 lsti
1350 4610 1470 4673 vocant
1492 4608 1666 4669 Dominum
1687 4607 1746 4667 Je-

948 4727 1021 4771 sum
1040 4713 1203 4774 loannem
1227 4708 1420 4785 Baptistam,
1440 4705 1535 4774 idest,
1552 4703 1643 4764 durae
1664 4718 1746 4764 cen-

1688 254 1748 315 ¹30
1893 288 1896 297 ·

92 4816 203 4863 sareae
230 4803 393 4882 Philippi,
424 4808 555 4884 quando
581 4826 641 4886 per
665 4810 796 4871 radium
824 4827 893 4872 sure
948 4808 1148 4870 versationis
1169 4808 1202 4869 et
1226 4804 1468 4884 praeceptionis.
1491 4803 1576 4863 Nam
1599 4802 1746 4863 loannes

92 4898 353 4963 illuminationis
373 4904 541 4968 illuminat
566 4909 709 4969 mentem
735 4908 891 4981 bominis,
948 4905 1095 4984 Baptista
1124 4920 1185 4965 nec
1207 4903 1280 4965 cibo
1308 4900 1478 4962 hominum
1504 4915 1567 4960 nec
1599 4896 1747 4960 uestibus
1855 4924 1875 4983 '.

91 4998 197 5073 atque
222 5002 423 5076 compungit.
450 5003 544 5066 Unde
566 5005 602 5065 in
626 5006 834 5081 Evangelio:
857 5009 895 5069 St
950 5003 1113 5074 utebatur,
1138 5001 1195 5062 sed
1219 5001 1346 5062 tantum
1371 4997 1527 5067 locustas,
1544 4996 1577 5058 et
1598 4996 1662 5056 mel
1686 4995 1748 5056 sil-

90 5096 297 5172 qutsdtliptt
309 5113 377 5170 me,
390 5116 588 5164 sennonem
599 5118 717 5165 meum
729 5104 893 5177 servabit,
949 5103 1059 5164 vestre
1079 5099 1198 5161 edebat
1220 5099 1277 5160 :et
1295 5096 1372 5175 pilis
1399 5096 1601 5157 camelorum
1626 5092 1749 5155 vestie-

91 5192 129 5252 et
139 5192 360 5258 Patermeus
370 5199 486 5274 ddiaet
495 5199 732 5280 eum...(Joan.
743 5218 816 5275 x1v,
828 5199 918 5282 23).
949 5199 1057 5271 batur,
1085 5199 1119 5260 et
1144 5198 1219 5259 ideo
1247 5197 1337 5258 recte
1369 5209 1430 5271 per
1456 5209 1532 5255 eum
1561 5192 1643 5252 dura
1668 5207 1750 5252 con-

93 5290 179 5349 ltem
189 5291 349 5354 Dominus
358 5296 456 5356 ,lesus
465 5298 602 5360 venitin
613 5300 723 5376 partes
733 5302 895 5363 Caesareae
950 5296 1112 5368 versatio,
1144 5295 1294 5371 duraque
1330 5291 1508 5370 praeceptio
1540 5290 1746 5364 designatur.

91 5385 257 5464 Philippi,
282 5391 414 5467 quando
437 5394 626 5457 videntibus
655 5398 821 5474 Apostolis
846 5400 897 5461 est
950 5401 1112 5472 Asperum
1129 5393 1277 5470 judicem
1298 5390 1413 5452 dicunt
1432 5393 1564 5459 lesum,
1590 5386 1646 5464 qui
1673 5385 1749 5446 ideo

92 5484 251 5547 elevatus
273 5486 308 5548 in
331 5490 462 5551 coelum.
490 5495 530 5554 Et
548 5494 767 5572 interrogavit
791 5496 896 5559 disci·
951 5494 1128 5570 desperant
1143 5491 1183 5552 de
1200 5492 1410 5568 peccatorum
1424 5501 1559 5547 suorum
1582 5484 1750 5559 magnitu-

92 5582 195 5660 pulos
218 5598 297 5645 suos
319 5585 434 5649 dicens
455 5611 462 5649 :
480 5593 586 5658 Quem
605 5595 722 5655 dimini
742 5599 898 5660 domines
951 5593 1040 5663 dine,
1052 5590 1108 5669 qui
1122 5589 1237 5667 putant
1248 5590 1351 5649 Deum
1361 5586 1489 5648 tantum
1500 5581 1748 5643 misericordem

241 5720 355 5766 essuos.
372 5724 445 5768 sous
458 5714 483 5771 ll
487 5755 493 5768 .
1525 5704 1577 5761 δ’·
