3794 6166
123 226 184 285 ars
354 286 362 293 ,
418 313 424 317 ¹
737 223 913 295 noucnu
935 225 980 286 111
1002 226 1150 291 orsas.
1343 210 1347 215 ’
1426 290 1430 296 ,
1486 224 1490 228 ·
1712 232 1765 294 ne

116 384 287 448 fundatori
301 384 453 448 ecclesiae
468 381 556 446 beati
573 382 669 447 Pauli
682 380 723 446 de
737 381 844 456 Kalis,
860 399 918 446 sa-
969 400 1026 452 ras
1048 385 1123 450 tuas
1144 385 1241 453 nobis
1259 387 1433 455 humiliter
1452 389 1663 467 supplicasti,
1683 392 1766 453 utin

117 483 219 545 lutam
236 484 268 544 et
281 482 498 560 apostolicam
508 478 782 542 benedictionem.
971 484 1181 548 seccoviensi
1197 485 1338 549 ecclesia
1353 491 1420 551 tuae
1438 488 1537 550 dioec.
1551 488 1766 566 episcopalem

158 581 249 643 Solet
277 595 425 641 annuere
450 578 569 651 sedes,
610 579 697 640 etc...
733 577 914 643 Ecclesiam
970 581 1082 643 sedem
1112 584 1264 656 creandi,
1296 585 1357 647 tibi
1383 585 1558 649 licentiam
1594 587 1767 649 concedere

116 679 206 741 beati
221 678 318 740 Pauli
330 678 371 738 de
386 677 491 748 italis,
518 692 579 737 nec
607 692 674 737 non
699 676 732 740 et
755 693 915 754 personas
971 679 1194 756 dignaremur.
1211 684 1332 745 Parato
1347 683 1387 744 de
1401 700 1546 746 assensn
1560 684 1700 762 capituli
1713 685 1766 758 tui,

116 777 153 838 in
177 793 216 839 ea
241 776 380 837 Domino
408 774 619 846 famulantes,
650 790 726 835 cum
750 774 914 844 omnibus,
970 777 1002 838 ai
1017 794 1117 839 unam
1133 779 1768 845 diaetametdimidiamindioec.ettre

118 874 236 954 quaein
247 871 914 953 praesentiarumrationabiliterposstdet‚
971 877 1085 937 cantas
1104 893 1234 940 marcas
1253 878 1289 940 in
1310 879 1496 942 redditibus
1515 880 1705 956 assignare,
1727 880 1768 942 ila

117 973 176 1035 aut
208 972 243 1033 in
272 971 418 1033 futurum
442 970 542 1047 justis
571 970 698 1042 modis,
738 972 916 1049 praestante
972 975 1007 1034 ut
1021 989 1080 1050 per
1101 976 1213 1037 omnia
1232 977 1339 1054 ipsius
1363 978 1515 1040 ecclesiae
1538 980 1679 1040 seccov.
1699 979 1767 1056 jme

116 1069 267 1140 Domino,
284 1068 405 1145 poterit
419 1068 570 1144 adipisci,
588 1068 649 1130 sub
664 1068 753 1131 beati
768 1069 858 1130 Petri
885 1070 917 1129 et
971 1071 1077 1143 salvo,
1092 1072 1175 1134 nihil
1200 1073 1241 1136 de
1258 1074 1355 1137 honis
1370 1076 1477 1154 ipsius
1491 1076 1533 1138 ad
1549 1075 1767 1154 episcopalem

115 1166 228 1227 nostra
241 1165 447 1243 protectione
462 1165 677 1242 suscipimus,
694 1167 727 1227 et
741 1165 917 1243 praesentis
971 1168 1164 1232 cathedram
1178 1173 1411 1245 transferatur,
1441 1190 1504 1236 nec
1525 1173 1634 1234 ullum
1655 1172 1768 1235 exinde

116 1262 683 1341 scriptipatrociniocommunimus.
693 1263 787 1325 Nulli
797 1277 913 1339 ergo...
971 1263 1267 1342 indignitatibus,
1296 1267 1524 1342 libertatibus,
1556 1267 1767 1331 consuetudi·

116 1362 238 1424 nostrae
254 1361 469 1440 protectionis
484 1361 680 1440 infringere.
697 1362 732 1423 si
750 1362 826 1444 quis
850 1376 915 1422 au·
972 1362 1081 1436 nibus,
1107 1366 1141 1427 et
1163 1365 1349 1429 rationibus
1372 1366 1459 1428 salz.
1480 1365 1630 1444 capitulo
1653 1368 1767 1444 praeju-

114 1462 193 1532 tem,
210 1461 273 1522 etc.
288 1462 406 1521 Datum
422 1462 535 1523 Romae
555 1460 641 1538 apud
669 1462 826 1523 Sanctum
848 1459 916 1521 Pe·
972 1460 1094 1522 dicium
1122 1464 1311 1539 generetur.
1349 1464 1444 1526 Unde
1477 1465 1558 1527 licet
1588 1463 1706 1525 forsan
1735 1480 1769 1525 eo

116 1561 215 1629 trum,
238 1559 268 1618 X
292 1557 454 1623 kalendas
463 1557 553 1635 mlii,
575 1558 788 1640 pontificatus
811 1557 917 1619 nostri
972 1559 1139 1622 minusad
1161 1561 1225 1624 hoc
1248 1561 1453 1624 insufficiens
1472 1561 1597 1624 debeas
1611 1563 1768 1639 reputari,

117 1670 207 1717 anno
223 1654 380 1718 secundo.
972 1674 1037 1735 quo
1052 1658 1324 1721 insufficientiam
1345 1660 1473 1737 allegas
1492 1660 1689 1729 instantius,
1716 1676 1770 1721 nos

971 1756 1082 1818 tamen
1101 1758 1193 1819 tuum
1215 1759 1419 1836 propositum
1439 1758 1550 1834 dignis
1576 1758 1611 1818 in
1636 1758 1770 1819 Domino

458 1806 586 1894 cccv
972 1852 1125 1916 laudibus
1151 1855 1431 1928 commendantes,
1462 1858 1495 1918 et
1523 1855 1685 1933 precibus
1711 1855 1771 1917 tuis

205 1961 257 2022 Ad
275 1961 517 2025 Eberhardum
540 1960 834 2034 archiepiscopum
971 1965 1011 2014 eo
1037 1951 1253 2015 favorabilius
1279 1955 1475 2027 annuentes,
1503 1969 1571 2030 quo
1594 1953 1708 2014 rarius
1727 1952 1771 2013 eis

366 2059 664 2134 salzburgensem.
972 2049 1110 2124 similes,
1131 2052 1164 2113 et
1178 2051 1383 2129 frequentius
1398 2051 1494 2113 nobis
1509 2050 1708 2120 dissimiles,
1723 2050 1771 2112 vel

414 2188 620 2262 ²²1⁰⁰·¹²¹⁸·
972 2148 1692 2325 rturzhrssstrsts
1709 2150 1773 2308 ‘tt

290 2309 746 2378 [ruun‚n=p1.sur.,t.l,p.toe.]
972 2344 1085 2406 nerab.
1108 2345 1205 2408 fratri
1230 2348 1343 2409 nostro
1367 2346 1577 2422 frisingensi
1602 2346 1771 2422 episcopo,

120 2430 286 2493 Eberhardo
304 2430 520 2504 archiepiscopo
535 2427 738 2502 salzburgensi
753 2427 917 2487 facultatem
971 2443 1004 2502 02
1018 2442 1147 2504 dilectis
1163 2444 1252 2515 flffis,
1269 2444 1460 2509 Briflnensi
1475 2445 1593 2515 electo,
1613 2447 1650 2505 et
1664 2441 1770 2505 abbati

155 2519 271 2580 creandi
287 2536 392 2578 novum
408 2520 604 2594 episcopatum
620 2518 649 2575 in
667 2518 850 2576 seccoviensi
866 2531 915 2574 ec·
971 2539 1203 2614 Admuntensi'
1238 2543 1360 2604 nom
1395 2541 1546 2604 dedimus
1582 2541 1709 2605 litteris
1740 2540 1771 2602 jn

151 2611 241 2671 cletifl
256 2609 397 2669 fflssoedll·
972 2638 1151 2710 mandatis,
1187 2641 1223 2701 ut
1249 2640 1439 2717 hujmmodi
1473 2640 1599 2716 negotii
1629 2639 1772 2701 circum·

159 2738 326 2802 Honorius
363 2737 556 2816 episcopus,
589 2750 706 2798 servus
736 2722 917 2798 'servorum
972 2736 1112 2798 stantias
1126 2737 1268 2799 sollicite
1282 2738 1502 2816 inquirentes
1517 2739 1551 2799 et
1566 2738 1770 2815 specialiter,

120 2837 192 2911 Dei,
217 2835 402 2902 venerabili
424 2834 519 2896 fratri
546 2833 736 2895 Eberhardo
760 2832 918 2896 salzbur·
972 2833 1000 2894 si
1016 2834 1078 2897 hoc
1094 2835 1244 2897 ecclesiae
1266 2835 1351 2899 salz.
1368 2835 1526 2913 expedire
1549 2835 1719 2906 viderent,
1740 2835 1770 2896 et

118 2935 214 3013 gensi
241 2933 504 3011 archiepiscopo,
532 2930 672 2996 salutem
697 2932 732 2993 et
755 2929 918 3008 apostoli·
971 2931 1013 2992 ad
1031 2930 1064 2992 id
1082 2932 1220 3011 capituli
1240 2933 1388 3010 ejusdem
1407 2949 1566 2995 assensus
1584 2933 1769 3004 accederet,

20 3068 24 3081 ·
119 3049 192 3096 cam
207 3030 481 3093 benedictionem.
971 3044 1124 3092 necnon
1156 3030 1185 3091 si
1212 3031 1441 3093 seccoviensis
1465 3031 1608 3093 ecclesia
1639 3046 1683 3092 ex
1711 3030 1770 3091 hoc

159 3130 251 3205 Quod
266 3145 333 3191 non
347 3131 417 3200 tua,
438 3127 496 3190 sed
518 3143 591 3204 quae
607 3126 728 3188 Christi
751 3126 839 3195 sunt,
863 3125 916 3187 vel
971 3131 1163 3192 servaretur
1181 3128 1361 3202 indemnis,
1386 3130 1419 3192 et
1439 3130 1549 3191 utrum
1569 3129 1661 3191 esset
1680 3127 1771 3192 suill-

119 3229 228 3308 potius
241 3244 315 3306 quae
330 3226 452 3289 Christi
466 3226 499 3288 et
512 3227 569 3297 tua
582 3226 672 3296 sunt,
685 3224 802 3288 sedula
818 3223 918 3287 medi·
972 3228 1064 3287 ciens
1090 3230 1123 3289 et
1154 3227 1273 3289 idonea
1301 3227 1404 3288 futuri
1439 3227 1587 3304 episcopi
1623 3225 1770 3304 provisio

118 3328 243 3390 tatione
272 3327 441 3402 requiras
480 3340 581 3400 opera
609 3326 664 3385 tua
692 3322 917 3384 testimonium
972 3328 1167 3401 praetaxata,
1195 3325 1387 3401 diligentius
1412 3324 1619 3400 indagantes,
1649 3324 1770 3385 rescri-

118 3426 293 3504 perhibent
323 3424 505 3490 evidenter,
541 3420 618 3481 dum
649 3420 826 3483 commisso
858 3420 916 3482 tibi
970 3422 1087 3485 herent
1110 3423 1206 3484 nobis
1238 3439 1338 3500 super
1365 3423 1419 3484 his
1447 3422 1599 3484 omnibus
1630 3422 1769 3483 fideliter

116 3524 210 3602 gregi
237 3522 393 3599 prodesse
426 3520 638 3589 desiderans,
672 3520 780 3595 potius
817 3535 916 3596 quam
971 3522 1155 3593 veritatem,
1179 3538 1242 3598 qua
1263 3522 1397 3598 cognita
1411 3521 1451 3582 de
1466 3520 1607 3583 consilio
1631 3519 1768 3582 fratrum

117 3637 273 3700 praeesse,
290 3619 476 3679 animarum
492 3618 634 3689 lucrum,
648 3618 735 3680 sicut
749 3618 842 3680 decet
856 3621 917 3678 Do·
971 3622 1159 3684 nostrorum
1181 3620 1434 3697 procederemus
1465 3620 1601 3679 auctore
1632 3619 1769 3680 Domino

117 3720 200 3782 mini
222 3716 437 3786 sacerdotem,
467 3715 603 3792 praefers
625 3715 767 3792 quaestui
789 3716 917 3792 tempo·
970 3718 1145 3783 inoffense.
1180 3718 1361 3795 Episcopus
1388 3733 1468 3779 vero
1495 3718 1529 3777 et
1555 3715 1662 3780 abbas
1685 3733 1769 3793 prae-

116 3818 193 3890 rali,
217 3816 296 3893 quin
318 3814 431 3885 etiam,
453 3830 494 3872 ue
517 3829 583 3873 non
605 3815 671 3873 tam
687 3829 744 3874 aas
767 3829 913 3890 pascere,
971 3816 1061 3887 dicti,
1087 3817 1173 3878 sicut
1194 3817 1264 3876 suis
1293 3815 1389 3876 nohis
1415 3815 1535 3877 litteris
1560 3814 1769 3885 intimarunt,

117 3931 216 3994 qutun
243 3914 431 3989 depascere,
460 3911 617 3982 videaris,
651 3913 812 3983 carnalia,
842 3929 915 3989 quae
971 3915 1049 3992 quta
1079 3913 1256 3992 praedictus
1290 3914 1416 3975 electus
1452 3913 1705 3989 crucesignatus
1735 3913 1767 3972 in

117 4030 232 4092 posses
248 4012 371 4072 matera
387 4011 421 4070 in
437 4010 573 4077 eisdem,
593 4011 802 4071 voluntarius
815 4011 915 4072 offers
970 4013 1142 4089 procinctu
1179 4011 1274 4088 quasi
1310 4011 1590 4087 peregrinationis
1621 4010 1766 4087 positus,

117 4109 304 4188 spiritualia
324 4107 513 4179 seminanti,
535 4107 649 4183 sicque
671 4108 725 4175 sit,
743 4111 777 4170 ut
798 4108 916 4168 minis-
970 4110 1048 4170 huic
1062 4110 1195 4185 negotio
1210 4109 1371 4170 interesse
1383 4125 1450 4172 non
1466 4110 1606 4185 poterat,
1623 4109 1666 4168 ad
1685 4109 1769 4169 salz·

117 4212 205 4272 trum
234 4207 367 4276 Christi,
395 4208 428 4266 et
453 4205 715 4282 dispensatorem
740 4205 916 4282 mysterio·
969 4208 1166 4284 burgensem
1197 4206 1373 4268 ecclesiam
1410 4206 1632 4283 personaliter
1671 4223 1768 4267 acce·

117 4326 190 4371 rura
205 4308 263 4368 Dei
278 4310 309 4368 te
325 4306 451 4369 faciens
466 4304 638 4376 aestimari,
664 4304 756 4366 tuum
772 4305 915 4366 honores
969 4307 1097 4377 dentes,
1123 4321 1321 4366 consensum
1346 4304 1486 4381 capituli
1510 4304 1550 4365 ad
1580 4304 1645 4366 hoc
1675 4305 1768 4366 inve-

118 4407 152 4469 iu
166 4407 304 4468 Domino
317 4404 662 4479 ministerium,teque
676 4402 797 4463 reddas
813 4403 916 4463 omni·
969 4420 1049 4465 nere
1078 4406 1316 4481 praeparatum,
1347 4403 1380 4463 et
1414 4402 1573 4479 quantum
1599 4405 1669 4467 tam
1706 4402 1767 4472 ibi,

116 4505 177 4567 bus
204 4503 445 4572 honorandum,
472 4503 504 4562 et
525 4500 671 4562 favorem
699 4502 847 4561 nostrum
872 4517 915 4561 ex
969 4518 1068 4578 quam
1097 4499 1177 4560 alibi
1210 4515 1310 4575 super
1342 4498 1405 4560 hoc
1435 4500 1589 4574 poterant
1623 4499 1765 4569 edoceri,

118 4605 169 4667 his
189 4620 227 4664 eo
248 4603 426 4680 specialius
444 4600 503 4661 tibi
523 4600 684 4667 vindices,
710 4616 774 4675 quo
793 4600 914 4661 nostris
969 4599 1155 4662 didicerunt
1176 4596 1246 4658 haec
1263 4595 1347 4657 salz.
1362 4595 1514 4656 ecclesiae
1528 4594 1654 4672 absque
1670 4595 1766 4656 dubio

116 4701 332 4780 liorreplacitis
348 4699 540 4776 expressius
553 4700 585 4759 te
601 4700 746 4774 coaptas.
764 4697 916 4760 Pruden·
969 4696 1136 4773 expedire.
1154 4694 1372 4771 Praepositum
1388 4710 1517 4770 quoque
1533 4695 1566 4755 et
1587 4695 1766 4771 capitulum

116 4804 166 4866 tor
193 4801 280 4861 euim
309 4798 497 4873 recogitans
526 4796 611 4874 quod
640 4796 726 4857 salz.
761 4795 914 4857 dioecesis
970 4794 1186 4855 seccoviense
1210 4792 1431 4868 personaliter
1454 4791 1606 4862 allocuti,
1629 4808 1767 4869 accepe-

118 4917 220 4979 usque
237 4899 319 4959 adeo
335 4900 385 4957 est
406 4896 538 4966 diflusa,
567 4882 652 4971 q'uod
678 4910 743 4955 nou
769 4893 914 4954 sufficias
969 4894 1047 4954 runt
1067 4907 1272 4967 responsum,
1299 4888 1384 4967 quod
1409 4891 1444 4950 et
1465 4892 1601 4950 seccov.
1624 4891 1765 4950 ecclesia

117 4997 282 5065 uulrorsis
304 4994 529 5055 habitantibus
558 4993 592 5053 in
614 4992 729 5053 eadem
755 4992 913 5068 pastorali
968 4991 1074 5052 illaesa
1100 4991 1288 5050 remaneret
1309 4987 1452 5064 penitus,
1477 4988 1510 5049 et
1532 4987 1710 5059 indemnis,
1735 4988 1767 5050 et

116 5095 340 5162 sollicitudine
360 5094 546 5162 imminere,
565 5091 686 5152 timens
708 5106 848 5167 quoque.
872 5107 913 5152 ne
968 5091 1005 5154 ut
1031 5104 1145 5149 eorum
1170 5086 1280 5147 verbis
1308 5087 1451 5155 utamur,
1485 5085 1647 5146 terminos
1674 5101 1764 5145 novae

118 5216 182 5265 uou
197 5198 248 5262 stt.
265 5193 319 5270 spui
344 5191 490 5267 parvulis
506 5191 557 5250 lac
573 5189 742 5259 doctrinae,
768 5189 820 5249 vel
836 5205 914 5265 pro·
968 5189 1063 5248 dioec.
1090 5184 1224 5246 extendi
1251 5182 1419 5262 usquead
1449 5182 1581 5244 diaetam
1606 5186 1639 5244 et
1665 5181 1763 5242 dimi-

120 5304 221 5361 vectu
237 5291 343 5355 cibum
362 5288 502 5352 solidum
518 5287 736 5356 administret,
756 5288 813 5348 aut
827 5287 912 5363 qrrod
968 5287 1056 5346 diam
1075 5280 1286 5355 invenerunt3
1303 5282 1494 5358 parochiam
1514 5280 1671 5341 videlicet
1690 5280 1765 5340 Chi·

121 5400 285 5459 uutuuum
308 5390 354 5448 ost
381 5386 412 5445 iu
432 5388 480 5445 eis
505 5385 698 5453 consolidet,
725 5387 781 5444 aut
800 5385 914 5461 alliget
968 5383 1116 5453 ruthenae,
1134 5398 1208 5443 curn
1224 5379 1376 5441 omuibus
1398 5380 1467 5439 suis
1482 5379 1705 5456 pertinentiis,
1732 5378 1762 5436 in

120 5496 204 5569 sumt
223 5488 436 5556 sotularium,
459 5484 537 5543 olim
559 5499 617 5560 per
638 5481 792 5543 dilectum
809 5482 913 5545 tilium
968 5498 1032 5559 qua
1048 5482 1111 5542 sita
1127 5483 1177 5542 est
1191 5477 1332 5539 ecclesia
1347 5476 1586 5546 seccoviensis,
1605 5473 1762 5552 usquead

120 5594 273 5657 <austum
288 5586 511 5655 ulau-ensem
524 5579 746 5657 praepositum,
759 5595 818 5656 per
831 5579 914 5643 litte·
969 5581 1066 5642 tlncm
1085 5577 1251 5656 parochiae
1276 5575 1389 5638 Sancti
1412 5574 1582 5636 Laurentii
1605 5573 1760 5649 iniungo.
