3794 6166
94 306 123 367 n
503 300 509 311 ’
550 297 596 361 ui
616 296 914 360 assemrmonn
934 296 1267 361 spiraminis·
1680 306 1722 369 oa
1838 280 1841 284 ’

97 477 167 534 num,
182 459 237 538 qui
261 459 297 521 in
323 457 422 523 corde
441 457 560 520 humili
580 457 870 537 epaminondam
923 459 1046 523 nostris
1057 459 1260 539 temporibus
1271 460 1323 525 est
1339 458 1381 524 de
1394 458 1475 525 ioris
1488 461 1521 527 et
1534 477 1601 526 non
1613 462 1655 527 ab
1667 464 1724 527 in·-

97 560 200 629 rimmt,
214 557 363 635 cogitant
375 573 448 635 quae
460 556 520 618 Dei
533 557 620 619 sunt.
634 559 714 620 Haec
730 557 780 618 θεῖ
790 572 870 620 vera
924 558 988 629 tus,
1014 558 1091 635 quia
1118 557 1305 634 gloriantur
1319 558 1354 620 in
1368 560 1516 623 restibus
1538 562 1572 623 et
1591 578 1657 624 non
1685 564 1721 626 iu

98 656 245 720 humilitas
270 657 311 717 de
339 672 404 734 qua
428 655 549 718 dicitur
572 677 579 716 ε
606 657 871 730 artholemaeo
925 656 1119 728 virtutihus,
1144 656 1179 716 in
1201 656 1310 718 nitore
1326 656 1441 728 faciei,
1466 676 1533 721 non
1556 659 1592 722 in
1609 678 1722 725 amore

96 756 305 820 thorcilitutem
332 758 463 817 aizcdioe
488 770 579 828 sace,
605 769 680 816 eece
709 758 802 816 enim
824 769 871 815 eac
924 753 995 814 Dei.

95 853 285 916 loricatum
298 868 354 913 me
369 852 480 914 dicent
495 866 614 914 ornares
628 853 871 929 perieratioiaes
965 850 1120 914 Fimbriae
1150 868 1261 915 aureae
1290 855 1367 916 sunt
1390 855 1571 918 varietates
1590 858 1721 934 gratia-

96 950 170 1030 (Luc.
195 966 218 1021 1,
242 948 307 1028 48).
338 951 437 1024 ltem3
467 950 664 1012 sicutenim
692 950 795 1011 turris
822 950 871 1011 est
925 966 999 1010 rum
1021 951 1053 1012 et
1073 950 1243 1023 iirtutum,
1261 951 1379 1029 quihus
1403 954 1504 1015 Beata
1531 957 1638 1017 Maria
1661 956 1723 1019 luit

94 1047 270 1127 principalis
294 1048 434 1109 munitio
457 1047 571 1110 contra
596 1048 720 1120 hostes,
741 1047 788 1109 ita
803 1048 870 1108 hu-
926 1048 1171 1111 circumamicta
1185 1049 1270 1112 idest
1284 1050 1455 1113 adornata.
1469 1053 1551 1114 Aliae
1566 1054 1724 1118 mulieres

91 1147 197 1207 militas
212 1146 265 1208 est
289 1146 484 1223 principalis
507 1146 654 1207 defensio
672 1147 786 1208 contra
802 1146 873 1207 dae-
926 1147 1088 1207 ornantur
1112 1162 1211 1219 auro,
1232 1147 1399 1220 vestibus,
1424 1148 1457 1211 et
1481 1152 1620 1225 gemmis
1648 1168 1726 1229 pre-

89 1260 200 1305 mones.
218 1244 427 1320 Impossibile
442 1245 531 1306 enim
547 1246 597 1306 est
611 1245 703 1305 illam
726 1245 871 1306 animam
925 1244 1032 1307 tiosis.
1049 1245 1109 1305 Illa
1125 1244 1306 1307 ornabatur
1325 1247 1448 1308 sanctis
1474 1248 1632 1321 moribus
1647 1267 1723 1311 ma·

84 1343 296 1419 hipeccatum
315 1342 488 1404 criminale
511 1343 671 1412 incidere,
691 1360 764 1421 quae
784 1360 873 1404 sem·
926 1342 1001 1419 gnis
1013 1342 1191 1404 virtutihus
1202 1345 1235 1404 θῖ
1248 1344 1366 1418 gratiis
1382 1345 1621 1421 spiritualibus.
1632 1349 1725 1410 Unde

82 1457 133 1519 per
142 1440 253 1502 studet
264 1440 301 1500 iu
312 1441 411 1502 corde
422 1458 481 1502 suo
492 1442 712 1504 humilitatem
722 1457 869 1503 servare.
927 1440 1162 1502 convenienter
1172 1442 1279 1518 potest
1294 1442 1359 1502 dici
1373 1442 1453 1502 illud
1469 1443 1509 1504 de
1522 1460 1561 1505 ea
1574 1446 1659 1523 quod
1675 1446 1726 1508 est

79 1542 153 1601 ltem
177 1538 280 1600 Beata
313 1540 422 1600 Maria
449 1541 499 1602 est
525 1540 627 1603 turris
656 1540 870 1613 fortitudinis
928 1539 1086 1615 scriptum
1108 1539 1142 1599 in
1162 1539 1419 1601 Ecclesiastico:
1437 1543 1541 1607 oaesi
1562 1558 1624 1605 vas
1644 1546 1726 1605 euri

76 1636 160 1715 quod
187 1637 391 1699 tentationes
413 1638 446 1699 et
469 1640 627 1701 versutiae
656 1639 780 1702 diaboli
805 1656 873 1701 non
926 1640 1073 1700 solidum
1105 1639 1269 1699 orientum
1301 1641 1395 1699 ornati
1427 1643 1539 1714 lapide
1568 1641 1725 1714 pretioso

71 1736 255 1812 potuerunt
268 1751 388 1797 nocere
405 1735 448 1797 ei.
468 1737 562 1800 Unde
579 1736 663 1799 bene
679 1738 785 1815 potest
799 1739 872 1801 ior·
928 1734 1044 1815 (Eccli.
1065 1752 1096 1808 n,
1123 1735 1189 1815 20).
1206 1736 1309 1797 Beata
1333 1735 1440 1797 Maria
1469 1736 1532 1798 init
1551 1753 1611 1798 vas
1636 1739 1722 1812 auri,

69 1833 157 1896 mari
189 1834 262 1895 haec
291 1833 475 1896 salutatio:
498 1838 589 1910 Aee,
614 1837 731 1913 grette
747 1843 870 1911 pmice,
928 1834 1012 1911 quod
1036 1834 1122 1895 sicut
1138 1850 1197 1897 vas
1223 1835 1298 1895 auri
1322 1836 1373 1897 est
1395 1835 1570 1912 pulchrum
1592 1838 1625 1897 et
1648 1853 1727 1914 pre·

65 1932 168 2003 idest,
201 1947 264 1993 are
286 1933 391 1993 hirris
417 1932 631 2006 fortitudinis,
649 1935 689 1995 de
704 1950 769 2012 qna
788 1935 873 1997 turri
927 1933 1059 2004 tiosum‚
1082 1932 1128 1994 ita
1143 1934 1244 1994 Beata
1259 1934 1367 1994 Maria
1381 1934 1483 2011 Virgo
1499 1950 1598 2011 super
1612 1950 1726 1997 omnes

10 2032 15 2131 h
65 2030 235 2091 Salomon
256 2029 292 2090 in
307 2030 452 2092 canticis
468 2032 678 2096 canticorum
693 2033 873 2096 altwise
931 2030 1088 2092 mulieres
1099 2029 1161 2091 fuit
1176 2031 1315 2108 pulchra
1327 2032 1360 2092 et
1373 2033 1519 2108 pretiosa
1534 2048 1645 2094 coram
1658 2037 1726 2095 Deo

59 2130 186 2189 iocaris
208 2130 322 2189 David
338 2134 458 2190 coucam
478 2130 587 2204 thehina,
606 2147 683 2205 piace
704 2133 874 2204 (edificata
930 2129 963 2189 et
986 2128 1186 2189 hominihus.
1213 2132 1252 2190 Εῖ
1275 2130 1361 2191 sicut
1381 2130 1463 2190 illud
1484 2146 1544 2191 vas
1565 2132 1640 2192 auri
1663 2130 1726 2193 luit

57 2224 115 2286 est
141 2239 231 2284 euin
246 2229 515 2302 propupaacaeis
541 2231 631 2300 suis,
654 2231 744 2289 mitte
767 2229 874 2301 cippei
928 2224 1081 2297 solidum,
1097 2225 1144 2287 ita
1159 2226 1260 2287 Beata
1276 2226 1383 2287 Maria
1398 2226 1514 2288 hahuit
1528 2228 1726 2304 sapientiam

51 2322 222 2396 pendent
245 2337 292 2382 eae
317 2337 370 2395 ee,
390 2327 503 2385 οῖῖῖηῑε
523 2325 709 2387 armatiani
728 2327 875 2399 sortium
929 2323 962 2384 et
983 2322 1190 2395 charitatem,
1216 2324 1250 2384 et
1270 2324 1479 2400 patientiam3
1499 2326 1584 2401 quod
1606 2342 1726 2388 aurum

55 2416 177 2494 (Cant.
196 2414 300 2494 imi).
929 2420 1095 2495 siguificat
1113 2421 1328 2497 sapientiam,
1354 2422 1386 2482 θῖ
1411 2422 1618 2484 charitatem.
1641 2424 1726 2485 Illud

98 2517 180 2576 Hoc
195 2514 320 2576 dicitur
335 2515 376 2577 ad
392 2532 561 2592 sponsam,
578 2516 664 2578 idest
679 2516 872 2587 Ecclesiam,
928 2534 987 2579 vas
1002 2517 1065 2579 luit
1074 2518 1226 2579 ornatum
1241 2518 1331 2579 omni
1344 2519 1454 2595 lapide
1466 2521 1622 2596 pretioso,
1640 2521 1727 2598 quod

53 2616 162 2692 cujus
188 2612 291 2690 caput
312 2614 363 2675 est
384 2614 544 2687 Christus,
576 2615 723 2677 membra
747 2614 872 2685 fideles,
929 2617 1031 2677 Beata
1059 2616 1166 2677 Maria
1192 2616 1255 2678 luit
1281 2616 1398 2678 ornata
1425 2617 1516 2679 omni
1543 2618 1666 2681 virtute
1694 2619 1728 2681 et

54 2712 196 2774 collum
209 2712 262 2773 est
276 2713 377 2773 Beata
389 2712 507 2787 Maria,
525 2714 604 2791 quia
622 2715 708 2777 sicut
729 2729 788 2791 per
805 2716 875 2775 col·
929 2711 1193 2772 mansuetudine.

53 2808 127 2870 lum
145 2809 258 2885 caput
276 2808 428 2885 Jungitur
451 2809 618 2880 memhris,
637 2811 684 2873 ita
707 2827 767 2888 per
789 2816 876 2875 Bea-
971 2814 1052 2872 item
1069 2831 1076 2870 :
1095 2809 1259 2870 Introivit
1277 2812 1379 2871 lesus
1397 2812 1435 2871 ie
1455 2813 1625 2884 elmodam
1643 2827 1723 2873 ees·

51 2910 125 2971 lam
143 2907 297 2969 Mariam
326 2907 516 2968 hominihus
533 2909 687 2986 jungitur
708 2913 807 2971 Deus.
836 2913 876 2974 Εῖ
930 2908 1045 2971 talliam
1047 2952 1107 2969 .....
1146 2907 1325 2968 Castellum
1360 2907 1482 2970 dicitur
1516 2910 1611 2987 quasi
1647 2925 1725 2971 casa

53 3007 148 3069 sicut
180 3022 246 3083 per
260 3005 381 3067 collum
400 3021 466 3068 vox
480 3008 628 3083 eorporis
644 3009 805 3071 emittitur
818 3008 873 3071 io·
929 3006 1008 3079 alta,
1026 3022 1065 3068 eo
1084 3006 1170 3083 quod
1198 3004 1233 3065 in
1257 3005 1324 3066 alto
1345 3006 1388 3067 sit
1407 3007 1562 3083 positum.
1585 3009 1626 3070 Εῖ
1648 3007 1722 3069 ideo

53 3106 118 3177 ris,
133 3106 192 3166 ita
205 3120 268 3181 per
281 3105 416 3166 Beatam
431 3105 572 3166 Mariam
592 3107 699 3169 oratio
720 3109 876 3185 peccato-
929 3107 1026 3168 beata
1041 3105 1144 3181 Virgo
1162 3103 1269 3164 Maria
1295 3101 1418 3165 dicitur
1436 3120 1510 3167 esse
1532 3107 1723 3178 castellum,

57 3220 140 3265 rum
154 3202 305 3264 Domino
320 3203 580 3279 representatur.
928 3204 1014 3283 quod
1030 3204 1065 3265 in
1080 3204 1147 3264 alto
1168 3202 1231 3265 luit
1250 3201 1358 3280 posita
1381 3219 1441 3281 per
1453 3203 1620 3266 coelestem
1644 3219 1727 3267 con-

97 3300 213 3362 Beata
235 3301 343 3361 Maria
358 3299 422 3363 luit
436 3300 523 3362 sicut
537 3302 639 3362 turris
657 3302 772 3375 David,
790 3301 875 3365 idest
927 3303 1165 3376 versationem,
1180 3302 1266 3380 quod
1277 3317 1407 3379 semper
1421 3302 1569 3364 coelestia
1583 3302 1727 3364 medita-

52 3397 364 3477 imexpugnahilis,
388 3397 552 3460 aedificata
576 3416 651 3461 cum
678 3416 872 3478 propugna-
928 3401 1042 3476 batur3
1065 3403 1097 3463 et
1121 3400 1282 3462 hodierna
1301 3400 1355 3461 die
1375 3400 1437 3461 init
1458 3400 1558 3461 altius
1582 3400 1727 3461 colloca-

53 3498 149 3560 culis
191 3495 275 3567 suis,
302 3494 424 3557 idesta
444 3496 617 3559 nativitate
641 3513 701 3557 sua
721 3498 783 3560 luit
797 3515 875 3559 cus·
928 3500 1009 3571 tum,
1024 3499 1109 3577 quod
1129 3515 1230 3576 super
1246 3512 1360 3560 omnes
1380 3497 1513 3558 ordines
1529 3497 1725 3573 angelorum

54 3596 172 3658 todita
202 3593 374 3671 praesidiis
405 3594 611 3671 angelorum.
645 3595 737 3656 Mille
767 3597 874 3674 clypei
929 3598 1133 3658 estelevata.
1152 3600 1189 3658 lu
1210 3596 1272 3656 hoc
1287 3595 1424 3656 castello
1440 3588 1632 3655 defensores
1651 3593 1726 3656 iue-

53 3694 216 3773 pendent
243 3708 287 3752 ex
313 3707 369 3764 ea,
398 3692 494 3765 idest,
512 3693 614 3754 multa
639 3695 874 3771 prophetarum
929 3697 1007 3757 runt
1042 3694 1164 3771 angeli,
1206 3693 1409 3755 habitatores
1445 3692 1579 3754 luerunt
1611 3708 1726 3755 omnes

53 3789 314 3855 testimoniam
330 3789 401 3866 ipsa
414 3791 447 3851 et
460 3806 520 3867 per
534 3790 640 3867 ipsam
656 3790 790 3855 luerunt
800 3808 876 3854 con·
930 3794 1106 3855 christiani
1121 3793 1211 3861 honi,
1230 3791 1287 3870 qui
1301 3792 1411 3852 Beatae
1434 3790 1550 3851 Mariae
1567 3791 1645 3852 sunt
1667 3791 1728 3853 de·

54 3890 250 3951 summata.
271 3888 384 3948 Omnis
412 3889 580 3949 armatura
596 3888 750 3962 fortium,
776 3891 872 3963 idest,
929 3893 997 3954 voti
1029 3892 1146 3970 quiin
1178 3889 1238 3951 tali
1269 3889 1406 3952 castello
1433 3887 1492 3948 suh
1516 3888 1721 3966 protectione

58 3986 179 4049 omnis
197 3985 306 4046 virtus
322 3986 517 4046 Sanctorum
533 3987 565 4047 et
579 4002 693 4047 omnes
706 3988 874 4065 prophetae
929 3992 1038 4052 Beatae
1054 3989 1169 4051 Mariae
1182 3987 1302 4050 debent
1318 4002 1391 4048 esse
1406 3986 1527 4047 securi.

56 4083 301 4147 testimonium
325 4082 539 4145 reddiderunt
559 4084 600 4144 de
615 4084 697 4161 ipsa,
715 4084 747 4145 θῖ
760 4101 874 4146 omnes
969 4092 1006 4149 ln
1022 4089 1085 4148 hoc
1099 4087 1237 4149 castello
1261 4086 1312 4147 θεῖ
1332 4084 1405 4146 lons
1430 4083 1625 4148 iudeficiens
1640 4084 1727 4147 idest

57 4184 215 4245 virtutes
234 4181 395 4242 coelorum
419 4182 453 4242 in
480 4181 539 4242 illa
563 4183 658 4258 quasi
678 4199 770 4245 arma
796 4182 873 4244 iuo-
930 4186 1170 4256 misericordia,
1194 4185 1227 4245 et
1246 4182 1448 4244 abundantia
1462 4182 1629 4255 frumenti,
1654 4182 1725 4243 vini

58 4286 155 4343 runt.
173 4280 434 4357 Propugmacula
450 4279 638 4355 significant
650 4280 809 4342 virtutum
820 4298 875 4342 na·
929 4286 962 4346 θῖ
985 4284 1062 4356 olei,
1092 4282 1177 4343 idest
1210 4281 1394 4359 spiritualis
1420 4280 1539 4375 gratia,
1556 4281 1643 4357 quod
1667 4297 1728 4358 per
1832 4328 1837 4351 ,

10 4436 12 4443 .
60 4380 239 4450 rietatem,
270 4377 355 4454 quod
385 4378 471 4439 sicut
491 4379 751 4454 propugnaculis
776 4380 874 4442 amici
930 4385 1066 4444 Beatam
1086 4380 1227 4442 Mariam
1242 4379 1276 4440 et
1289 4381 1480 4456 peccatores
1497 4377 1647 4439 obtinent
1662 4379 1728 4439 mi-

10 4478 14 4519 l
60 4475 339 4539 defendunturet
354 4474 481 4536 inimici
496 4478 740 4552 expugnantur,
758 4477 803 4539 ita
816 4494 875 4555 per
930 4479 1157 4547 sericordiam,
1180 4479 1213 4539 et
1227 4478 1311 4555 Justi
1329 4477 1483 4554 gratiam.
1509 4478 1547 4539 In
1567 4476 1630 4539 hoc
1653 4492 1728 4545 eas-

10 4528 13 4593 *
59 4576 183 4637 uarias
199 4574 342 4635 uirtutes
362 4573 472 4635 Beatoe
492 4574 641 4649 Virginis
658 4577 876 4652 proteguntur
929 4578 1044 4641 tellum
1079 4576 1240 4638 Dominus
1274 4579 1371 4638 iesus
1410 4575 1559 4646 intravit,
1593 4573 1725 4651 quando

62 4672 269 4743 christiani,
297 4672 331 4733 et
355 4673 588 4748 expugnantur
620 4672 796 4735 daemones.
829 4678 876 4735 De
930 4678 1032 4752 Virgo
1055 4677 1170 4736 sancta
1195 4674 1255 4736 Dei
1274 4675 1379 4735 illium
1403 4672 1522 4748 angelo
1551 4671 1726 4733 nuntiante

64 4787 130 4849 qua
153 4770 322 4831 virtutum
339 4770 500 4830 varietate
525 4770 646 4831 dicitnr
666 4772 702 4831 in
716 4772 873 4834 Psalmo:
930 4775 1091 4852 concepit.
1108 4775 1153 4835 st
1167 4777 1293 4834 nataliter
1306 4771 1446 4834 hieriho
1465 4773 1603 4830 nomine
1624 4784 1728 4832 eecc-

65 4872 193 4932 Oamts
210 4870 325 4944 glorie
346 4870 421 4940 ejus
437 4870 517 4941 filies
535 4871 638 4945 Rapis
657 4873 698 4931 eh
717 4874 822 4944 intas,
839 4876 876 4934 ie
928 4875 979 4948 pit
995 4877 1089 4935 iiiam
1101 4875 1137 4932 in
1151 4874 1291 4932 doniam
1307 4883 1419 4939 selein,
1436 4867 1468 4927 et
1482 4869 1561 4928 italic
1579 4867 1657 4928 erat
1669 4882 1729 4930 so-

65 4968 222 5038 pater-tis
260 4968 379 5026 astreis
411 4969 673 5028 circzauiouaicio
706 4970 876 5033 verietate
930 4973 1144 5032 rorihomiue
1158 4971 1276 5028 hieria
1296 4964 1389 5042 (Luc.
1405 4980 1440 5036 x,
1462 4963 1528 5043 38).
1555 4967 1619 5035 Per
1644 4965 1727 5028 istas

66 5065 136 5139 (Ps.
168 5069 225 5134 44,
245 5061 308 5141 14).
325 5062 426 5124 Beata
450 5063 556 5124 Maria
580 5063 643 5126 luit
664 5066 732 5126 fllia
748 5083 874 5144 regum,
931 5069 1013 5129 duas
1028 5080 1172 5138 sorores,
1190 5051 1355 5125 hiartham
1370 5062 1523 5125 videlicet
1537 5062 1570 5125 et
1586 5063 1728 5125 Mariam

67 5163 155 5241 quod
186 5161 377 5237 degenere
402 5161 666 5237 patriarcharum
697 5165 729 5225 et
761 5180 876 5242 regum
931 5165 1161 5242 significantur
1188 5162 1262 5223 duae
1288 5160 1365 5222 vitae
1389 5161 1544 5224 videlicet
1566 5162 1676 5223 activa
1695 5162 1728 5224 θῖ

69 5260 255 5323 descendit.
279 5261 380 5337 Cujus
402 5259 509 5335 gloria
525 5259 587 5321 fuit
605 5260 646 5321 ah
662 5262 749 5323 intus
765 5263 798 5324 et
810 5279 876 5324 nom
931 5260 1198 5337 contemplativa.
1215 5258 1322 5319 Maria
1342 5258 1581 5335 interpretatur
1602 5257 1728 5319 illumi-

70 5358 108 5419 de
120 5358 220 5431 ioris,
239 5357 328 5419 idest
351 5358 387 5417 in
407 5357 506 5417 corde
528 5373 639 5418 corum
662 5362 742 5435 Deo,
758 5361 791 5422 et
809 5377 876 5421 non
931 5359 1043 5421 natrix
1058 5359 1111 5419 vel
1130 5357 1226 5418 stella
1245 5357 1358 5418 maris.
1383 5356 1616 5428 illuminatrix,
1640 5356 1726 5433 quod

73 5456 148 5519 ieris
165 5472 283 5519 coram
306 5454 508 5527 hominihus,
532 5457 617 5532 quod
642 5472 708 5517 non
724 5459 878 5534 quaesivit
931 5459 1000 5520 vita
1015 5456 1270 5532 contemplativa
1294 5455 1461 5516 illuminat
1475 5455 1628 5526 mentam,
1648 5454 1725 5515 dum

76 5556 212 5629 gloriam
227 5553 270 5616 ab
286 5552 489 5625 hominibus
505 5554 561 5614 sed
578 5570 597 5614 a
613 5555 684 5615 solo
696 5557 774 5617 Deo.
931 5556 1028 5619 vacat
1049 5554 1255 5616 orationihus
1275 5554 1308 5615 et
1328 5552 1597 5615 meditationibus
1621 5550 1725 5628 spiri-

111 5656 146 5715 Et
178 5670 198 5715 e
226 5651 401 5716 contrario
428 5651 535 5714 omnis
562 5652 671 5729 gloria
699 5655 876 5717 mulierum
930 5653 1086 5717 tualibus.
1103 5656 1141 5714 In
1153 5652 1408 5731 contemplativa
1428 5651 1517 5715 enim
1534 5649 1603 5713 vita
1623 5648 1725 5711 multa
