<?xml version="1.0" encoding="UTF-8"?>
<!DOCTYPE html PUBLIC "-//W3C//DTD XHTML 1.0 Transitional//EN"
    "http://www.w3.org/TR/xhtml1/DTD/xhtml1-transitional.dtd">
<html xmlns="http://www.w3.org/1999/xhtml" xml:lang="en" lang="en">
 <head>
  <title>
</title>
<meta http-equiv="Content-Type" content="text/html;charset=utf-8" />
  <meta name='ocr-system' content='tesseract 3.04.00' />
  <meta name='ocr-capabilities' content='ocr_page ocr_carea ocr_par ocr_line ocrx_word'/>
</head>
<body>
  <div class='ocr_page' id='page_1' title='image "./mediiaevibiblio02horogoog_0606.png"; bbox 0 0 3794 6166; ppageno 0'>
   <div class='ocr_carea' id='block_1_1' title="bbox 148 256 1788 337">
    <p class='ocr_par' dir='ltr' id='par_1_1' title="bbox 148 256 1788 337">
     <span class='ocr_line' id='line_1_1' title="bbox 148 256 1788 337; baseline -0.005 -15"><span class='ocrx_word' id='word_1_1' title='bbox 148 262 207 322; x_wconf 78' lang='lat'>739</span> <span class='ocrx_word' id='word_1_2' title='bbox 291 324 295 337; x_wconf 27' lang='grc' dir='ltr'><em>ι</em></span> <span class='ocrx_word' id='word_1_3' title='bbox 766 260 941 322; x_wconf 83' lang='lat' dir='ltr'><strong>HONORII</strong></span> <span class='ocrx_word' id='word_1_4' title='bbox 962 256 1006 322; x_wconf 77' lang='grc' dir='ltr'>ΙΙΙ</span> <span class='ocrx_word' id='word_1_5' title='bbox 1026 261 1173 322; x_wconf 82' lang='lat' dir='ltr'><strong>OPERA.</strong></span> <span class='ocrx_word' id='word_1_6' title='bbox 1385 275 1388 279; x_wconf 83' lang='grc'><strong><em>’</em></strong></span> <span class='ocrx_word' id='word_1_7' title='bbox 1736 258 1788 315; x_wconf 73' lang='lat' dir='ltr'>im</span> 
     </span>
    </p>
   </div>
   <div class='ocr_carea' id='block_1_2' title="bbox 113 409 1789 1081">
    <p class='ocr_par' dir='ltr' id='par_1_2' title="bbox 148 409 1786 690">
     <span class='ocr_line' id='line_1_2' title="bbox 149 409 1786 493; baseline -0.005 -10"><span class='ocrx_word' id='word_1_8' title='bbox 149 421 221 493; x_wconf 89' lang='lat' dir='ltr'>Dei,</span> <span class='ocrx_word' id='word_1_9' title='bbox 242 418 373 480; x_wconf 87' lang='lat' dir='ltr'>dilectis</span> <span class='ocrx_word' id='word_1_10' title='bbox 395 418 473 479; x_wconf 86' lang='lat' dir='ltr'>flliis</span> <span class='ocrx_word' id='word_1_11' title='bbox 490 416 600 480; x_wconf 89' lang='lat' dir='ltr'>abbati</span> <span class='ocrx_word' id='word_1_12' title='bbox 615 418 648 479; x_wconf 91' lang='lat' dir='ltr'>et</span> <span class='ocrx_word' id='word_1_13' title='bbox 668 418 938 480; x_wconf 88' lang='lat' dir='ltr'>conventui‘Les·</span> <span class='ocrx_word' id='word_1_14' title='bbox 976 409 980 415; x_wconf 80' lang='lat'>&#39;</span> <span class='ocrx_word' id='word_1_15' title='bbox 997 420 1093 482; x_wconf 90' lang='lat' dir='ltr'>tretis</span> <span class='ocrx_word' id='word_1_16' title='bbox 1118 419 1150 480; x_wconf 90' lang='lat' dir='ltr'>et</span> <span class='ocrx_word' id='word_1_17' title='bbox 1175 417 1217 478; x_wconf 87' lang='lat' dir='ltr'>ab</span> <span class='ocrx_word' id='word_1_18' title='bbox 1238 415 1389 478; x_wconf 83' lang='lat' dir='ltr'>ecclesiis</span> <span class='ocrx_word' id='word_1_19' title='bbox 1409 414 1602 478; x_wconf 86' lang='lat' dir='ltr'>vestrarum</span> <span class='ocrx_word' id='word_1_20' title='bbox 1620 412 1786 487; x_wconf 81' lang='lat' dir='ltr'>dioecesum</span> 
     </span>
     <span class='ocr_line' id='line_1_3' title="bbox 148 512 1786 594; baseline -0.005 -15"><span class='ocrx_word' id='word_1_21' title='bbox 148 517 337 579; x_wconf 89' lang='lat' dir='ltr'>berniensis</span> <span class='ocrx_word' id='word_1_22' title='bbox 362 516 566 586; x_wconf 89' lang='lat' dir='ltr'>monasterii,</span> <span class='ocrx_word' id='word_1_23' title='bbox 594 515 782 578; x_wconf 87' lang='lat' dir='ltr'>salutemet</span> <span class='ocrx_word' id='word_1_24' title='bbox 806 519 944 594; x_wconf 90' lang='lat' dir='ltr'>aposto·</span> <span class='ocrx_word' id='word_1_25' title='bbox 999 534 1072 594; x_wconf 88' lang='lat' dir='ltr'>quae</span> <span class='ocrx_word' id='word_1_26' title='bbox 1087 517 1224 594; x_wconf 80' lang='lat' dir='ltr'><strong>possunt</strong></span> <span class='ocrx_word' id='word_1_27' title='bbox 1247 515 1281 576; x_wconf 91' lang='lat' dir='ltr'>id</span> <span class='ocrx_word' id='word_1_28' title='bbox 1300 513 1472 576; x_wconf 91' lang='lat' dir='ltr'>commode</span> <span class='ocrx_word' id='word_1_29' title='bbox 1487 513 1602 575; x_wconf 83' lang='lat' dir='ltr'>iacere</span> <span class='ocrx_word' id='word_1_30' title='bbox 1614 512 1786 572; x_wconf 90' lang='lat' dir='ltr'>ministrari</span> 
     </span>
     <span class='ocr_line' id='line_1_4' title="bbox 148 609 1786 690; baseline -0.004 -14"><span class='ocrx_word' id='word_1_31' title='bbox 148 616 249 678; x_wconf 90' lang='lat' dir='ltr'>licam</span> <span class='ocrx_word' id='word_1_32' title='bbox 263 613 536 676; x_wconf 82' lang='lat' dir='ltr'>benedictionem.</span> <span class='ocrx_word' id='word_1_33' title='bbox 999 615 1215 674; x_wconf 86' lang='lat' dir='ltr'>nihilominus</span> <span class='ocrx_word' id='word_1_34' title='bbox 1229 613 1371 685; x_wconf 84' lang='lat' dir='ltr'>faciatis,</span> <span class='ocrx_word' id='word_1_35' title='bbox 1388 613 1436 675; x_wconf 87' lang='lat' dir='ltr'>ita</span> <span class='ocrx_word' id='word_1_36' title='bbox 1450 612 1538 690; x_wconf 93' lang='lat' dir='ltr'>quod</span> <span class='ocrx_word' id='word_1_37' title='bbox 1559 611 1594 672; x_wconf 89' lang='lat' dir='ltr'>et</span> <span class='ocrx_word' id='word_1_38' title='bbox 1608 609 1672 686; x_wconf 90' lang='lat' dir='ltr'>ipsi</span> <span class='ocrx_word' id='word_1_39' title='bbox 1687 612 1786 670; x_wconf 88' lang='lat' dir='ltr'>vestro</span> 
     </span>
    </p>

    <p class='ocr_par' dir='ltr' id='par_1_3' title="bbox 113 709 1789 1081">
     <span class='ocr_line' id='line_1_5' title="bbox 190 709 1785 789; baseline -0.004 -16"><span class='ocrx_word' id='word_1_40' title='bbox 190 717 296 786; x_wconf 89' lang='lat' dir='ltr'>Quum</span> <span class='ocrx_word' id='word_1_41' title='bbox 320 727 339 773; x_wconf 88' lang='lat' dir='ltr'>a</span> <span class='ocrx_word' id='word_1_42' title='bbox 360 710 456 771; x_wconf 89' lang='lat' dir='ltr'>nobis</span> <span class='ocrx_word' id='word_1_43' title='bbox 477 710 611 787; x_wconf 88' lang='lat' dir='ltr'>petitur,</span> <span class='ocrx_word' id='word_1_44' title='bbox 641 712 726 788; x_wconf 91' lang='lat' dir='ltr'>quod</span> <span class='ocrx_word' id='word_1_45' title='bbox 747 713 873 789; x_wconf 77' lang='lat' dir='ltr'>Justum</span> <span class='ocrx_word' id='word_1_46' title='bbox 895 714 946 774; x_wconf 85' lang='lat' dir='ltr'>est</span> <span class='ocrx_word' id='word_1_47' title='bbox 1000 712 1127 774; x_wconf 84' lang='lat' dir='ltr'>suffulti</span> <span class='ocrx_word' id='word_1_48' title='bbox 1149 710 1297 773; x_wconf 91' lang='lat' dir='ltr'>subsidio</span> <span class='ocrx_word' id='word_1_49' title='bbox 1322 710 1450 788; x_wconf 82' lang='lat' dir='ltr'>possint</span> <span class='ocrx_word' id='word_1_50' title='bbox 1464 709 1625 771; x_wconf 87' lang='lat' dir='ltr'>instantis</span> <span class='ocrx_word' id='word_1_51' title='bbox 1635 723 1785 786; x_wconf 89' lang='lat' dir='ltr'>persecu-</span> 
     </span>
     <span class='ocr_line' id='line_1_6' title="bbox 113 805 1787 887; baseline -0.002 -17"><span class='ocrx_word' id='word_1_52' title='bbox 113 864 131 887; x_wconf 77' lang='grc'>,</span> <span class='ocrx_word' id='word_1_53' title='bbox 150 814 183 872; x_wconf 91' lang='lat' dir='ltr'>et</span> <span class='ocrx_word' id='word_1_54' title='bbox 209 811 401 880; x_wconf 89' lang='lat' dir='ltr'>honestum,</span> <span class='ocrx_word' id='word_1_55' title='bbox 432 808 500 869; x_wconf 88' lang='lat' dir='ltr'>tam</span> <span class='ocrx_word' id='word_1_56' title='bbox 527 807 622 882; x_wconf 74' lang='lat' dir='ltr'>vigor</span> <span class='ocrx_word' id='word_1_57' title='bbox 652 807 819 886; x_wconf 82' lang='lat' dir='ltr'>aequitatis</span> <span class='ocrx_word' id='word_1_58' title='bbox 847 824 945 886; x_wconf 90' lang='lat' dir='ltr'>quam</span> <span class='ocrx_word' id='word_1_59' title='bbox 998 810 1101 872; x_wconf 90' lang='lat' dir='ltr'>tionis</span> <span class='ocrx_word' id='word_1_60' title='bbox 1116 810 1287 886; x_wconf 85' lang='lat' dir='ltr'>angustias</span> <span class='ocrx_word' id='word_1_61' title='bbox 1303 807 1440 869; x_wconf 90' lang='lat' dir='ltr'>tolerari</span> <span class='ocrx_word' id='word_1_62' title='bbox 1456 822 1631 884; x_wconf 87' lang='lat' dir='ltr'>quousque</span> <span class='ocrx_word' id='word_1_63' title='bbox 1657 805 1787 866; x_wconf 83' lang='lat' dir='ltr'>iaciente</span> 
     </span>
     <span class='ocr_line' id='line_1_7' title="bbox 150 902 1787 983; baseline -0.004 -14"><span class='ocrx_word' id='word_1_64' title='bbox 150 908 230 969; x_wconf 92' lang='lat' dir='ltr'>ordo</span> <span class='ocrx_word' id='word_1_65' title='bbox 249 906 353 981; x_wconf 76' lang='lat' dir='ltr'>exigit</span> <span class='ocrx_word' id='word_1_66' title='bbox 373 905 525 978; x_wconf 89' lang='lat' dir='ltr'>rationis,</span> <span class='ocrx_word' id='word_1_67' title='bbox 551 907 586 966; x_wconf 93' lang='lat' dir='ltr'>ut</span> <span class='ocrx_word' id='word_1_68' title='bbox 610 905 642 965; x_wconf 94' lang='lat' dir='ltr'>id</span> <span class='ocrx_word' id='word_1_69' title='bbox 664 922 724 983; x_wconf 92' lang='lat' dir='ltr'>per</span> <span class='ocrx_word' id='word_1_70' title='bbox 747 903 948 968; x_wconf 88' lang='lat' dir='ltr'>sollicitudi-</span> <span class='ocrx_word' id='word_1_71' title='bbox 1000 908 1138 969; x_wconf 89' lang='lat' dir='ltr'>Domino</span> <span class='ocrx_word' id='word_1_72' title='bbox 1153 907 1250 968; x_wconf 90' lang='lat' dir='ltr'>aliter</span> <span class='ocrx_word' id='word_1_73' title='bbox 1269 905 1497 983; x_wconf 84' lang='lat' dir='ltr'>providebitur</span> <span class='ocrx_word' id='word_1_74' title='bbox 1517 905 1614 981; x_wconf 92' lang='lat' dir='ltr'>ipsis,</span> <span class='ocrx_word' id='word_1_75' title='bbox 1630 904 1664 966; x_wconf 89' lang='lat' dir='ltr'>et</span> <span class='ocrx_word' id='word_1_76' title='bbox 1687 902 1787 964; x_wconf 86' lang='lat' dir='ltr'>eccle-</span> 
     </span>
     <span class='ocr_line' id='line_1_8' title="bbox 150 1002 1789 1081; baseline -0.003 -16"><span class='ocrx_word' id='word_1_77' title='bbox 150 1020 225 1065; x_wconf 91' lang='lat' dir='ltr'>nem</span> <span class='ocrx_word' id='word_1_78' title='bbox 252 1003 352 1080; x_wconf 74' lang='lat' dir='ltr'>oflicii</span> <span class='ocrx_word' id='word_1_79' title='bbox 376 1002 481 1064; x_wconf 90' lang='lat' dir='ltr'>nostri</span> <span class='ocrx_word' id='word_1_80' title='bbox 506 1002 547 1063; x_wconf 85' lang='lat' dir='ltr'>ad</span> <span class='ocrx_word' id='word_1_81' title='bbox 576 1002 721 1064; x_wconf 90' lang='lat' dir='ltr'>debitum</span> <span class='ocrx_word' id='word_1_82' title='bbox 745 1002 947 1080; x_wconf 90' lang='lat' dir='ltr'>perducatur</span> <span class='ocrx_word' id='word_1_83' title='bbox 1000 1006 1059 1068; x_wconf 86' lang='lat' dir='ltr'>siae</span> <span class='ocrx_word' id='word_1_84' title='bbox 1076 1007 1284 1078; x_wconf 79' lang='lat' dir='ltr'>memoratae3</span> <span class='ocrx_word' id='word_1_85' title='bbox 1300 1019 1425 1080; x_wconf 87' lang='lat' dir='ltr'>vosque</span> <span class='ocrx_word' id='word_1_86' title='bbox 1439 1004 1589 1081; x_wconf 89' lang='lat' dir='ltr'>ipsorum</span> <span class='ocrx_word' id='word_1_87' title='bbox 1603 1016 1706 1064; x_wconf 87' lang='lat' dir='ltr'>onera</span> <span class='ocrx_word' id='word_1_88' title='bbox 1721 1018 1789 1077; x_wconf 90' lang='lat' dir='ltr'>sup-</span> 
     </span>
    </p>
   </div>
   <div class='ocr_carea' id='block_1_3' title="bbox 150 1099 1790 1571">
    <p class='ocr_par' dir='ltr' id='par_1_4' title="bbox 150 1099 1790 1571">
     <span class='ocr_line' id='line_1_9' title="bbox 151 1099 1788 1183; baseline -0.001 -21"><span class='ocrx_word' id='word_1_89' title='bbox 151 1102 316 1162; x_wconf 82' lang='lat' dir='ltr'>effectum.</span> <span class='ocrx_word' id='word_1_90' title='bbox 334 1100 526 1178; x_wconf 85' lang='lat' dir='ltr'>Eapropter,</span> <span class='ocrx_word' id='word_1_91' title='bbox 545 1100 657 1161; x_wconf 91' lang='lat' dir='ltr'>dilecti</span> <span class='ocrx_word' id='word_1_92' title='bbox 673 1101 708 1161; x_wconf 91' lang='lat' dir='ltr'>in</span> <span class='ocrx_word' id='word_1_93' title='bbox 721 1101 860 1164; x_wconf 89' lang='lat' dir='ltr'>Domino</span> <span class='ocrx_word' id='word_1_94' title='bbox 871 1100 944 1173; x_wconf 89' lang='lat' dir='ltr'>lilii,</span> <span class='ocrx_word' id='word_1_95' title='bbox 1000 1105 1170 1182; x_wconf 91' lang='lat' dir='ltr'>portantes</span> <span class='ocrx_word' id='word_1_96' title='bbox 1204 1102 1439 1183; x_wconf 82' lang='lat' dir='ltr'>adimpletores</span> <span class='ocrx_word' id='word_1_97' title='bbox 1466 1099 1690 1162; x_wconf 78' lang='lat' dir='ltr'>inveniamini</span> <span class='ocrx_word' id='word_1_98' title='bbox 1715 1099 1788 1174; x_wconf 80' lang='lat' dir='ltr'>legis</span> 
     </span>
     <span class='ocr_line' id='line_1_10' title="bbox 150 1196 1790 1276; baseline -0.002 -17"><span class='ocrx_word' id='word_1_99' title='bbox 150 1200 271 1260; x_wconf 84' lang='lat' dir='ltr'>vestris</span> <span class='ocrx_word' id='word_1_100' title='bbox 281 1198 383 1275; x_wconf 91' lang='lat' dir='ltr'>justis</span> <span class='ocrx_word' id='word_1_101' title='bbox 398 1197 674 1274; x_wconf 89' lang='lat' dir='ltr'>postulationibus</span> <span class='ocrx_word' id='word_1_102' title='bbox 689 1198 784 1275; x_wconf 83' lang='lat' dir='ltr'>grato</span> <span class='ocrx_word' id='word_1_103' title='bbox 802 1213 947 1260; x_wconf 88' lang='lat' dir='ltr'>concur·</span> <span class='ocrx_word' id='word_1_104' title='bbox 1001 1201 1135 1271; x_wconf 84' lang='lat' dir='ltr'>Christi,</span> <span class='ocrx_word' id='word_1_105' title='bbox 1159 1201 1193 1262; x_wconf 92' lang='lat' dir='ltr'>et</span> <span class='ocrx_word' id='word_1_106' title='bbox 1220 1200 1377 1262; x_wconf 80' lang='lat' dir='ltr'>fraternae</span> <span class='ocrx_word' id='word_1_107' title='bbox 1408 1196 1653 1276; x_wconf 83' lang='lat' dir='ltr'>compassionis</span> <span class='ocrx_word' id='word_1_108' title='bbox 1679 1196 1790 1257; x_wconf 83' lang='lat' dir='ltr'>affectu</span> 
     </span>
     <span class='ocr_line' id='line_1_11' title="bbox 150 1294 1789 1373; baseline -0.002 -16"><span class='ocrx_word' id='word_1_109' title='bbox 150 1299 261 1358; x_wconf 88' lang='lat' dir='ltr'>rentes</span> <span class='ocrx_word' id='word_1_110' title='bbox 278 1310 430 1367; x_wconf 86' lang='lat' dir='ltr'>assensn,</span> <span class='ocrx_word' id='word_1_111' title='bbox 456 1295 615 1368; x_wconf 90' lang='lat' dir='ltr'>redditus,</span> <span class='ocrx_word' id='word_1_112' title='bbox 640 1313 722 1373; x_wconf 92' lang='lat' dir='ltr'>quos</span> <span class='ocrx_word' id='word_1_113' title='bbox 743 1295 947 1358; x_wconf 83' lang='lat' dir='ltr'>venerabilis</span> <span class='ocrx_word' id='word_1_114' title='bbox 1001 1299 1233 1360; x_wconf 88' lang='lat' dir='ltr'>commendare</span> <span class='ocrx_word' id='word_1_115' title='bbox 1281 1298 1401 1359; x_wconf 91' lang='lat' dir='ltr'>merito</span> <span class='ocrx_word' id='word_1_116' title='bbox 1440 1295 1601 1358; x_wconf 89' lang='lat' dir='ltr'>debeatis.</span> <span class='ocrx_word' id='word_1_117' title='bbox 1644 1294 1789 1372; x_wconf 79' lang='lat' dir='ltr'>Alioquin</span> 
     </span>
     <span class='ocr_line' id='line_1_12' title="bbox 151 1390 1789 1470; baseline -0.002 -17"><span class='ocrx_word' id='word_1_118' title='bbox 151 1394 255 1455; x_wconf 81' lang='lat' dir='ltr'>frater</span> <span class='ocrx_word' id='word_1_119' title='bbox 280 1396 393 1455; x_wconf 89' lang='lat' dir='ltr'>noster</span> <span class='ocrx_word' id='word_1_120' title='bbox 415 1394 452 1453; x_wconf 90' lang='grc' dir='ltr'>Ο.</span> <span class='ocrx_word' id='word_1_121' title='bbox 479 1394 752 1455; x_wconf 87' lang='lat' dir='ltr'>Mouasteriensis</span> <span class='ocrx_word' id='word_1_122' title='bbox 774 1395 947 1470; x_wconf 87' lang='lat' dir='ltr'>episcopus</span> <span class='ocrx_word' id='word_1_123' title='bbox 1002 1396 1197 1457; x_wconf 88' lang='lat' dir='ltr'>mandamus</span> <span class='ocrx_word' id='word_1_124' title='bbox 1218 1394 1405 1457; x_wconf 88' lang='lat' dir='ltr'>venerabili</span> <span class='ocrx_word' id='word_1_125' title='bbox 1418 1393 1513 1456; x_wconf 74' lang='lat' dir='ltr'>fratri</span> <span class='ocrx_word' id='word_1_126' title='bbox 1529 1393 1646 1453; x_wconf 92' lang='lat' dir='ltr'>nostro</span> <span class='ocrx_word' id='word_1_127' title='bbox 1663 1390 1789 1468; x_wconf 88' lang='lat' dir='ltr'>Papien.</span> 
     </span>
     <span class='ocr_line' id='line_1_13' title="bbox 150 1490 1790 1571; baseline -0.002 -19"><span class='ocrx_word' id='word_1_128' title='bbox 150 1491 186 1551; x_wconf 90' lang='lat' dir='ltr'>in</span> <span class='ocrx_word' id='word_1_129' title='bbox 201 1491 342 1552; x_wconf 86' lang='lat' dir='ltr'>ecclesia</span> <span class='ocrx_word' id='word_1_130' title='bbox 368 1490 409 1550; x_wconf 92' lang='lat' dir='ltr'>de</span> <span class='ocrx_word' id='word_1_131' title='bbox 427 1490 616 1562; x_wconf 82' lang='lat' dir='ltr'>Tliisdeten,</span> <span class='ocrx_word' id='word_1_132' title='bbox 636 1491 731 1554; x_wconf 91' lang='lat' dir='ltr'>vobis</span> <span class='ocrx_word' id='word_1_133' title='bbox 753 1492 793 1552; x_wconf 89' lang='lat' dir='ltr'>de</span> <span class='ocrx_word' id='word_1_134' title='bbox 808 1506 948 1552; x_wconf 87' lang='lat' dir='ltr'>assensn</span> <span class='ocrx_word' id='word_1_135' title='bbox 1001 1495 1168 1571; x_wconf 88' lang='lat' dir='ltr'>episcopo,</span> <span class='ocrx_word' id='word_1_136' title='bbox 1186 1494 1221 1555; x_wconf 92' lang='lat' dir='ltr'>ut</span> <span class='ocrx_word' id='word_1_137' title='bbox 1233 1494 1305 1571; x_wconf 89' lang='lat' dir='ltr'>ipse</span> <span class='ocrx_word' id='word_1_138' title='bbox 1318 1508 1378 1555; x_wconf 91' lang='lat' dir='ltr'>vos</span> <span class='ocrx_word' id='word_1_139' title='bbox 1389 1491 1430 1554; x_wconf 92' lang='lat' dir='ltr'>ad</span> <span class='ocrx_word' id='word_1_140' title='bbox 1448 1491 1492 1565; x_wconf 93' lang='lat' dir='ltr'>id,</span> <span class='ocrx_word' id='word_1_141' title='bbox 1509 1490 1721 1553; x_wconf 87' lang='lat' dir='ltr'>districtione</span> <span class='ocrx_word' id='word_1_142' title='bbox 1734 1504 1790 1566; x_wconf 90' lang='lat' dir='ltr'>qua</span> 
     </span>
    </p>
   </div>
   <div class='ocr_carea' id='block_1_4' title="bbox 150 1585 1791 2055">
    <p class='ocr_par' dir='ltr' id='par_1_5' title="bbox 150 1585 1791 2055">
     <span class='ocr_line' id='line_1_14' title="bbox 151 1585 1755 1668; baseline -0.002 -19"><span class='ocrx_word' id='word_1_143' title='bbox 151 1589 288 1665; x_wconf 90' lang='lat' dir='ltr'>capituli</span> <span class='ocrx_word' id='word_1_144' title='bbox 310 1588 362 1649; x_wconf 89' lang='lat' dir='ltr'>sui</span> <span class='ocrx_word' id='word_1_145' title='bbox 384 1587 514 1648; x_wconf 87' lang='lat' dir='ltr'>liberali</span> <span class='ocrx_word' id='word_1_146' title='bbox 538 1589 677 1650; x_wconf 90' lang='lat' dir='ltr'>contulit</span> <span class='ocrx_word' id='word_1_147' title='bbox 702 1589 834 1666; x_wconf 88' lang='lat' dir='ltr'>pietate,</span> <span class='ocrx_word' id='word_1_148' title='bbox 863 1588 949 1650; x_wconf 89' lang='lat' dir='ltr'>sicut</span> <span class='ocrx_word' id='word_1_149' title='bbox 1002 1590 1168 1663; x_wconf 89' lang='lat' dir='ltr'>convenit,</span> <span class='ocrx_word' id='word_1_150' title='bbox 1181 1588 1403 1668; x_wconf 89' lang='lat' dir='ltr'>appellatione</span> <span class='ocrx_word' id='word_1_151' title='bbox 1415 1588 1554 1660; x_wconf 88' lang='lat' dir='ltr'>remota,</span> <span class='ocrx_word' id='word_1_152' title='bbox 1569 1585 1755 1664; x_wconf 89' lang='lat' dir='ltr'>compellat.</span> 
     </span>
     <span class='ocr_line' id='line_1_15' title="bbox 151 1683 1789 1763; baseline -0.002 -17"><span class='ocrx_word' id='word_1_153' title='bbox 151 1701 208 1746; x_wconf 90' lang='lat' dir='ltr'>eos</span> <span class='ocrx_word' id='word_1_154' title='bbox 220 1687 310 1763; x_wconf 84' lang='lat' dir='ltr'>J&#39;uste</span> <span class='ocrx_word' id='word_1_155' title='bbox 325 1701 364 1746; x_wconf 89' lang='lat' dir='ltr'>ac</span> <span class='ocrx_word' id='word_1_156' title='bbox 380 1685 516 1762; x_wconf 83' lang='lat' dir='ltr'>pacifice</span> <span class='ocrx_word' id='word_1_157' title='bbox 531 1686 720 1762; x_wconf 89' lang='lat' dir='ltr'>possidetis,</span> <span class='ocrx_word' id='word_1_158' title='bbox 738 1685 832 1748; x_wconf 89' lang='lat' dir='ltr'>vobis</span> <span class='ocrx_word' id='word_1_159' title='bbox 845 1687 878 1747; x_wconf 88' lang='lat' dir='ltr'>et</span> <span class='ocrx_word' id='word_1_160' title='bbox 889 1701 949 1763; x_wconf 92' lang='lat' dir='ltr'>per</span> <span class='ocrx_word' id='word_1_161' title='bbox 1042 1689 1159 1750; x_wconf 88' lang='lat' dir='ltr'>Datum</span> <span class='ocrx_word' id='word_1_162' title='bbox 1195 1690 1308 1750; x_wconf 87' lang='lat' dir='ltr'>Romae</span> <span class='ocrx_word' id='word_1_163' title='bbox 1343 1685 1429 1763; x_wconf 90' lang='lat' dir='ltr'>apud</span> <span class='ocrx_word' id='word_1_164' title='bbox 1473 1684 1632 1746; x_wconf 85' lang='lat' dir='ltr'>Sanctum</span> <span class='ocrx_word' id='word_1_165' title='bbox 1666 1683 1789 1745; x_wconf 89' lang='lat' dir='ltr'>Petrum</span> 
     </span>
     <span class='ocr_line' id='line_1_16' title="bbox 150 1781 1791 1863; baseline -0.001 -22"><span class='ocrx_word' id='word_1_166' title='bbox 150 1799 211 1844; x_wconf 88' lang='lat' dir='ltr'>vos</span> <span class='ocrx_word' id='word_1_167' title='bbox 233 1783 436 1844; x_wconf 88' lang='lat' dir='ltr'>monasterio</span> <span class='ocrx_word' id='word_1_168' title='bbox 456 1785 567 1845; x_wconf 91' lang='lat' dir='ltr'>vestro</span> <span class='ocrx_word' id='word_1_169' title='bbox 589 1784 785 1845; x_wconf 87' lang='lat' dir='ltr'>auctoritate</span> <span class='ocrx_word' id='word_1_170' title='bbox 809 1784 950 1861; x_wconf 76' lang='lat' dir='ltr'>Aposto-</span> <span class='ocrx_word' id='word_1_171' title='bbox 1002 1788 1033 1847; x_wconf 93' lang='grc' dir='ltr'>ΙΙ</span> <span class='ocrx_word' id='word_1_172' title='bbox 1053 1784 1128 1847; x_wconf 87' lang='lat' dir='ltr'>idus</span> <span class='ocrx_word' id='word_1_173' title='bbox 1147 1785 1238 1858; x_wconf 91' lang='lat' dir='ltr'>maii,</span> <span class='ocrx_word' id='word_1_174' title='bbox 1262 1784 1472 1863; x_wconf 80' lang='lat' dir='ltr'>pontificatus</span> <span class='ocrx_word' id='word_1_175' title='bbox 1496 1781 1604 1844; x_wconf 90' lang='lat' dir='ltr'>nostri</span> <span class='ocrx_word' id='word_1_176' title='bbox 1628 1796 1718 1844; x_wconf 89' lang='lat' dir='ltr'>anno</span> <span class='ocrx_word' id='word_1_177' title='bbox 1744 1795 1791 1840; x_wconf 85' lang='lat' dir='ltr'>se-</span> 
     </span>
     <span class='ocr_line' id='line_1_17' title="bbox 150 1881 1121 1958; baseline 0.003 -17"><span class='ocrx_word' id='word_1_178' title='bbox 150 1881 216 1941; x_wconf 90' lang='lat' dir='ltr'>lica</span> <span class='ocrx_word' id='word_1_179' title='bbox 239 1881 472 1941; x_wconf 80' lang='lat' dir='ltr'>confirmamus</span> <span class='ocrx_word' id='word_1_180' title='bbox 491 1882 524 1942; x_wconf 88' lang='lat' dir='ltr'>et</span> <span class='ocrx_word' id='word_1_181' title='bbox 549 1881 722 1957; x_wconf 88' lang='lat' dir='ltr'>praesentis</span> <span class='ocrx_word' id='word_1_182' title='bbox 747 1881 863 1958; x_wconf 87' lang='lat' dir='ltr'>scripti</span> <span class='ocrx_word' id='word_1_183' title='bbox 884 1895 949 1956; x_wconf 89' lang='lat' dir='ltr'>pa·</span> <span class='ocrx_word' id='word_1_184' title='bbox 1003 1882 1121 1946; x_wconf 91' lang='lat' dir='ltr'>cundo.</span> 
     </span>
     <span class='ocr_line' id='line_1_18' title="bbox 151 1978 949 2055; baseline -0.001 -16"><span class='ocrx_word' id='word_1_185' title='bbox 151 1978 294 2040; x_wconf 91' lang='lat' dir='ltr'>trocinio</span> <span class='ocrx_word' id='word_1_186' title='bbox 319 1979 572 2039; x_wconf 91' lang='lat' dir='ltr'>communimus.</span> <span class='ocrx_word' id='word_1_187' title='bbox 598 1979 690 2039; x_wconf 89' lang='lat' dir='ltr'>Nulli</span> <span class='ocrx_word' id='word_1_188' title='bbox 714 1993 793 2055; x_wconf 83' lang='lat' dir='ltr'>ergo</span> <span class='ocrx_word' id='word_1_189' title='bbox 814 1978 949 2039; x_wconf 89' lang='lat' dir='ltr'>omnino</span> 
     </span>
    </p>
   </div>
   <div class='ocr_carea' id='block_1_5' title="bbox 152 2075 950 2348">
    <p class='ocr_par' dir='ltr' id='par_1_6' title="bbox 152 2075 950 2348">
     <span class='ocr_line' id='line_1_19' title="bbox 152 2075 950 2153; baseline -0.001 -17"><span class='ocrx_word' id='word_1_190' title='bbox 152 2076 322 2136; x_wconf 89' lang='lat' dir='ltr'>bominum</span> <span class='ocrx_word' id='word_1_191' title='bbox 338 2075 437 2137; x_wconf 90' lang='lat' dir='ltr'>liceat</span> <span class='ocrx_word' id='word_1_192' title='bbox 452 2077 539 2137; x_wconf 88' lang='lat' dir='ltr'>hanc</span> <span class='ocrx_word' id='word_1_193' title='bbox 555 2075 711 2153; x_wconf 78' lang='lat' dir='ltr'>paginam</span> <span class='ocrx_word' id='word_1_194' title='bbox 731 2076 853 2138; x_wconf 86' lang='lat' dir='ltr'>nostrae</span> <span class='ocrx_word' id='word_1_195' title='bbox 868 2090 950 2137; x_wconf 88' lang='lat' dir='ltr'>con-</span> 
     </span>
     <span class='ocr_line' id='line_1_20' title="bbox 152 2173 948 2248; baseline 0 -14"><span class='ocrx_word' id='word_1_196' title='bbox 152 2173 351 2234; x_wconf 83' lang='lat' dir='ltr'>firmationis</span> <span class='ocrx_word' id='word_1_197' title='bbox 377 2173 569 2248; x_wconf 78' lang='lat' dir='ltr'>intringere,</span> <span class='ocrx_word' id='word_1_198' title='bbox 597 2174 652 2236; x_wconf 90' lang='lat' dir='ltr'>vel</span> <span class='ocrx_word' id='word_1_199' title='bbox 674 2174 706 2235; x_wconf 91' lang='lat' dir='ltr'>ei</span> <span class='ocrx_word' id='word_1_200' title='bbox 734 2190 819 2234; x_wconf 91' lang='lat' dir='ltr'>ausu</span> <span class='ocrx_word' id='word_1_201' title='bbox 839 2175 948 2235; x_wconf 88' lang='lat' dir='ltr'>terne·</span> 
     </span>
     <span class='ocr_line' id='line_1_21' title="bbox 152 2271 950 2348; baseline 0.001 -17"><span class='ocrx_word' id='word_1_202' title='bbox 152 2272 244 2332; x_wconf 89' lang='lat' dir='ltr'>rario</span> <span class='ocrx_word' id='word_1_203' title='bbox 255 2271 432 2332; x_wconf 87' lang='lat' dir='ltr'>contraire.</span> <span class='ocrx_word' id='word_1_204' title='bbox 450 2271 570 2348; x_wconf 85' lang='lat' dir='ltr'>Siquis</span> <span class='ocrx_word' id='word_1_205' title='bbox 583 2272 693 2333; x_wconf 91' lang='lat' dir='ltr'>autem</span> <span class='ocrx_word' id='word_1_206' title='bbox 708 2271 771 2333; x_wconf 90' lang='lat' dir='ltr'>hoc</span> <span class='ocrx_word' id='word_1_207' title='bbox 786 2272 950 2334; x_wconf 88' lang='lat' dir='ltr'>attentare</span> 
     </span>
    </p>
   </div>
   <div class='ocr_carea' id='block_1_6' title="bbox 43 2368 949 2447">
    <p class='ocr_par' dir='ltr' id='par_1_7' title="bbox 43 2368 949 2447">
     <span class='ocr_line' id='line_1_22' title="bbox 43 2368 949 2447; baseline 0.002 -20"><span class='ocrx_word' id='word_1_208' title='bbox 43 2376 47 2381; x_wconf 87' lang='grc'><em>·</em></span> <span class='ocrx_word' id='word_1_209' title='bbox 151 2369 411 2446; x_wconf 66' lang='lat' dir='ltr'>praesumpserit,</span> <span class='ocrx_word' id='word_1_210' title='bbox 437 2368 699 2445; x_wconf 80' lang='lat' dir='ltr'>indignationem</span> <span class='ocrx_word' id='word_1_211' title='bbox 714 2369 949 2447; x_wconf 91' lang='lat' dir='ltr'>omnipotentis</span> 
     </span>
    </p>
   </div>
   <div class='ocr_carea' id='block_1_7' title="bbox 152 2466 949 2544">
    <p class='ocr_par' dir='ltr' id='par_1_8' title="bbox 152 2466 949 2544">
     <span class='ocr_line' id='line_1_23' title="bbox 152 2466 949 2544; baseline -0.003 -16"><span class='ocrx_word' id='word_1_212' title='bbox 152 2467 211 2528; x_wconf 92' lang='lat' dir='ltr'>Dei</span> <span class='ocrx_word' id='word_1_213' title='bbox 227 2467 260 2527; x_wconf 92' lang='lat' dir='ltr'>et</span> <span class='ocrx_word' id='word_1_214' title='bbox 272 2466 443 2528; x_wconf 91' lang='lat' dir='ltr'>beatorum</span> <span class='ocrx_word' id='word_1_215' title='bbox 460 2466 549 2528; x_wconf 89' lang='lat' dir='ltr'>Petri</span> <span class='ocrx_word' id='word_1_216' title='bbox 566 2470 599 2528; x_wconf 91' lang='lat' dir='ltr'>et</span> <span class='ocrx_word' id='word_1_217' title='bbox 612 2467 709 2528; x_wconf 90' lang='lat' dir='ltr'>Pauli</span> <span class='ocrx_word' id='word_1_218' title='bbox 724 2467 949 2544; x_wconf 90' lang='lat' dir='ltr'>apostolorum</span> 
     </span>
    </p>
   </div>
   <div class='ocr_carea' id='block_1_8' title="bbox 44 2564 949 2655">
    <p class='ocr_par' dir='ltr' id='par_1_9' title="bbox 44 2564 949 2655">
     <span class='ocr_line' id='line_1_24' title="bbox 44 2564 949 2655; baseline 0.001 -32"><span class='ocrx_word' id='word_1_219' title='bbox 44 2648 48 2655; x_wconf 22' lang='grc' dir='ltr'>ι</span> <span class='ocrx_word' id='word_1_220' title='bbox 154 2567 226 2640; x_wconf 88' lang='lat' dir='ltr'>ejus</span> <span class='ocrx_word' id='word_1_221' title='bbox 247 2579 282 2625; x_wconf 86' lang='lat' dir='ltr'>se</span> <span class='ocrx_word' id='word_1_222' title='bbox 301 2565 431 2626; x_wconf 91' lang='lat' dir='ltr'>noverit</span> <span class='ocrx_word' id='word_1_223' title='bbox 445 2564 669 2626; x_wconf 89' lang='lat' dir='ltr'>incursurum.</span> <span class='ocrx_word' id='word_1_224' title='bbox 695 2565 814 2627; x_wconf 89' lang='lat' dir='ltr'>Datum</span> <span class='ocrx_word' id='word_1_225' title='bbox 837 2567 949 2626; x_wconf 80' lang='lat' dir='ltr'>Romae</span> 
     </span>
    </p>
   </div>
   <div class='ocr_carea' id='block_1_9' title="bbox 152 2661 951 2739">
    <p class='ocr_par' dir='ltr' id='par_1_10' title="bbox 152 2661 951 2739">
     <span class='ocr_line' id='line_1_25' title="bbox 152 2661 951 2739; baseline 0.001 -17"><span class='ocrx_word' id='word_1_226' title='bbox 152 2661 239 2739; x_wconf 92' lang='lat' dir='ltr'>apud</span> <span class='ocrx_word' id='word_1_227' title='bbox 263 2664 419 2723; x_wconf 86' lang='lat' dir='ltr'>Sanctum</span> <span class='ocrx_word' id='word_1_228' title='bbox 432 2664 580 2729; x_wconf 90' lang='lat' dir='ltr'>Petrum,</span> <span class='ocrx_word' id='word_1_229' title='bbox 598 2664 627 2723; x_wconf 94' lang='lat' dir='ltr'>Il</span> <span class='ocrx_word' id='word_1_230' title='bbox 642 2663 717 2723; x_wconf 92' lang='lat' dir='ltr'>idus</span> <span class='ocrx_word' id='word_1_231' title='bbox 732 2663 823 2734; x_wconf 91' lang='lat' dir='ltr'>maii,</span> <span class='ocrx_word' id='word_1_232' title='bbox 840 2662 951 2739; x_wconf 90' lang='lat' dir='ltr'>ponti-</span> 
     </span>
    </p>
   </div>
   <div class='ocr_carea' id='block_1_10' title="bbox 49 2750 657 2822">
    <p class='ocr_par' dir='ltr' id='par_1_11' title="bbox 49 2750 657 2822">
     <span class='ocr_line' id='line_1_26' title="bbox 49 2750 657 2822; baseline 0.003 -3"><span class='ocrx_word' id='word_1_233' title='bbox 49 2750 52 2756; x_wconf 77' lang='grc'><strong>’</strong></span> <span class='ocrx_word' id='word_1_234' title='bbox 154 2759 485 2822; x_wconf 87' lang='lat' dir='ltr'>llcatusnostrianno</span> <span class='ocrx_word' id='word_1_235' title='bbox 501 2760 657 2821; x_wconf 88' lang='lat' dir='ltr'>secundo.</span> 
     </span>
    </p>
   </div>
   <div class='ocr_carea' id='block_1_11' title="bbox 450 2973 653 3062">
    <p class='ocr_par' dir='ltr' id='par_1_12' title="bbox 450 2973 653 3062">
     <span class='ocr_line' id='line_1_27' title="bbox 450 2973 653 3062; baseline -0.005 0"><span class='ocrx_word' id='word_1_236' title='bbox 450 2973 653 3062; x_wconf 82' lang='lat' dir='ltr'>CCXXXV</span> 
     </span>
    </p>
   </div>
   <div class='ocr_carea' id='block_1_12' title="bbox 249 3128 852 3297">
    <p class='ocr_par' dir='ltr' id='par_1_13' title="bbox 249 3128 852 3297">
     <span class='ocr_line' id='line_1_28' title="bbox 249 3128 852 3197; baseline 0 -9"><span class='ocrx_word' id='word_1_237' title='bbox 249 3128 301 3188; x_wconf 83' lang='lat' dir='ltr'>Ad</span> <span class='ocrx_word' id='word_1_238' title='bbox 320 3128 576 3197; x_wconf 77' lang='lat' dir='ltr'>Vercellcnsem,</span> <span class='ocrx_word' id='word_1_239' title='bbox 602 3129 852 3188; x_wconf 79' lang='lat' dir='ltr'>Taurinensem</span> 
     </span>
     <span class='ocr_line' id='line_1_29' title="bbox 331 3224 769 3297; baseline 0 -13"><span class='ocrx_word' id='word_1_240' title='bbox 331 3224 366 3284; x_wconf 85' lang='lat' dir='ltr'>et</span> <span class='ocrx_word' id='word_1_241' title='bbox 381 3225 563 3285; x_wconf 71' lang='lat' dir='ltr'>astensem</span> <span class='ocrx_word' id='word_1_242' title='bbox 584 3227 769 3297; x_wconf 68' lang='lat' dir='ltr'>apocopen.</span> 
     </span>
    </p>
   </div>
   <div class='ocr_carea' id='block_1_13' title="bbox 1291 2023 1514 2113">
    <p class='ocr_par' dir='ltr' id='par_1_14' title="bbox 1291 2023 1514 2113">
     <span class='ocr_line' id='line_1_30' title="bbox 1291 2023 1514 2113; baseline -0.004 0"><span class='ocrx_word' id='word_1_243' title='bbox 1291 2023 1514 2113; x_wconf 78' lang='lat' dir='ltr'>cdxxxvi</span> 
     </span>
    </p>
   </div>
   <div class='ocr_carea' id='block_1_14' title="bbox 1056 2166 1750 2326">
    <p class='ocr_par' dir='ltr' id='par_1_15' title="bbox 1056 2166 1750 2326">
     <span class='ocr_line' id='line_1_31' title="bbox 1056 2166 1750 2254; baseline -0.01 -24"><span class='ocrx_word' id='word_1_244' title='bbox 1056 2171 1109 2254; x_wconf 83' lang='lat' dir='ltr'>Ad</span> <span class='ocrx_word' id='word_1_245' title='bbox 1119 2170 1286 2230; x_wconf 80' lang='lat' dir='ltr'>decanam</span> <span class='ocrx_word' id='word_1_246' title='bbox 1300 2168 1336 2228; x_wconf 87' lang='lat' dir='ltr'>et</span> <span class='ocrx_word' id='word_1_247' title='bbox 1348 2166 1536 2240; x_wconf 77' lang='lat' dir='ltr'>capitulum</span> <span class='ocrx_word' id='word_1_248' title='bbox 1548 2167 1585 2228; x_wconf 81' lang='lat' dir='ltr'>S.</span> <span class='ocrx_word' id='word_1_249' title='bbox 1601 2166 1750 2229; x_wconf 75' lang='lat' dir='ltr'>Martini</span> 
     </span>
     <span class='ocr_line' id='line_1_32' title="bbox 1250 2264 1548 2326; baseline -0.013 0"><span class='ocrx_word' id='word_1_250' title='bbox 1250 2264 1548 2326; x_wconf 66' lang='lat' dir='ltr'>monasteriem.</span> 
     </span>
    </p>
   </div>
   <div class='ocr_carea' id='block_1_15' title="bbox 1298 2395 1510 2454">
    <p class='ocr_par' dir='ltr' id='par_1_16' title="bbox 1298 2395 1510 2454">
     <span class='ocr_line' id='line_1_33' title="bbox 1298 2395 1510 2454; baseline 0.005 -1"><span class='ocrx_word' id='word_1_251' title='bbox 1298 2395 1331 2453; x_wconf 82' lang='lat' dir='ltr'>tl</span> <span class='ocrx_word' id='word_1_252' title='bbox 1346 2395 1414 2452; x_wconf 82' lang='lat' dir='ltr'>maii</span> <span class='ocrx_word' id='word_1_253' title='bbox 1430 2395 1510 2454; x_wconf 77' lang='lat'><strong>1218.</strong></span> 
     </span>
    </p>
   </div>
   <div class='ocr_carea' id='block_1_16' title="bbox 1066 2508 1740 2657">
    <p class='ocr_par' dir='ltr' id='par_1_17' title="bbox 1066 2508 1740 2657">
     <span class='ocr_line' id='line_1_34' title="bbox 1066 2508 1740 2576; baseline -0.004 -14"><span class='ocrx_word' id='word_1_254' title='bbox 1066 2511 1218 2576; x_wconf 58' lang='lat' dir='ltr'>[wilmun</span> <span class='ocrx_word' id='word_1_255' title='bbox 1233 2510 1419 2562; x_wconf 77' lang='lat' dir='ltr'>Wastialiscbss</span> <span class='ocrx_word' id='word_1_256' title='bbox 1435 2508 1651 2567; x_wconf 84' lang='lat' dir='ltr'>Urkendenbucb,</span> <span class='ocrx_word' id='word_1_257' title='bbox 1666 2515 1686 2559; x_wconf 90' lang='lat' dir='ltr'>t.</span> <span class='ocrx_word' id='word_1_258' title='bbox 1699 2510 1740 2567; x_wconf 84' lang='lat' dir='ltr'>lli,</span> 
     </span>
     <span class='ocr_line' id='line_1_35' title="bbox 1296 2590 1505 2657; baseline 0.005 -17"><span class='ocrx_word' id='word_1_259' title='bbox 1296 2606 1322 2657; x_wconf 93' lang='lat' dir='ltr'>p.</span> <span class='ocrx_word' id='word_1_260' title='bbox 1339 2591 1379 2650; x_wconf 79' lang='lat' dir='ltr'>db,</span> <span class='ocrx_word' id='word_1_261' title='bbox 1396 2605 1423 2641; x_wconf 87' lang='lat' dir='ltr'>n.</span> <span class='ocrx_word' id='word_1_262' title='bbox 1438 2590 1505 2655; x_wconf 70' lang='lat' dir='ltr'>lm]</span> 
     </span>
    </p>
   </div>
   <div class='ocr_carea' id='block_1_17' title="bbox 1005 2704 1791 2869">
    <p class='ocr_par' dir='ltr' id='par_1_18' title="bbox 1005 2704 1791 2869">
     <span class='ocr_line' id='line_1_36' title="bbox 1005 2704 1791 2779; baseline -0.004 -14"><span class='ocrx_word' id='word_1_263' title='bbox 1005 2708 1137 2766; x_wconf 82' lang='lat' dir='ltr'>Decimae</span> <span class='ocrx_word' id='word_1_264' title='bbox 1151 2705 1187 2765; x_wconf 87' lang='lat' dir='ltr'>de</span> <span class='ocrx_word' id='word_1_265' title='bbox 1204 2705 1339 2765; x_wconf 87' lang='lat' dir='ltr'>Boobolle</span> <span class='ocrx_word' id='word_1_266' title='bbox 1350 2713 1380 2765; x_wconf 86' lang='lat' dir='ltr'>et</span> <span class='ocrx_word' id='word_1_267' title='bbox 1391 2705 1428 2764; x_wconf 90' lang='lat' dir='ltr'>de</span> <span class='ocrx_word' id='word_1_268' title='bbox 1441 2708 1635 2779; x_wconf 85' lang='lat' dir='ltr'>Brunestorpe</span> <span class='ocrx_word' id='word_1_269' title='bbox 1649 2707 1693 2763; x_wconf 85' lang='lat' dir='ltr'>eis</span> <span class='ocrx_word' id='word_1_270' title='bbox 1707 2704 1741 2763; x_wconf 85' lang='lat' dir='ltr'>ab</span> <span class='ocrx_word' id='word_1_271' title='bbox 1751 2705 1791 2763; x_wconf 83' lang='lat' dir='ltr'>dl·</span> 
     </span>
     <span class='ocr_line' id='line_1_37' title="bbox 1030 2788 1773 2869; baseline -0.007 -14"><span class='ocrx_word' id='word_1_272' title='bbox 1030 2804 1096 2855; x_wconf 89' lang='lat' dir='ltr'>tone</span> <span class='ocrx_word' id='word_1_273' title='bbox 1106 2795 1323 2855; x_wconf 70' lang='lat' dir='ltr'>monasteriensi</span> <span class='ocrx_word' id='word_1_274' title='bbox 1336 2796 1472 2869; x_wconf 87' lang='lat' dir='ltr'>episcopo</span> <span class='ocrx_word' id='word_1_275' title='bbox 1486 2795 1607 2852; x_wconf 86' lang='lat' dir='ltr'>collatas</span> <span class='ocrx_word' id='word_1_276' title='bbox 1616 2788 1773 2852; x_wconf 80' lang='lat' dir='ltr'>confirmat.</span> 
     </span>
    </p>
   </div>
   <div class='ocr_carea' id='block_1_18' title="bbox 1005 2913 1797 3268">
    <p class='ocr_par' dir='ltr' id='par_1_19' title="bbox 1005 2913 1797 3268">
     <span class='ocr_line' id='line_1_38' title="bbox 1045 2913 1794 2989; baseline -0.008 -14"><span class='ocrx_word' id='word_1_277' title='bbox 1045 2913 1211 2975; x_wconf 87' lang='lat' dir='ltr'>Honorius</span> <span class='ocrx_word' id='word_1_278' title='bbox 1243 2913 1439 2989; x_wconf 91' lang='lat' dir='ltr'>episcopus,</span> <span class='ocrx_word' id='word_1_279' title='bbox 1475 2928 1595 2974; x_wconf 88' lang='lat' dir='ltr'>servus</span> <span class='ocrx_word' id='word_1_280' title='bbox 1631 2927 1794 2974; x_wconf 87' lang='lat' dir='ltr'>servorum</span> 
     </span>
     <span class='ocr_line' id='line_1_39' title="bbox 1005 3007 1793 3086; baseline -0.006 -14"><span class='ocrx_word' id='word_1_281' title='bbox 1005 3012 1076 3082; x_wconf 86' lang='lat' dir='ltr'>Dei,</span> <span class='ocrx_word' id='word_1_282' title='bbox 1093 3011 1223 3073; x_wconf 89' lang='lat' dir='ltr'>dilectis</span> <span class='ocrx_word' id='word_1_283' title='bbox 1238 3009 1316 3071; x_wconf 85' lang='lat' dir='ltr'>nilis</span> <span class='ocrx_word' id='word_1_284' title='bbox 1331 3010 1457 3072; x_wconf 90' lang='lat' dir='ltr'>decano</span> <span class='ocrx_word' id='word_1_285' title='bbox 1476 3012 1509 3072; x_wconf 88' lang='lat' dir='ltr'>et</span> <span class='ocrx_word' id='word_1_286' title='bbox 1528 3009 1678 3086; x_wconf 87' lang='lat' dir='ltr'>capitulo</span> <span class='ocrx_word' id='word_1_287' title='bbox 1693 3007 1793 3071; x_wconf 84' lang='lat' dir='ltr'>Sancti</span> 
     </span>
     <span class='ocr_line' id='line_1_40' title="bbox 1005 3105 1797 3184; baseline -0.003 -16"><span class='ocrx_word' id='word_1_288' title='bbox 1005 3108 1141 3170; x_wconf 88' lang='lat' dir='ltr'>Martini</span> <span class='ocrx_word' id='word_1_289' title='bbox 1154 3108 1438 3180; x_wconf 72' lang='lat' dir='ltr'>monasteriensis,</span> <span class='ocrx_word' id='word_1_290' title='bbox 1455 3105 1598 3169; x_wconf 89' lang='lat' dir='ltr'>salutem</span> <span class='ocrx_word' id='word_1_291' title='bbox 1617 3107 1652 3169; x_wconf 87' lang='lat' dir='ltr'>et</span> <span class='ocrx_word' id='word_1_292' title='bbox 1672 3108 1797 3184; x_wconf 84' lang='lat' dir='ltr'>aposto·</span> 
     </span>
     <span class='ocr_line' id='line_1_41' title="bbox 1006 3204 1394 3268; baseline 0 -1"><span class='ocrx_word' id='word_1_293' title='bbox 1006 3207 1104 3268; x_wconf 88' lang='lat' dir='ltr'>licam</span> <span class='ocrx_word' id='word_1_294' title='bbox 1118 3204 1394 3268; x_wconf 88' lang='lat' dir='ltr'>benedictionem.</span> 
     </span>
    </p>
   </div>
   <div class='ocr_carea' id='block_1_19' title="bbox 1006 3301 1797 4059">
    <p class='ocr_par' dir='ltr' id='par_1_20' title="bbox 1006 3301 1797 4059">
     <span class='ocr_line' id='line_1_42' title="bbox 1044 3301 1797 3380; baseline -0.007 -15"><span class='ocrx_word' id='word_1_295' title='bbox 1044 3304 1148 3365; x_wconf 80' lang='lat' dir='ltr'>iustis</span> <span class='ocrx_word' id='word_1_296' title='bbox 1177 3304 1359 3380; x_wconf 88' lang='lat' dir='ltr'>petentium</span> <span class='ocrx_word' id='word_1_297' title='bbox 1387 3304 1564 3365; x_wconf 87' lang='lat' dir='ltr'>desideriis</span> <span class='ocrx_word' id='word_1_298' title='bbox 1591 3304 1728 3379; x_wconf 84' lang='lat' dir='ltr'>dignum</span> <span class='ocrx_word' id='word_1_299' title='bbox 1754 3301 1797 3361; x_wconf 86' lang='lat' dir='ltr'>est</span> 
     </span>
     <span class='ocr_line' id='line_1_43' title="bbox 1006 3402 1796 3478; baseline -0.004 -15"><span class='ocrx_word' id='word_1_300' title='bbox 1006 3418 1066 3463; x_wconf 91' lang='lat' dir='ltr'>nos</span> <span class='ocrx_word' id='word_1_301' title='bbox 1093 3402 1224 3463; x_wconf 82' lang='lat' dir='ltr'>facilem</span> <span class='ocrx_word' id='word_1_302' title='bbox 1255 3402 1403 3478; x_wconf 87' lang='lat' dir='ltr'>praebere</span> <span class='ocrx_word' id='word_1_303' title='bbox 1429 3418 1644 3473; x_wconf 89' lang='lat' dir='ltr'>consensum,</span> <span class='ocrx_word' id='word_1_304' title='bbox 1675 3402 1708 3462; x_wconf 92' lang='lat' dir='ltr'>et</span> <span class='ocrx_word' id='word_1_305' title='bbox 1729 3403 1796 3460; x_wconf 88' lang='lat' dir='ltr'>vota</span> 
     </span>
     <span class='ocr_line' id='line_1_44' title="bbox 1007 3499 1794 3577; baseline -0.006 -16"><span class='ocrx_word' id='word_1_306' title='bbox 1007 3516 1080 3577; x_wconf 84' lang='lat' dir='ltr'>quae</span> <span class='ocrx_word' id='word_1_307' title='bbox 1113 3516 1133 3560; x_wconf 90' lang='lat' dir='ltr'>a</span> <span class='ocrx_word' id='word_1_308' title='bbox 1161 3501 1302 3562; x_wconf 91' lang='lat' dir='ltr'>rationis</span> <span class='ocrx_word' id='word_1_309' title='bbox 1336 3500 1470 3561; x_wconf 90' lang='lat' dir='ltr'>tramite</span> <span class='ocrx_word' id='word_1_310' title='bbox 1504 3516 1571 3561; x_wconf 90' lang='lat' dir='ltr'>non</span> <span class='ocrx_word' id='word_1_311' title='bbox 1603 3499 1794 3565; x_wconf 85' lang='lat' dir='ltr'>discordant,</span> 
     </span>
     <span class='ocr_line' id='line_1_45' title="bbox 1007 3598 1795 3674; baseline -0.004 -17"><span class='ocrx_word' id='word_1_312' title='bbox 1007 3598 1127 3659; x_wconf 82' lang='lat' dir='ltr'>effectu</span> <span class='ocrx_word' id='word_1_313' title='bbox 1154 3599 1376 3674; x_wconf 89' lang='lat' dir='ltr'>prosequente</span> <span class='ocrx_word' id='word_1_314' title='bbox 1406 3598 1582 3673; x_wconf 88' lang='lat' dir='ltr'>complere.</span> <span class='ocrx_word' id='word_1_315' title='bbox 1612 3600 1795 3674; x_wconf 81' lang='lat' dir='ltr'>Eapropter,</span> 
     </span>
     <span class='ocr_line' id='line_1_46' title="bbox 1006 3694 1796 3771; baseline -0.001 -18"><span class='ocrx_word' id='word_1_316' title='bbox 1006 3695 1118 3756; x_wconf 90' lang='lat' dir='ltr'>dilecti</span> <span class='ocrx_word' id='word_1_317' title='bbox 1131 3695 1166 3755; x_wconf 95' lang='lat' dir='ltr'>in</span> <span class='ocrx_word' id='word_1_318' title='bbox 1184 3696 1323 3756; x_wconf 90' lang='lat' dir='ltr'>Domino</span> <span class='ocrx_word' id='word_1_319' title='bbox 1343 3695 1416 3762; x_wconf 86' lang='lat' dir='ltr'>lilii,</span> <span class='ocrx_word' id='word_1_320' title='bbox 1440 3695 1559 3755; x_wconf 88' lang='lat' dir='ltr'>vestris</span> <span class='ocrx_word' id='word_1_321' title='bbox 1571 3694 1673 3771; x_wconf 90' lang='lat' dir='ltr'>justis</span> <span class='ocrx_word' id='word_1_322' title='bbox 1692 3696 1796 3770; x_wconf 90' lang='lat' dir='ltr'>postu·</span> 
     </span>
     <span class='ocr_line' id='line_1_47' title="bbox 1007 3790 1794 3868; baseline -0.001 -17"><span class='ocrx_word' id='word_1_323' title='bbox 1007 3791 1185 3853; x_wconf 88' lang='lat' dir='ltr'>lationibus</span> <span class='ocrx_word' id='word_1_324' title='bbox 1205 3795 1300 3868; x_wconf 80' lang='lat' dir='ltr'>grato</span> <span class='ocrx_word' id='word_1_325' title='bbox 1321 3795 1557 3854; x_wconf 90' lang='lat' dir='ltr'>concurrentes</span> <span class='ocrx_word' id='word_1_326' title='bbox 1574 3808 1725 3861; x_wconf 87' lang='lat' dir='ltr'>assensu,</span> <span class='ocrx_word' id='word_1_327' title='bbox 1744 3790 1794 3850; x_wconf 84' lang='lat' dir='ltr'>ds·</span> 
     </span>
     <span class='ocr_line' id='line_1_48' title="bbox 1008 3887 1794 3966; baseline -0.008 -16"><span class='ocrx_word' id='word_1_328' title='bbox 1008 3891 1111 3950; x_wconf 85' lang='lat' dir='ltr'>cimas</span> <span class='ocrx_word' id='word_1_329' title='bbox 1133 3890 1173 3950; x_wconf 91' lang='lat' dir='ltr'>de</span> <span class='ocrx_word' id='word_1_330' title='bbox 1189 3889 1345 3952; x_wconf 88' lang='lat' dir='ltr'>Bocholte</span> <span class='ocrx_word' id='word_1_331' title='bbox 1360 3893 1393 3951; x_wconf 89' lang='lat' dir='ltr'>et</span> <span class='ocrx_word' id='word_1_332' title='bbox 1413 3890 1454 3950; x_wconf 90' lang='lat' dir='ltr'>de</span> <span class='ocrx_word' id='word_1_333' title='bbox 1472 3892 1699 3966; x_wconf 89' lang='lat' dir='ltr'>Brunestorpe</span> <span class='ocrx_word' id='word_1_334' title='bbox 1712 3887 1794 3950; x_wconf 91' lang='lat' dir='ltr'>vobis</span> 
     </span>
     <span class='ocr_line' id='line_1_49' title="bbox 1008 3986 1795 4059; baseline -0.003 -11"><span class='ocrx_word' id='word_1_335' title='bbox 1008 4004 1026 4048; x_wconf 92' lang='lat' dir='ltr'>a</span> <span class='ocrx_word' id='word_1_336' title='bbox 1042 3986 1225 4048; x_wconf 84' lang='lat' dir='ltr'>venerabili</span> <span class='ocrx_word' id='word_1_337' title='bbox 1243 3987 1346 4049; x_wconf 81' lang='lat' dir='ltr'>fratre</span> <span class='ocrx_word' id='word_1_338' title='bbox 1361 3991 1473 4049; x_wconf 90' lang='lat' dir='ltr'>nostro</span> <span class='ocrx_word' id='word_1_339' title='bbox 1488 3989 1617 4059; x_wconf 89' lang='lat' dir='ltr'>Ottone,</span> <span class='ocrx_word' id='word_1_340' title='bbox 1640 3988 1795 4049; x_wconf 76' lang='lat' dir='ltr'>Monaste</span> 
     </span>
    </p>
   </div>
   <div class='ocr_carea' id='block_1_20' title="bbox 252 3353 854 3532">
    <p class='ocr_par' dir='ltr' id='par_1_21' title="bbox 252 3353 854 3532">
     <span class='ocr_line' id='line_1_50' title="bbox 451 3353 659 3412; baseline -0.01 -1"><span class='ocrx_word' id='word_1_341' title='bbox 451 3353 485 3412; x_wconf 83' lang='lat' dir='ltr'>ll</span> <span class='ocrx_word' id='word_1_342' title='bbox 497 3355 565 3412; x_wconf 87' lang='lat' dir='ltr'>maii</span> <span class='ocrx_word' id='word_1_343' title='bbox 582 3356 659 3412; x_wconf 72' lang='lat' dir='ltr'>llis.</span> 
     </span>
     <span class='ocr_line' id='line_1_51' title="bbox 252 3467 854 3532; baseline 0 -13"><span class='ocrx_word' id='word_1_344' title='bbox 252 3469 297 3532; x_wconf 74' lang='lat' dir='ltr'>[De</span> <span class='ocrx_word' id='word_1_345' title='bbox 307 3467 392 3528; x_wconf 85' lang='lat' dir='ltr'>Comi,</span> <span class='ocrx_word' id='word_1_346' title='bbox 404 3469 486 3518; x_wconf 81' lang='lat' dir='ltr'>Notiz.</span> <span class='ocrx_word' id='word_1_347' title='bbox 501 3468 578 3519; x_wconf 86' lang='lat' dir='ltr'>storia</span> <span class='ocrx_word' id='word_1_348' title='bbox 589 3469 615 3518; x_wconf 90' lang='lat' dir='ltr'>di</span> <span class='ocrx_word' id='word_1_349' title='bbox 627 3468 725 3528; x_wconf 82' lang='lat' dir='ltr'>casale,</span> <span class='ocrx_word' id='word_1_350' title='bbox 743 3470 774 3527; x_wconf 93' lang='lat' dir='ltr'>II,</span> <span class='ocrx_word' id='word_1_351' title='bbox 787 3468 854 3531; x_wconf 63' lang='lat'>380]</span> 
     </span>
    </p>
   </div>
   <div class='ocr_carea' id='block_1_21' title="bbox 156 3585 952 3836">
    <p class='ocr_par' dir='ltr' id='par_1_22' title="bbox 156 3585 952 3836">
     <span class='ocr_line' id='line_1_52' title="bbox 156 3585 952 3644; baseline 0 -3"><span class='ocrx_word' id='word_1_352' title='bbox 156 3586 204 3642; x_wconf 85' lang='lat' dir='ltr'>Eis</span> <span class='ocrx_word' id='word_1_353' title='bbox 220 3585 336 3642; x_wconf 78' lang='lat' dir='ltr'>niundat</span> <span class='ocrx_word' id='word_1_354' title='bbox 347 3592 376 3642; x_wconf 90' lang='lat' dir='ltr'>ut</span> <span class='ocrx_word' id='word_1_355' title='bbox 390 3585 537 3642; x_wconf 89' lang='lat' dir='ltr'>canonicis</span> <span class='ocrx_word' id='word_1_356' title='bbox 545 3586 674 3642; x_wconf 72' lang='lat' dir='ltr'>ecclesian</span> <span class='ocrx_word' id='word_1_357' title='bbox 685 3587 888 3642; x_wconf 84' lang='lat' dir='ltr'>canonicorum</span> <span class='ocrx_word' id='word_1_358' title='bbox 903 3585 952 3644; x_wconf 89' lang='lat' dir='ltr'>Ca·</span> 
     </span>
     <span class='ocr_line' id='line_1_53' title="bbox 191 3673 950 3746; baseline 0.001 -17"><span class='ocrx_word' id='word_1_359' title='bbox 191 3675 356 3742; x_wconf 84' lang='lat' dir='ltr'>salensium,</span> <span class='ocrx_word' id='word_1_360' title='bbox 375 3675 487 3746; x_wconf 86' lang='lat' dir='ltr'>penitus</span> <span class='ocrx_word' id='word_1_361' title='bbox 502 3673 645 3731; x_wconf 76' lang='lat' dir='ltr'>dissoluta</span> <span class='ocrx_word' id='word_1_362' title='bbox 667 3681 695 3730; x_wconf 84' lang='lat' dir='ltr'>et</span> <span class='ocrx_word' id='word_1_363' title='bbox 710 3673 869 3744; x_wconf 75' lang='lat' dir='ltr'>destructas,</span> <span class='ocrx_word' id='word_1_364' title='bbox 885 3673 950 3730; x_wconf 91' lang='lat' dir='ltr'>sub·</span> 
     </span>
     <span class='ocr_line' id='line_1_54' title="bbox 192 3765 715 3836; baseline 0.002 -17"><span class='ocrx_word' id='word_1_365' title='bbox 192 3765 356 3820; x_wconf 78' lang='lat' dir='ltr'>vetitionem</span> <span class='ocrx_word' id='word_1_366' title='bbox 372 3778 530 3836; x_wconf 86' lang='lat' dir='ltr'>congruam</span> <span class='ocrx_word' id='word_1_367' title='bbox 546 3765 715 3821; x_wconf 85' lang='lat' dir='ltr'>midistrenl.</span> 
     </span>
    </p>
   </div>
   <div class='ocr_carea' id='block_1_22' title="bbox 159 3889 1793 4944">
    <p class='ocr_par' dir='ltr' id='par_1_23' title="bbox 159 3889 1793 4163">
     <span class='ocr_line' id='line_1_55' title="bbox 197 3889 953 3966; baseline 0.003 -15"><span class='ocrx_word' id='word_1_368' title='bbox 197 3890 364 3951; x_wconf 89' lang='lat' dir='ltr'>Honorius</span> <span class='ocrx_word' id='word_1_369' title='bbox 376 3890 551 3966; x_wconf 89' lang='lat' dir='ltr'>episcopus</span> <span class='ocrx_word' id='word_1_370' title='bbox 562 3889 717 3951; x_wconf 86' lang='lat' dir='ltr'>venerab.</span> <span class='ocrx_word' id='word_1_371' title='bbox 733 3889 860 3951; x_wconf 81' lang='lat' dir='ltr'>fratrib.</span> <span class='ocrx_word' id='word_1_372' title='bbox 869 3893 953 3953; x_wconf 88' lang='lat' dir='ltr'>Ver-</span> 
     </span>
     <span class='ocr_line' id='line_1_56' title="bbox 159 3987 954 4064; baseline 0.003 -16"><span class='ocrx_word' id='word_1_373' title='bbox 159 3988 246 4057; x_wconf 69' lang='lat' dir='ltr'>cell„</span> <span class='ocrx_word' id='word_1_374' title='bbox 260 3987 438 4047; x_wconf 87' lang='lat' dir='ltr'>Taurinen.</span> <span class='ocrx_word' id='word_1_375' title='bbox 462 3989 494 4046; x_wconf 92' lang='lat' dir='ltr'>et</span> <span class='ocrx_word' id='word_1_376' title='bbox 509 3987 621 4047; x_wconf 80' lang='lat' dir='ltr'>Aslen.</span> <span class='ocrx_word' id='word_1_377' title='bbox 637 3987 751 4064; x_wconf 79' lang='lat' dir='ltr'>episc,</span> <span class='ocrx_word' id='word_1_378' title='bbox 766 3988 906 4050; x_wconf 89' lang='lat' dir='ltr'>salutem</span> <span class='ocrx_word' id='word_1_379' title='bbox 921 3990 954 4051; x_wconf 87' lang='lat' dir='ltr'>et</span> 
     </span>
     <span class='ocr_line' id='line_1_57' title="bbox 159 4083 1793 4163; baseline -0.002 -18"><span class='ocrx_word' id='word_1_380' title='bbox 159 4084 374 4161; x_wconf 86' lang='lat' dir='ltr'>apostolicam</span> <span class='ocrx_word' id='word_1_381' title='bbox 389 4083 663 4144; x_wconf 86' lang='lat' dir='ltr'>benedictionem.</span> <span class='ocrx_word' id='word_1_382' title='bbox 1008 4086 1111 4146; x_wconf 87' lang='lat' dir='ltr'>riensi</span> <span class='ocrx_word' id='word_1_383' title='bbox 1134 4086 1299 4163; x_wconf 89' lang='lat' dir='ltr'>episcopo,</span> <span class='ocrx_word' id='word_1_384' title='bbox 1317 4086 1357 4146; x_wconf 93' lang='lat' dir='ltr'>de</span> <span class='ocrx_word' id='word_1_385' title='bbox 1376 4101 1516 4146; x_wconf 89' lang='lat' dir='ltr'>assensu</span> <span class='ocrx_word' id='word_1_386' title='bbox 1532 4086 1670 4162; x_wconf 87' lang='lat' dir='ltr'>capituli</span> <span class='ocrx_word' id='word_1_387' title='bbox 1685 4086 1735 4146; x_wconf 88' lang='lat' dir='ltr'>sui</span> <span class='ocrx_word' id='word_1_388' title='bbox 1748 4084 1793 4161; x_wconf 86' lang='lat' dir='ltr'>pia</span> 
     </span>
    </p>

    <p class='ocr_par' dir='ltr' id='par_1_24' title="bbox 160 4178 1793 4944">
     <span class='ocr_line' id='line_1_58' title="bbox 199 4178 1793 4260; baseline -0.002 -18"><span class='ocrx_word' id='word_1_389' title='bbox 199 4181 317 4242; x_wconf 89' lang='lat' dir='ltr'>Dilecti</span> <span class='ocrx_word' id='word_1_390' title='bbox 331 4180 391 4241; x_wconf 85' lang='lat' dir='ltr'>filii</span> <span class='ocrx_word' id='word_1_391' title='bbox 406 4181 614 4260; x_wconf 87' lang='lat' dir='ltr'>praepositus,</span> <span class='ocrx_word' id='word_1_392' title='bbox 633 4183 666 4242; x_wconf 91' lang='lat' dir='ltr'>et</span> <span class='ocrx_word' id='word_1_393' title='bbox 680 4183 832 4244; x_wconf 88' lang='lat' dir='ltr'>canonici</span> <span class='ocrx_word' id='word_1_394' title='bbox 852 4178 967 4245; x_wconf 56' lang='lat' dir='ltr'>Casa?</span> <span class='ocrx_word' id='word_1_395' title='bbox 1009 4183 1207 4243; x_wconf 90' lang='lat' dir='ltr'>liberalitate</span> <span class='ocrx_word' id='word_1_396' title='bbox 1223 4183 1373 4254; x_wconf 90' lang='lat' dir='ltr'>collatas,</span> <span class='ocrx_word' id='word_1_397' title='bbox 1394 4183 1480 4244; x_wconf 89' lang='lat' dir='ltr'>sicut</span> <span class='ocrx_word' id='word_1_398' title='bbox 1493 4199 1551 4243; x_wconf 88' lang='lat' dir='ltr'>eas</span> <span class='ocrx_word' id='word_1_399' title='bbox 1562 4186 1654 4259; x_wconf 87' lang='lat' dir='ltr'>juste</span> <span class='ocrx_word' id='word_1_400' title='bbox 1669 4184 1700 4243; x_wconf 91' lang='lat' dir='ltr'>et</span> <span class='ocrx_word' id='word_1_401' title='bbox 1714 4180 1793 4259; x_wconf 85' lang='lat' dir='ltr'>pari-</span> 
     </span>
     <span class='ocr_line' id='line_1_59' title="bbox 160 4279 1792 4357; baseline -0.002 -17"><span class='ocrx_word' id='word_1_402' title='bbox 160 4281 283 4350; x_wconf 74' lang='lat' dir='ltr'>lenseS,</span> <span class='ocrx_word' id='word_1_403' title='bbox 307 4279 436 4339; x_wconf 63' lang='lat' dir='ltr'>ordss.</span> <span class='ocrx_word' id='word_1_404' title='bbox 457 4279 645 4354; x_wconf 81' lang='lat' dir='ltr'>Augustini,</span> <span class='ocrx_word' id='word_1_405' title='bbox 668 4279 763 4341; x_wconf 89' lang='lat' dir='ltr'>nobis</span> <span class='ocrx_word' id='word_1_406' title='bbox 785 4281 955 4342; x_wconf 86' lang='lat' dir='ltr'>humiliter</span> <span class='ocrx_word' id='word_1_407' title='bbox 1009 4281 1070 4341; x_wconf 82' lang='lat' dir='ltr'>fiee</span> <span class='ocrx_word' id='word_1_408' title='bbox 1095 4280 1282 4357; x_wconf 88' lang='lat' dir='ltr'>possidetis,</span> <span class='ocrx_word' id='word_1_409' title='bbox 1307 4280 1400 4342; x_wconf 91' lang='lat' dir='ltr'>vobis</span> <span class='ocrx_word' id='word_1_410' title='bbox 1427 4282 1460 4341; x_wconf 91' lang='lat' dir='ltr'>et</span> <span class='ocrx_word' id='word_1_411' title='bbox 1487 4296 1547 4357; x_wconf 90' lang='lat' dir='ltr'>per</span> <span class='ocrx_word' id='word_1_412' title='bbox 1570 4297 1629 4342; x_wconf 89' lang='lat' dir='ltr'>vos</span> <span class='ocrx_word' id='word_1_413' title='bbox 1656 4279 1792 4341; x_wconf 76' lang='lat' dir='ltr'>ecclesie</span> 
     </span>
     <span class='ocr_line' id='line_1_60' title="bbox 160 4375 1790 4454; baseline -0.001 -19"><span class='ocrx_word' id='word_1_414' title='bbox 160 4375 398 4452; x_wconf 83' lang='lat' dir='ltr'>supplicarunt,</span> <span class='ocrx_word' id='word_1_415' title='bbox 426 4376 462 4435; x_wconf 93' lang='lat' dir='ltr'>ut</span> <span class='ocrx_word' id='word_1_416' title='bbox 486 4390 586 4451; x_wconf 90' lang='lat' dir='ltr'>quum</span> <span class='ocrx_word' id='word_1_417' title='bbox 609 4390 723 4436; x_wconf 92' lang='lat' dir='ltr'>eorum</span> <span class='ocrx_word' id='word_1_418' title='bbox 746 4377 887 4438; x_wconf 87' lang='lat' dir='ltr'>ecclesia</span> <span class='ocrx_word' id='word_1_419' title='bbox 902 4376 955 4438; x_wconf 90' lang='lat' dir='ltr'>de·</span> <span class='ocrx_word' id='word_1_420' title='bbox 1009 4378 1128 4438; x_wconf 87' lang='lat' dir='ltr'>vestrae</span> <span class='ocrx_word' id='word_1_421' title='bbox 1144 4377 1541 4454; x_wconf 83' lang='lat' dir='ltr'>auctoritatellpostolica</span> <span class='ocrx_word' id='word_1_422' title='bbox 1559 4378 1790 4442; x_wconf 86' lang='lat' dir='ltr'>confirmamus,</span> 
     </span>
     <span class='ocr_line' id='line_1_61' title="bbox 161 4472 1790 4551; baseline 0.001 -19"><span class='ocrx_word' id='word_1_423' title='bbox 161 4474 266 4534; x_wconf 87' lang='lat' dir='ltr'>solata</span> <span class='ocrx_word' id='word_1_424' title='bbox 295 4473 337 4533; x_wconf 89' lang='lat' dir='ltr'>sit</span> <span class='ocrx_word' id='word_1_425' title='bbox 362 4473 494 4548; x_wconf 89' lang='lat' dir='ltr'>penitus</span> <span class='ocrx_word' id='word_1_426' title='bbox 516 4474 549 4532; x_wconf 89' lang='lat' dir='ltr'>et</span> <span class='ocrx_word' id='word_1_427' title='bbox 568 4472 746 4545; x_wconf 87' lang='lat' dir='ltr'>destructa,</span> <span class='ocrx_word' id='word_1_428' title='bbox 769 4490 831 4535; x_wconf 90' lang='lat' dir='ltr'>nec</span> <span class='ocrx_word' id='word_1_429' title='bbox 854 4474 955 4536; x_wconf 88' lang='lat' dir='ltr'>etiarn</span> <span class='ocrx_word' id='word_1_430' title='bbox 1011 4477 1043 4536; x_wconf 89' lang='lat' dir='ltr'>et</span> <span class='ocrx_word' id='word_1_431' title='bbox 1068 4476 1241 4550; x_wconf 86' lang='lat' dir='ltr'>praesentis</span> <span class='ocrx_word' id='word_1_432' title='bbox 1267 4475 1382 4551; x_wconf 89' lang='lat' dir='ltr'>scripti</span> <span class='ocrx_word' id='word_1_433' title='bbox 1405 4476 1593 4551; x_wconf 90' lang='lat' dir='ltr'>patrocinio</span> <span class='ocrx_word' id='word_1_434' title='bbox 1618 4473 1790 4537; x_wconf 89' lang='lat' dir='ltr'>communi·</span> 
     </span>
     <span class='ocr_line' id='line_1_62' title="bbox 161 4569 1791 4649; baseline -0.002 -18"><span class='ocrx_word' id='word_1_435' title='bbox 161 4571 362 4631; x_wconf 88' lang='lat' dir='ltr'>concedatur</span> <span class='ocrx_word' id='word_1_436' title='bbox 383 4569 532 4645; x_wconf 88' lang='lat' dir='ltr'>ejusdem</span> <span class='ocrx_word' id='word_1_437' title='bbox 557 4570 745 4632; x_wconf 88' lang='lat' dir='ltr'>inhabitare</span> <span class='ocrx_word' id='word_1_438' title='bbox 760 4572 887 4644; x_wconf 77' lang='lat' dir='ltr'>ruinaS,</span> <span class='ocrx_word' id='word_1_439' title='bbox 904 4572 957 4649; x_wconf 91' lang='lat' dir='ltr'>ip-</span> <span class='ocrx_word' id='word_1_440' title='bbox 1011 4589 1093 4632; x_wconf 88' lang='lat' dir='ltr'>mus.</span> <span class='ocrx_word' id='word_1_441' title='bbox 1111 4571 1202 4632; x_wconf 92' lang='lat' dir='ltr'>Nulli</span> <span class='ocrx_word' id='word_1_442' title='bbox 1217 4588 1296 4648; x_wconf 83' lang='lat' dir='ltr'>ergo</span> <span class='ocrx_word' id='word_1_443' title='bbox 1311 4573 1446 4633; x_wconf 91' lang='lat' dir='ltr'>omnino</span> <span class='ocrx_word' id='word_1_444' title='bbox 1463 4573 1591 4634; x_wconf 92' lang='lat' dir='ltr'>homini</span> <span class='ocrx_word' id='word_1_445' title='bbox 1610 4572 1707 4635; x_wconf 86' lang='lat' dir='ltr'>liceat</span> <span class='ocrx_word' id='word_1_446' title='bbox 1721 4573 1791 4631; x_wconf 85' lang='lat' dir='ltr'>banc</span> 
     </span>
     <span class='ocr_line' id='line_1_63' title="bbox 163 4667 1789 4746; baseline -0.002 -18"><span class='ocrx_word' id='word_1_447' title='bbox 163 4669 209 4729; x_wconf 90' lang='lat' dir='ltr'>sis</span> <span class='ocrx_word' id='word_1_448' title='bbox 238 4668 293 4744; x_wconf 91' lang='lat' dir='ltr'>qni</span> <span class='ocrx_word' id='word_1_449' title='bbox 318 4668 481 4742; x_wconf 75' lang='lat' dir='ltr'>coguntur</span> <span class='ocrx_word' id='word_1_450' title='bbox 508 4667 543 4726; x_wconf 89' lang='lat' dir='ltr'>in</span> <span class='ocrx_word' id='word_1_451' title='bbox 570 4668 735 4728; x_wconf 87' lang='lat' dir='ltr'>clericalis</span> <span class='ocrx_word' id='word_1_452' title='bbox 749 4669 875 4730; x_wconf 88' lang='lat' dir='ltr'>ordinis</span> <span class='ocrx_word' id='word_1_453' title='bbox 892 4685 954 4745; x_wconf 88' lang='lat' dir='ltr'>op·</span> <span class='ocrx_word' id='word_1_454' title='bbox 1011 4669 1165 4746; x_wconf 77' lang='lat' dir='ltr'>paginam</span> <span class='ocrx_word' id='word_1_455' title='bbox 1190 4672 1312 4730; x_wconf 87' lang='lat' dir='ltr'>nostrae</span> <span class='ocrx_word' id='word_1_456' title='bbox 1334 4669 1595 4731; x_wconf 84' lang='lat' dir='ltr'>confirmationis</span> <span class='ocrx_word' id='word_1_457' title='bbox 1614 4670 1789 4745; x_wconf 80' lang='lat' dir='ltr'>intringere,</span> 
     </span>
     <span class='ocr_line' id='line_1_64' title="bbox 163 4763 1790 4842; baseline -0.001 -17"><span class='ocrx_word' id='word_1_458' title='bbox 163 4765 332 4841; x_wconf 90' lang='lat' dir='ltr'>probrium</span> <span class='ocrx_word' id='word_1_459' title='bbox 368 4764 574 4834; x_wconf 88' lang='lat' dir='ltr'>mendicare,</span> <span class='ocrx_word' id='word_1_460' title='bbox 613 4765 788 4841; x_wconf 88' lang='lat' dir='ltr'>providere</span> <span class='ocrx_word' id='word_1_461' title='bbox 820 4767 955 4827; x_wconf 90' lang='lat' dir='ltr'>miseri·</span> <span class='ocrx_word' id='word_1_462' title='bbox 1011 4767 1063 4828; x_wconf 90' lang='lat' dir='ltr'>vel</span> <span class='ocrx_word' id='word_1_463' title='bbox 1094 4767 1125 4827; x_wconf 91' lang='lat' dir='ltr'>ei</span> <span class='ocrx_word' id='word_1_464' title='bbox 1149 4783 1232 4827; x_wconf 87' lang='lat' dir='ltr'>ausu</span> <span class='ocrx_word' id='word_1_465' title='bbox 1258 4768 1436 4829; x_wconf 91' lang='lat' dir='ltr'>temerario</span> <span class='ocrx_word' id='word_1_466' title='bbox 1462 4769 1640 4830; x_wconf 90' lang='lat' dir='ltr'>contraire.</span> <span class='ocrx_word' id='word_1_467' title='bbox 1675 4768 1708 4829; x_wconf 87' lang='lat' dir='ltr'>Si</span> <span class='ocrx_word' id='word_1_468' title='bbox 1732 4763 1790 4842; x_wconf 90' lang='lat' dir='ltr'>quis</span> 
     </span>
     <span class='ocr_line' id='line_1_65' title="bbox 164 4862 1789 4944; baseline -0.001 -21"><span class='ocrx_word' id='word_1_469' title='bbox 164 4864 307 4924; x_wconf 85' lang='lat' dir='ltr'>corditer</span> <span class='ocrx_word' id='word_1_470' title='bbox 333 4862 530 4923; x_wconf 87' lang='lat' dir='ltr'>laceremus.</span> <span class='ocrx_word' id='word_1_471' title='bbox 559 4864 664 4933; x_wconf 89' lang='lat' dir='ltr'>Quum</span> <span class='ocrx_word' id='word_1_472' title='bbox 695 4864 798 4938; x_wconf 84' lang='lat' dir='ltr'>igitur</span> <span class='ocrx_word' id='word_1_473' title='bbox 824 4865 859 4925; x_wconf 88' lang='lat' dir='ltr'>in</span> <span class='ocrx_word' id='word_1_474' title='bbox 895 4865 958 4926; x_wconf 89' lang='lat' dir='ltr'>boc</span> <span class='ocrx_word' id='word_1_475' title='bbox 1012 4866 1121 4926; x_wconf 91' lang='lat' dir='ltr'>autem</span> <span class='ocrx_word' id='word_1_476' title='bbox 1147 4864 1211 4926; x_wconf 86' lang='lat' dir='ltr'>boe</span> <span class='ocrx_word' id='word_1_477' title='bbox 1235 4865 1398 4927; x_wconf 86' lang='lat' dir='ltr'>attentare</span> <span class='ocrx_word' id='word_1_478' title='bbox 1424 4866 1690 4944; x_wconf 89' lang='lat' dir='ltr'>praesumpserit,</span> <span class='ocrx_word' id='word_1_479' title='bbox 1715 4863 1789 4925; x_wconf 90' lang='lat' dir='ltr'>indi-</span> 
     </span>
    </p>
   </div>
   <div class='ocr_carea' id='block_1_23' title="bbox 47 4959 1789 5040">
    <p class='ocr_par' dir='ltr' id='par_1_25' title="bbox 47 4959 1789 5040">
     <span class='ocr_line' id='line_1_66' title="bbox 47 4959 1789 5040; baseline -0.001 -22"><span class='ocrx_word' id='word_1_480' title='bbox 47 4984 49 4989; x_wconf 95' lang='lat'><em>·</em></span> <span class='ocrx_word' id='word_1_481' title='bbox 165 4959 372 5019; x_wconf 82' lang='lat' dir='ltr'>necessitatis</span> <span class='ocrx_word' id='word_1_482' title='bbox 397 4959 537 5020; x_wconf 89' lang='lat' dir='ltr'>articulo</span> <span class='ocrx_word' id='word_1_483' title='bbox 565 4975 679 5021; x_wconf 91' lang='lat' dir='ltr'>eorum</span> <span class='ocrx_word' id='word_1_484' title='bbox 707 4961 959 5037; x_wconf 89' lang='lat' dir='ltr'>supplicationi·</span> <span class='ocrx_word' id='word_1_485' title='bbox 1012 4962 1201 5040; x_wconf 80' lang='lat' dir='ltr'>gnationem</span> <span class='ocrx_word' id='word_1_486' title='bbox 1228 4962 1461 5040; x_wconf 90' lang='lat' dir='ltr'>omnipotentis</span> <span class='ocrx_word' id='word_1_487' title='bbox 1492 4963 1553 5025; x_wconf 85' lang='lat' dir='ltr'>Dei</span> <span class='ocrx_word' id='word_1_488' title='bbox 1576 4967 1610 5026; x_wconf 90' lang='lat' dir='ltr'>et</span> <span class='ocrx_word' id='word_1_489' title='bbox 1639 4963 1789 5025; x_wconf 89' lang='lat' dir='ltr'>beatorum</span> 
     </span>
    </p>
   </div>
   <div class='ocr_carea' id='block_1_24' title="bbox 165 5055 1790 5439">
    <p class='ocr_par' dir='ltr' id='par_1_26' title="bbox 165 5055 1790 5439">
     <span class='ocr_line' id='line_1_67' title="bbox 165 5055 1790 5138; baseline -0.002 -23"><span class='ocrx_word' id='word_1_490' title='bbox 165 5057 225 5116; x_wconf 90' lang='lat' dir='ltr'>bus</span> <span class='ocrx_word' id='word_1_491' title='bbox 248 5073 308 5116; x_wconf 91' lang='lat' dir='ltr'>nec</span> <span class='ocrx_word' id='word_1_492' title='bbox 328 5056 506 5116; x_wconf 90' lang='lat' dir='ltr'>debeamus</span> <span class='ocrx_word' id='word_1_493' title='bbox 523 5057 730 5133; x_wconf 71' lang='lat' dir='ltr'>apostolicas</span> <span class='ocrx_word' id='word_1_494' title='bbox 746 5075 843 5120; x_wconf 88' lang='lat' dir='ltr'>aures</span> <span class='ocrx_word' id='word_1_495' title='bbox 861 5060 957 5120; x_wconf 91' lang='lat' dir='ltr'>clau·</span> <span class='ocrx_word' id='word_1_496' title='bbox 1014 5060 1105 5122; x_wconf 89' lang='lat' dir='ltr'>Petri</span> <span class='ocrx_word' id='word_1_497' title='bbox 1123 5062 1157 5121; x_wconf 91' lang='lat' dir='ltr'>et</span> <span class='ocrx_word' id='word_1_498' title='bbox 1173 5060 1267 5121; x_wconf 90' lang='lat' dir='ltr'>Pauli</span> <span class='ocrx_word' id='word_1_499' title='bbox 1290 5061 1515 5136; x_wconf 88' lang='lat' dir='ltr'>apostolorum</span> <span class='ocrx_word' id='word_1_500' title='bbox 1533 5064 1606 5138; x_wconf 88' lang='lat' dir='ltr'>ejus</span> <span class='ocrx_word' id='word_1_501' title='bbox 1626 5077 1661 5123; x_wconf 90' lang='lat' dir='ltr'>se</span> <span class='ocrx_word' id='word_1_502' title='bbox 1681 5055 1790 5121; x_wconf 88' lang='lat' dir='ltr'>noverit</span> 
     </span>
     <span class='ocr_line' id='line_1_68' title="bbox 167 5153 1788 5236; baseline -0.001 -24"><span class='ocrx_word' id='word_1_503' title='bbox 167 5154 257 5221; x_wconf 86' lang='lat' dir='ltr'>dere,</span> <span class='ocrx_word' id='word_1_504' title='bbox 281 5169 342 5213; x_wconf 92' lang='lat' dir='ltr'>nec</span> <span class='ocrx_word' id='word_1_505' title='bbox 368 5153 520 5225; x_wconf 69' lang='lat' dir='ltr'>velimus</span> <span class='ocrx_word' id='word_1_506' title='bbox 543 5153 745 5217; x_wconf 82' lang='lat' dir='ltr'>fraternitati</span> <span class='ocrx_word' id='word_1_507' title='bbox 768 5157 886 5218; x_wconf 72' lang='lat' dir='ltr'>vestrae</span> <span class='ocrx_word' id='word_1_508' title='bbox 899 5174 959 5234; x_wconf 91' lang='lat' dir='ltr'>per</span> <span class='ocrx_word' id='word_1_509' title='bbox 1015 5159 1236 5218; x_wconf 89' lang='lat' dir='ltr'>incursurum.</span> <span class='ocrx_word' id='word_1_510' title='bbox 1258 5161 1376 5219; x_wconf 84' lang='lat' dir='ltr'>natum</span> <span class='ocrx_word' id='word_1_511' title='bbox 1397 5162 1510 5220; x_wconf 86' lang='lat' dir='ltr'>Romae</span> <span class='ocrx_word' id='word_1_512' title='bbox 1538 5160 1624 5236; x_wconf 89' lang='lat' dir='ltr'>apud</span> <span class='ocrx_word' id='word_1_513' title='bbox 1653 5157 1788 5220; x_wconf 87' lang='lat' dir='ltr'>Sanctum</span> 
     </span>
     <span class='ocr_line' id='line_1_69' title="bbox 166 5248 1788 5334; baseline -0.004 -21"><span class='ocrx_word' id='word_1_514' title='bbox 166 5250 354 5327; x_wconf 85' lang='lat' dir='ltr'>Apostolica</span> <span class='ocrx_word' id='word_1_515' title='bbox 368 5251 490 5327; x_wconf 86' lang='lat' dir='ltr'>scripta</span> <span class='ocrx_word' id='word_1_516' title='bbox 501 5252 707 5324; x_wconf 68' lang='lat' dir='ltr'>mandamus</span> <span class='ocrx_word' id='word_1_517' title='bbox 718 5256 878 5330; x_wconf 88' lang='lat' dir='ltr'>quatenus</span> <span class='ocrx_word' id='word_1_518' title='bbox 890 5255 961 5315; x_wconf 90' lang='lat' dir='ltr'>sin·</span> <span class='ocrx_word' id='word_1_519' title='bbox 1015 5258 1150 5317; x_wconf 88' lang='lat' dir='ltr'>Petrum</span> <span class='ocrx_word' id='word_1_520' title='bbox 1177 5257 1207 5315; x_wconf 94' lang='lat' dir='ltr'>ll</span> <span class='ocrx_word' id='word_1_521' title='bbox 1233 5255 1307 5316; x_wconf 88' lang='lat' dir='ltr'>idus</span> <span class='ocrx_word' id='word_1_522' title='bbox 1334 5257 1431 5326; x_wconf 90' lang='lat' dir='ltr'>maii,</span> <span class='ocrx_word' id='word_1_523' title='bbox 1461 5257 1673 5334; x_wconf 81' lang='lat' dir='ltr'>pontificatus</span> <span class='ocrx_word' id='word_1_524' title='bbox 1701 5248 1788 5316; x_wconf 89' lang='lat' dir='ltr'>nostri</span> 
     </span>
     <span class='ocr_line' id='line_1_70' title="bbox 168 5347 1278 5439; baseline 0.005 -31"><span class='ocrx_word' id='word_1_525' title='bbox 168 5347 236 5425; x_wconf 82' lang='lat' dir='ltr'>guli</span> <span class='ocrx_word' id='word_1_526' title='bbox 262 5349 334 5423; x_wconf 78' lang='lat' dir='ltr'>eJ&#39;us</span> <span class='ocrx_word' id='word_1_527' title='bbox 359 5347 610 5410; x_wconf 90' lang='lat' dir='ltr'>subventionem</span> <span class='ocrx_word' id='word_1_528' title='bbox 630 5365 810 5425; x_wconf 82' lang='lat' dir='ltr'>congruam</span> <span class='ocrx_word' id='word_1_529' title='bbox 838 5351 959 5412; x_wconf 89' lang='lat' dir='ltr'>minis·</span> <span class='ocrx_word' id='word_1_530' title='bbox 1015 5368 1103 5439; x_wconf 78' lang='lat' dir='ltr'>apno</span> <span class='ocrx_word' id='word_1_531' title='bbox 1121 5353 1278 5415; x_wconf 86' lang='lat' dir='ltr'>secundo.</span> 
     </span>
    </p>
   </div>
   <div class='ocr_carea' id='block_1_25' title="bbox 0 0 1910 6164">
    <p class='ocr_par' dir='ltr' id='par_1_27' title="bbox 0 0 1910 6164">
     <span class='ocr_line' id='line_1_71' title="bbox 0 0 1910 6164; baseline 0 0"><span class='ocrx_word' id='word_1_532' title='bbox 0 0 1910 6164; x_wconf 95' lang='lat' dir='ltr'> </span> 
     </span>
    </p>
   </div>
  </div>
 </body>
</html>
