3802 6166
97 304 182 367 ‚ola
262 360 267 373 .

120 464 322 527 trumentum
348 462 457 537 vobis,
484 465 517 525 et
543 477 603 541 per
632 477 691 524 vos
717 464 917 525 monasterio

119 566 231 627 vestro
246 562 443 625 auctoritate
462 562 651 639 Apostolica
672 562 917 631 confirmamus,

119 664 153 723 et
162 662 336 739 praesentis
347 660 460 737 scripti
470 661 654 737 patrocinio
665 661 917 733 communimus,

120 765 215 838 cujus
229 759 440 821 instrumenti
453 761 599 820 tenorem
614 760 654 821 10
672 759 773 821 verbo
788 760 829 820 ad
843 775 920 821 ver-

119 858 197 919 bnm
243 857 398 918 duximus
439 858 660 935 praesentibus
691 858 917 920 inserendum.

118 960 228 1019 Tenor
238 958 348 1017 autem
364 958 436 1033 eJus
451 957 501 1017 est
513 957 610 1017 talis:

159 1057 196 1115 ln
209 1055 342 1115 nomine
354 1055 535 1126 Sauctae,et
546 1054 727 1116 individuae
734 1053 918 1122 Trinitatis,

119 1168 227 1215 amen.
243 1155 337 1213 1110
351 1152 392 1213 ab
406 1152 639 1215 incarnatione
652 1152 753 1214 Verbi
763 1152 821 1213 Dei
831 1153 918 1222 1217,

119 1268 233 1312 mense
246 1250 398 1327 Augusti,
414 1250 597 1313 indictione
612 1251 739 1328 quinta,
757 1249 920 1311 liebertus

119 1350 179 1411 Dei
203 1350 311 1426 gratia
340 1350 493 1411 Catacen.
527 1350 702 1427 episcopus
729 1348 858 1409 dilectis
886 1348 919 1408 in

120 1448 252 1509 Christo
273 1446 432 1509 fratribus
456 1448 589 1509 domino
611 1450 707 1509 l’etro
736 1447 920 1508 venerabili

119 1546 231 1608 abbati
250 1546 450 1624 Aquaevivae,
474 1563 548 1622 quae
570 1546 736 1623 qnondam
756 1560 921 1607 1101000-

119 1650 176 1707 110
198 1644 381 1716 dicebatur,
404 1645 437 1705 et
458 1643 718 1715 successoribus,
741 1659 920 1720 eorumque

120 1742 279 1805 iratribus
303 1743 338 1803 in
363 1744 568 1820 perpetuum.
596 1742 778 1804 Pastoralis
799 1742 921 1802 minis-

119 1840 198 1903 terii
215 1840 325 1902 debito
347 1840 527 1916 mancipati
544 1840 732 1901 necessario
756 1838 921 1901 sollicitu-

121 1938 209 1999 dinis
234 1939 433 2016 Apostolicae
454 1936 593 2000 formam
611 1938 761 2013 cogimur
782 1937 918 2008 imitari,

120 2038 275 2097 curantes
288 2036 328 2097 ad
345 2036 598 2097 aedificationem
615 2036 801 2097 commissae
825 2035 920 2095 nobis

119 2134 238 2196 eccles
249 2150 315 2194 non
326 2134 432 2195 solnm
446 2134 596 2211 plantare
611 2135 645 2194 in
658 2133 794 2195 dioecesi
808 2137 920 2195 nostra

118 2234 253 2295 virtutis
269 2233 468 2309 exemplum,
482 2233 540 2294 sed
556 2234 588 2294 et
600 2233 711 2307 rigare
724 2233 919 2309 plantatum,

119 2332 224 2395 donec
237 2334 324 2393 Deus
337 2330 495 2409 plantatis
509 2330 693 2407 rigatisqne
708 2329 921 2407 perfectionis

120 2431 244 2494 tribuat
257 2430 521 2504 incrementum
550 2430 627 2506 quia
653 2429 709 2506 qui
730 2429 868 2505 plantat,
889 2430 922 2491 et

120 2529 288 2607 quirigat,
305 2529 339 2590 et
353 2528 569 2589 similitudine
582 2526 788 2598 intentionis,
805 2526 923 2603 01010-

120 2628 188 2690 tate
214 2627 325 2704 operis
347 2644 448 2687 unum
474 2628 562 2699 sunt,
588 2625 674 2687 idern
691 2626 804 2701 agunt,
821 2641 922 2703 quum

120 2722 924 2801 otiosumstndinmsit1·igantis,nisipraecesserit

121 2823 268 2885 officium
283 2822 509 2899 plantationis,
527 2824 561 2883 et
570 2838 702 2882 rursum
719 2837 923 2899 supervacue

122 2922 158 2983 in
183 2920 387 2998 plantatione
415 2920 568 2980 sudatum
593 2920 645 2990 sit,
674 2920 728 2980 cui
748 2917 922 2995 rigationis

122 3017 320 3081 beneficium
330 3034 394 3080 non
410 3017 580 3078 successit.
596 3021 665 3079 Hoc
681 3018 792 3094 itaque
803 3017 924 3079 discre-

123 3116 225 3179 tionis
258 3117 354 3178 oculo
378 3116 585 3193 praecedente
610 3132 669 3193 per
695 3116 753 3177 Dei
782 3116 923 3191 gratiam

70 3252 73 3257 -
123 3230 257 3292 gressus
282 3216 422 3285 nostros,
447 3214 496 3274 sic
511 3214 667 3291 prosequi
687 3215 808 3275 nostrae
823 3230 920 3275 voca-

124 3314 226 3375 tionis
246 3329 328 3388 opus
344 3312 557 3383 intendimus,
582 3312 618 3373 11
635 3311 668 3373 et
678 3311 770 3388 pium
792 3312 923 3389 praede·

125 3428 294 3473 cessornm
321 3412 510 3472 nostrornm
536 3412 742 3487 propositum
773 3410 925 3471 attenda-

124 3528 216 3578 rnns,
242 3510 410 3587 accepturi
437 3508 522 3570 sicut
550 3508 765 3580 confidimus,
792 3508 924 3569 illorum

126 3608 312 3673 mercedem
328 3624 476 3685 operum,
494 3624 633 3684 quorum
649 3606 872 3669 addiderimus
889 3607 924 3667 in

126 3707 315 3785 perfectiori
332 3705 531 3767 sufficientia
544 3705 830 3782 complementum.
840 3705 925 3767 ilinc

125 3807 185 3878 est,
203 3805 288 3882 qnod
311 3806 498 3881 exponente
516 3804 560 3873 te,
577 3804 770 3881 praescripto
784 3819 926 3865 venera-

124 3903 203 3965 bilis
219 3902 331 3974 abbas,
347 3904 455 3973 Petro,
467 3917 567 3979 quum
580 3902 818 3963 monasterium
832 3904 925 3962 tuum

126 4003 311 4077 opportuna
334 4000 535 4076 praediorum
558 4000 701 4061 utilitate
723 3999 927 4061 sufficienter

125 4114 193 4161 non
209 4097 310 4159 fucrit
328 4097 527 4169 ordinatum,
550 4098 696 4170 Fratres,
721 4098 777 4174 qui
798 4096 839 4157 ad
866 4096 925 4157 Dei

126 4194 299 4257 servitium
325 4195 571 4271 congregantur
608 4195 642 4256 in
671 4196 786 4257 eodem
813 4194 925 4256 multis

126 4310 238 4357 rernm
247 4293 411 4371 pecuniis,
425 4292 714 4355 etdifficultatibus
727 4293 924 4365 atteruntur,

68 4466 73 4471 ¹
126 4393 162 4455 in
176 4407 236 4454 suo
245 4394 315 4469 Jam
330 4392 501 4469 proposito
514 4392 573 4452 vix
590 4392 784 4464 subsistunt,
801 4393 835 4453 et
849 4392 926 4469 qnia

127 4490 313 4569 spiritualis
335 4490 407 4552 haec
433 4491 598 4553 structura
627 4489 830 4560 dissolvitur,
862 4489 926 4550 nisi

128 4589 226 4652 citius
254 4587 473 4649 subventione
501 4587 733 4664 temporalium
757 4586 925 4659 fulciatur,

127 4705 189 4749 nos
204 4687 282 4749 licet
293 4686 450 4748 immeriti
460 4688 596 4763 agentes
607 4686 642 4746 in
649 4685 711 4747 lrac
719 4685 927 4762 pontificatus

128 4786 262 4863 specula
277 4785 368 4846 vices
380 4784 512 4855 Cinisti,
528 4785 583 4861 qui
596 4783 747 4861 quamvis
761 4799 871 4846 rernm
885 4784 928 4844 sit

130 4884 293 4956 Salvator,
315 4884 348 4945 et
374 4899 522 4960 operum,
552 4881 742 4959 specialiter
763 4881 927 4943 tamenin

129 4981 218 5042 omni
234 4982 586 5041 snorumsacramento
599 4979 773 5049 dictorum,
786 4978 927 5039 salutem

128 5079 275 5155 praetulit
299 5078 498 5146 animarum,
525 5077 657 5153 cognita
682 5092 853 5138 servorum
868 5077 927 5137 Dei

128 5176 338 5248 necessitate,
350 5183 418 5237 tam
434 5176 529 5251 gravi
544 5174 683 5237 materia
699 5174 790 5246 moti,
817 5189 926 5235 causae

129 5288 311 5353 pauperum
326 5273 381 5351 pia
402 5273 602 5335 liberalitate
621 5272 775 5333 duximus
791 5288 928 5333 succur-

129 5372 287 5444 rendum,
317 5372 453 5433 illorum
480 5371 676 5433 aemulantes
703 5370 927 5447 apostolicam

129 5469 314 5542 caritatem,
331 5486 414 5547 quos
429 5469 608 5546 unicuique
626 5471 723 5546 juxta
738 5468 825 5546 qnod
852 5468 926 5529 sin-

129 5570 217 5649 gulis
237 5569 310 5630 erat
329 5565 538 5629 distribuisse
558 5567 710 5643 legimus,
723 5567 756 5627 et
771 5581 830 5643 pro
845 5566 929 5627 dde-

738 302 915 365 IIONORII
941 302 987 365 111
1008 302 1157 365 OPERA.

1718 310 1773 369 oft

972 463 1074 541 igitur
1096 463 1338 525 deliberatione
1364 481 1439 527 cum
1465 464 1593 529 nostris
1619 463 1775 529 fratribus

972 560 1097 635 habita,
1111 564 1189 634 Deo,
1205 562 1293 625 sicut
1304 563 1484 636 credimus,
1496 563 1698 642 inspirante,
1707 566 1776 627 zelo

972 662 1056 738 ejus,
1086 662 1119 722 et
1141 660 1294 737 respectu
1321 660 1520 731 devotionis,
1546 664 1581 724 01
1602 662 1776 739 religionis

972 760 1049 831 tuae,
1075 758 1281 837 fratrumque
1314 760 1456 833 tuorum,
1491 776 1552 838 pro
1587 764 1776 823 nostrorum

973 874 1103 935 quoque
1115 859 1263 918 remedio
1278 860 1499 935 peccatorum,
1520 860 1692 921 communi
1705 876 1776 921 con·

974 956 1061 1027 silio,
1079 957 1113 1017 et
1124 972 1292 1018 consensu
1308 957 1469 1030 unanimi,
1487 960 1604 1019 nostra
1621 960 1656 1019 et
1675 958 1775 1019 nostri

973 1054 1110 1130 capituli
1136 1054 1306 1116 voluntate
1329 1056 1566 1127 concessimus,
1597 1058 1633 1117 et
1659 1074 1777 1119 couce-

974 1152 1082 1212 dirnus
1092 1151 1152 1213 tibi
1163 1154 1233 1230 jam
1247 1152 1774 1226 1101010101011111011111111Ρο110,

974 1250 1104 1327 tuisque
1115 1250 1373 1323 successoribus,
1395 1252 1566 1323 fratribus
1582 1253 1617 1314 et
1639 1269 1773 1314 monas-

973 1348 1058 1409 terio
1087 1349 1276 1425 aquaevivae
1309 1349 1343 1409 in
1374 1352 1571 1427 perpetuum
1600 1352 1775 1412 ecclesiam

974 1447 1164 1508 sanctorum
1178 1448 1292 1508 Trium
1309 1450 1492 1509 Puerorum
1507 1449 1608 1510 sitam
1629 1450 1665 1509 in
1693 1450 1777 1510 teni-

975 1546 1084 1606 mento
1095 1544 1245 1617 Barbari,
1256 1546 1421 1624 qnondam
1434 1536 1688 1619 monasterium,
1703 1547 1777 1609 licet

974 1643 1201 1719 irreligiosum
1226 1643 1398 1705 vicinitate
1422 1644 1638 1706 secularium
1658 1662 1775 1724 perso-

975 1757 1092 1803 narum
1107 1763 1115 1817 ;
1130 1741 1187 1802 001
1202 1757 1292 1804 1110
1302 1741 1450 1804 funditus
1460 1742 1661 1817 desolatum,
1679 1748 1775 1822 atque

974 1839 1189 1913 destructum,
1214 1839 1255 1902 de
1283 1856 1359 1918 quo,
1383 1857 1483 1918 quum
1507 1841 1550 1903 sit
1572 1841 1650 1903 loco
1669 1846 1777 1905 vestro

975 1939 1132 2011 vicinum,
1156 1939 1297 2016 penuria
1325 1939 1533 2011 monasterii,
1555 1942 1589 2001 et
1614 1940 1777 2017 fragilitas

975 2038 1079 2098 status
1106 2036 1209 2098 vestri
1241 2036 1423 2099 remedium
1461 2042 1713 2115 consequetur,
1749 2044 1778 2102 01

975 2133 1777 2212 sufficiensfnlcimentum.Ipsamergoecclesiam

974 2234 1166 2294 sanctorum
1181 2233 1295 2294 Trium
1310 2234 1495 2294 Puerorum
1519 2250 1597 2294 cum
1625 2235 1775 2296 omnibns

975 2330 1176 2403 tenimentis,
1194 2330 1401 2402 obedientiis
1416 2332 1449 2393 01
1464 2332 1682 2407 pertinentiis
1699 2334 1775 2405 suis,

975 2428 1646 2508 101111111011010111110,0111101110,
1661 2432 1774 2503 vineis,

975 2528 1009 2589 et
1022 2526 1176 2603 virgultis
1192 2527 1374 2599 offerimus,
1391 2526 1519 2599 damus,
1537 2529 1643 2605 atque
1655 2546 1774 2591 conce-

976 2623 1084 2686 dimus
1092 2624 1163 2697 tibi,
1176 2627 1208 2687 et
1219 2625 1467 2687 successoribus
1479 2626 1558 2700 tuis,
1568 2642 1610 2687 ac
1622 2626 1774 2689 fratribus

975 2724 1097 2785 vestris
1109 2723 1151 2785 ad
1167 2741 1248 2800 opus
1273 2725 1306 2785 et
1320 2722 1584 2795 subventionem,
1610 2728 1774 2788 sustenta·

976 2822 1246 2901 tionemquejanr
1270 2822 1349 2883 dicti
1373 2821 1569 2883 monasterii
1589 2825 1773 2901 nqnaerirae

977 2920 1011 2981 in
1040 2921 1250 2998 perpetuum,
1283 2920 1438 2982 similiter
1469 2920 1710 2994 concedentes,
1744 2925 1773 2982 nt

977 3033 1146 3095 nunquam
1172 3019 1352 3080 teneamini
1369 3019 1414 3090 tu,
1439 3020 1473 3079 01
1497 3035 1714 3082 successores
1731 3020 1770 3081 111

977 3116 1214 3178 1101001011111
1226 3116 1272 3178 ibi
1286 3116 1494 3191 construere;
1511 3117 1569 3179 sed
1583 3118 1659 3194 ipsa
1670 3119 1771 3180 ornnia

978 3214 1085 3291 plene,
1102 3213 1218 3286 libere,
1235 3214 1384 3291 pacifice,
1399 3216 1431 3276 01
1440 3214 1552 3292 quiete
1564 3232 1627 3293 pro
1642 3220 1769 3279 susten-

978 3312 1113 3385 tatione,
1142 3314 1178 3399 nt
1195 3315 1266 3389 jam
1282 3313 1427 3373 diximus
1442 3315 1643 3376 monasterii
1659 3320 1770 3392 Aqua·

977 3408 1062 3471 vivae
1077 3410 1275 3487 possideatis
1290 3410 1324 3470 in
1339 3410 1524 3486 grangiam,
1543 3414 1576 3472 et
1591 3413 1768 3489 possessio·

978 3523 1053 3567 nem
1066 3510 1221 3581 vestram,
1234 3508 1367 3570 sicntde
1376 3512 1498 3581 vestra,
1507 3510 1541 3570 et
1549 3524 1768 3572 successurum

978 3608 1164 3669 vestrorum
1193 3606 1295 3668 fuerit
1325 3606 1513 3679 voluntate,
1549 3608 1645 3671 salvo
1678 3623 1767 3669 censu

979 3694 1078 3766 unius
1104 3704 1212 3766 unciae
1238 3705 1313 3765 auri
1339 3704 1381 3766 ad
1407 3705 1536 3780 pondus
1566 3705 1764 3773 catanzarii,

979 3820 1075 3881 quem
1103 3802 1190 3866 idem
1217 3804 1390 3864 annuatim
1419 3803 1571 3865 ecclesiae
1593 3808 1714 3867 nostrae
1738 3802 1764 3862 in

978 3904 1073 3973 f'esto,
1090 3901 1146 3965 vel
1161 3901 1250 3963 circa
1266 3899 1385 3963 festum
1399 3902 1647 3978 assumptionis
1669 3904 1764 3963 Beata

979 3999 1095 4061 blaciae
1110 4014 1241 4075 semper
1255 3998 1405 4075 Virginis
1419 3999 1628 4076 persolvetis.

1018 4097 1112 4159 Nihil
1137 4097 1250 4174 itaque
1273 4096 1482 4173 temporalis,
1509 4102 1568 4159 aut
1596 4094 1763 4175 spiritualis

975 4196 1063 4273 juris
1072 4195 1105 4255 et
1112 4193 1260 4266 ditionis,
1273 4193 1358 4255 nibil
1369 4194 1584 4271 proprietatis
1596 4200 1630 4257 01
1644 4207 1763 4257 consue

980 4292 1104 4354 tudinis
1124 4289 1231 4362 nobis,
1254 4306 1293 4352 ac
1317 4290 1569 4352 successoribus
1592 4293 1722 4361 nostris,
1735 4290 1760 4348 01

980 4391 1133 4452 (latacen.
1146 4389 1296 4451 ecclesia
1313 4404 1525 4451 reservamus
1538 4390 1574 4451 in
1587 4392 1660 4467 ipsa
1674 4387 1757 4451 eccle

980 4488 1030 4548 sia
1041 4488 1236 4549 Sanctorum
1245 4486 1359 4546 Trium
1372 4488 1568 4560 Puerorum,
1576 4491 1610 4549 et
1620 4488 1758 4549 tenimen-

980 4586 1023 4647 tis
1045 4601 1085 4647 ac
1102 4583 1311 4662 pertinentiis
1338 4587 1422 4661 0110,
1443 4586 1567 4662 praeter
1589 4586 1755 4647 orationum

980 4685 1166 4745 vestrarum
1185 4682 1409 4761 participium,
1426 4686 1459 4744 et
1475 4700 1623 4745 aurinum
1641 4692 1753 4745 censum
1802 4672 1809 4685 ‘

981 4781 1077 4844 dictae
1095 4781 1194 4841 nnius
1215 4781 1323 4842 unciae
1347 4781 1433 4853 0111,
1458 4779 1517 4843 sed
1537 4783 1648 4844 omnia
1665 4780 1750 4859 plena

981 4878 1097 4951 libere,
1113 4880 1146 4940 01
1167 4877 1316 4942 absolute
1334 4878 1518 4952 offerimus,
1535 4881 1662 4952 darnns,
1674 4882 1750 4953 alque

981 4977 1192 5038 concedimus
1215 4975 1320 5048 vobis,
1338 4978 1370 5038 et
1388 4976 1639 5039 successoribus
1652 4969 1749 5037 vestris
1807 5018 1811 5035 .

980 5076 1015 5137 in
1031 5076 1225 5152 perpetuum
1240 5075 1280 5136 01
1297 5090 1390 5151 opus,
1408 5076 1444 5136 ut
1461 5074 1620 5147 diximus,
1634 5080 1665 5137 01
1687 5068 1747 5133 snb·

981 5173 1179 5245 ventionem,
1210 5173 1550 5250 sustentationemque
1584 5162 1748 5236 monasterii

980 5271 1180 5347 Aquaevivae,
1200 5286 1273 5347 quae
1292 5270 1457 5347 quondam
1474 5272 1664 5335 monacaria
1685 5264 1747 5329 dien

981 5372 1041 5431 est.
1052 5369 1426 5446 Decernimusequidem
1436 5371 1657 5433 attentissime
1666 5359 1748 5447 proli·

981 5467 1107 5539 bentes,
1120 5468 1155 5529 ut
1165 5466 1249 5528 nulli
1263 5465 1304 5529 de
1314 5467 1564 5531 successoribus
1578 5456 1749 5535 nostriani

980 5566 1020 5625 de
1035 5568 1188 5628 (latacen.
1202 5566 1358 5643 capitulo,
1370 5566 1471 5628 liceat
1486 5582 1547 5644 pro
1563 5567 1616 5629 bis
1628 5560 1748 5631 ornnbu

130 5669 211 5729 lium
232 5667 340 5730 salute
355 5662 569 5745 [anasletiam
586 5662 797 5798 imfflm‘
814 5666 928 5741 Longa
975 5664 1161 5743 aprarlato,
1186 5663 1238 5727 vel
1268 5662 1425 5727 fratribus
1448 5664 1558 5741 ipsius
1588 5650 1749 5731 monasterii
