3802 6166
131 229 190 291 1OE
418 228 504 291 XVI.
519 258 560 275 ·-
574 229 619 290 IN
641 218 770 292 OESTO
794 231 1049 295 subiciendus
1069 226 1247 293 ioannis
1269 230 1322 292 iil·
1342 233 1479 295 PAULI.
1624 235 1627 241 '
1720 234 1777 297 lat

131 384 281 468 corpore.
304 387 397 453 Unde
411 391 570 452 Dominus
582 391 617 453 iu
632 391 834 471 Evangelio:
861 396 927 455 Ve-
980 406 1074 463 sicas,
1098 392 1131 455 61
1148 392 1406 468 persequentur
1424 392 1601 455 tradentes
1615 395 1652 456 in
1669 410 1777 469 surta-

130 490 202 552 6116
214 492 260 550 ad
275 503 331 551 ine
347 503 466 551 ornnes
485 493 544 563 aut
557 491 721 553 taboratis
734 492 768 553 ct
790 491 928 554 cinerati
980 504 1087 566 oopus
1103 490 1136 550 et
1152 490 1335 563 6661661166,
1362 490 1538 553 traiicnics
1559 494 1604 553 aci
1627 508 1727 569 repes
1744 495 1779 554 et

60 642 61 647 ,
130 587 866 670 6611661666666661161661616111.6628).
979 590 1147 662 praesides
1168 589 1313 662 propter
1332 604 1456 649 1166166
1477 604 1604 650 ineunt.
1631 592 1815 653 Contin·'

168 688 240 747 Duo
257 685 344 745 mala
360 684 445 746 dixit
459 701 532 746 esse
548 686 582 746 in
596 688 665 748 sita
681 688 755 758 ista,
772 688 928 751 videlicet
980 686 1186 761 perstantem
1198 689 1291 748 cobis
1304 689 1339 747 in
1350 687 1584 749 testimonirnn
1596 686 1686 760 (Luc.
1703 705 1776 765 xxi,

130 782 278 845 laborem
291 784 324 844 ei
339 799 434 855 onus,
451 782 599 845 laborem
614 785 649 845 in
660 785 827 862 operibns,
842 801 926 848 onus
982 784 1031 853 12,
1047 784 1109 860 13).

130 882 162 944 in
173 876 371 958 gravamine
383 882 630 959 commiscum
641 879 850 963 ergoaliquis
860 901 927 948 mo
1020 881 1062 941 Hi
1078 882 1155 942 sunt
1165 879 1221 958 qni
1237 880 1377 959 seipsos
1395 881 1540 944 offerunt
1554 882 1680 946 hostias
1695 887 1775 947 neo.

130 981 224 1053 nitur,
241 995 307 1041 non
322 980 428 1057 magis
440 980 536 1042 debet
549 982 662 1043 dolere
682 998 780 1059 quam
798 983 827 1043 si
838 982 926 1061 abji-
981 979 1150 1056 Sapientia
1175 1001 1183 1039 ι
1213 983 1402 1054 Taurunum
1421 996 1550 1043 uicrsnu
1575 985 1613 1043 in
1635 985 1777 1056 torriaco

131 1079 219 1139 cerei
233 1077 412 1151 sarcinam,
430 1077 490 1139 snb
506 1095 571 1156 qua
586 1081 794 1157 premeretur
809 1081 842 1142 et
858 1097 925 1142 uon
976 1078 1137 1150 probauit
1149 1092 1206 1139 eos
1224 1081 1404 1149 Dominus,
1423 1079 1570 1153 atanasi
1591 1082 1777 1142 homoousii

130 1178 242 1253 posset
254 1177 399 1253 portare.
413 1177 498 1237 Nam
512 1177 600 1239 sicut
609 1177 689 1239 dicit
701 1179 923 1254 Augustinus:
979 1175 1127 1237 nostium
1140 1176 1269 1250 acecpit
1282 1191 1350 1248 cos,
1368 1176 1401 1238 61
1412 1181 1448 1237 in
1458 1179 1612 1252 ternpore
1622 1179 1691 1239 erit
1705 1193 1777 1239 ros·

130 1275 925 1354 ‹Nemoestcujusanimamcorruptibilecorpus
975 1274 1096 1345 pectus
1112 1277 1295 1335 itttoriun..
1313 1271 1403 1352 (Sap.
1419 1291 1468 1348 ιιι,
1485 1272 1529 1347 6).
1547 1279 1633 1337 Deus
1655 1276 1778 1354 proba-

129 1374 160 1433 et
178 1371 377 1434 inhabitatio
391 1375 525 1434 terrena
551 1389 616 1435 non
631 1374 799 1450 aggravet.
814 1392 834 1436 ›
852 1380 925 1438 Pro
979 1371 1027 1432 uit
1041 1371 1163 1433 electos
1186 1373 1344 1451 tanquam
1370 1388 1488 1434 aurum
1509 1374 1545 1435 in
1570 1373 1715 1446 fornace,
1740 1376 1778 1436 ut

130 1472 925 1550 iriciuscitaeanioritudine,quiaheecvitaama·
980 1469 1065 1532 sicut
1099 1485 1217 1531 aurum
1258 1470 1412 1533 clarescit
1445 1471 1576 1544 ardore,
1608 1471 1653 1533 ita
1679 1471 1777 1534 electi

129 1567 329 1630 ritudinibns
343 1568 376 1630 et
390 1568 560 1632 doloribus
578 1570 675 1647 plena
691 1570 751 1632 est.
765 1570 926 1633 UndeJe-
980 1584 1038 1644 per
1056 1568 1313 1629 amaritudinem
1334 1568 1500 1646 passionis
1523 1570 1726 1632 transierunt
1740 1571 1776 1631 in

129 1667 273 1729 remiss:
293 1668 448 1742 Reptevii
461 1683 517 1729 nze
536 1669 837 1742 ausoritudinibus,
855 1673 925 1731 ine·
979 1665 1188 1742 splendorem
1204 1665 1350 1728 coelestis
1364 1666 1581 1729 beatitudinis
1596 1689 1604 1727 τ
1621 1669 1666 1729 Et
1679 1683 1777 1730 acee-

126 1765 254 1826 iriouit
267 1779 324 1825 nse
337 1766 506 1827 absinthio
529 1765 665 1846 (Thren.
690 1783 738 1840 ru,
754 1765 817 1846 15).
836 1769 923 1828 Deus
973 1765 1098 1837 pitens
1118 1765 1283 1838 tanquam
1300 1766 1447 1827 bostiam
1464 1768 1651 1828 holocausti
1665 1766 1774 1842 (ibid).

127 1862 230 1940 replet
244 1862 412 1925 bominem
425 1862 701 1925 amaritudiuibus
716 1865 752 1925 in
765 1865 828 1926 hac
840 1865 920 1939 vita,
978 1859 1094 1923 Hostia
1116 1860 1301 1924 holocausti
1315 1864 1384 1924 tota
1398 1864 1495 1926 nocte
1514 1863 1723 1926 cremabatur
1740 1865 1775 1927 in

128 1960 160 2020 ut
181 1976 248 2020 non
271 1959 389 2036 diligat
416 1962 612 2037 praesentem
633 1961 736 2023 uitam
761 1978 922 2035 amaram,
978 1959 1088 2021 altari.
1118 1961 1195 2023 Nox
1209 1960 1260 2022 est
1278 1960 1347 2023 vita
1367 1977 1527 2039 praesens,
1550 1962 1656 2025 altare
1680 1961 1774 2035 tides,

126 2057 181 2118 sed
197 2057 407 2118 dnlcedinem
422 2058 667 2135 sempiternam,
687 2060 923 2138 sicutquidam
978 2057 1065 2133 ignis
1093 2057 1251 2120 cbariias.
1278 2060 1393 2122 iustus
1422 2062 1589 2122 crematur
1615 2061 1711 2122 nocte
1736 2060 1772 2122 in

127 2155 203 2216 sunt
222 2153 379 2217 inebrIati
401 2154 579 2230 absinthio,
607 2156 702 2230 idest,
725 2157 825 2236 buius
845 2159 923 2219 uitae
978 2155 1088 2225 altari,
1112 2155 1209 2224 idest,
1225 2157 1314 2217 omini
1337 2156 1484 2235 tempore
1505 2157 1583 2220 vitae
1598 2161 1772 2236 praeseutis

125 2252 414 2315 amaritudinibus.
431 2253 514 2327 Quia
530 2254 616 2317 sicut
628 2255 740 2317 ebrius
753 2255 923 2317 existimat
978 2252 1104 2329 positus
1120 2253 1153 2313 in
1170 2253 1267 2314 tidem
1283 2255 1407 2315 sanctae
1428 2255 1613 2328 Trinitatis
1631 2257 1664 2318 et
1680 2256 1776 2320 ardet

126 2366 161 2411 se
182 2366 305 2426 magna
327 2350 415 2413 bona
440 2351 574 2422 babere,
602 2354 635 2414 et
656 2352 791 2415 laetatur
812 2353 846 2414 iu
862 2369 923 2414 sua
978 2350 1054 2426 igne
1070 2349 1256 2412 charitatis

126 2448 297 2519 ebrietate,
315 2448 360 2509 ita
374 2449 439 2527 ipsi
461 2449 667 2511 delectantur
682 2450 715 2510 in
737 2450 809 2528 ipsa
829 2467 924 2512 ema·
1017 2448 1059 2508 Hi
1075 2449 1218 2526 suntqui
1234 2449 1477 2526 inperpetuum
1492 2450 1615 2514 vivent.
1633 2452 1776 2528 Sapien-

126 2546 271 2608 ritudine
295 2547 451 2625 anquam
474 2548 510 2608 in
535 2547 722 2621 dulcedine,
746 2548 921 2610 61611611-
977 2545 1155 2608 tia211usti
1178 2548 1295 2609 auctoni
1316 2551 1352 2608 in
1370 2549 1579 2621 perpetuum
1599 2551 1776 2622 61666161

126 2645 218 2707 mant
231 2660 268 2705 se
278 2643 392 2707 beatos
405 2661 489 2708 esse.
977 2647 1067 2718 apud
1079 2648 1265 2706 Douriinum
1280 2645 1332 2706 est
1346 2661 1479 2707 rrierces
1494 2661 1616 2709 eorsum
1632 2646 1724 2727 (Sap.
1739 2666 1772 2721 ιι,

163 2741 205 2802 111
234 2744 313 2803 sunt
336 2742 392 2821 qui
418 2742 618 2805 confitentur
644 2743 749 2804 illium
776 2743 922 2805 hominis
978 2739 1040 2820 16).
1058 2743 1099 2803 111
1113 2743 1189 2804 sunt
1202 2742 1257 2819 qui
1273 2759 1413 2804 coronas
1428 2744 1543 2819 gloriae
1558 2746 1635 2806 sunt
1656 2761 1776 2824 accep-

127 2837 700 2916 corambominibus.Evangelium:
718 2843 922 2914 066116661-
976 2840 1053 2900 turi.
1082 2840 1258 2903 Psalmista
1282 2863 1289 2900 ε
1311 2845 1428 2904 Gloria
1456 2843 1490 2904 61
1516 2847 1645 2906 nonore
1678 2858 1776 2909 eoro-

126 2951 269 3009 666666
282 2939 459 3011 consessus
478 2939 587 3012 [66611
602 2953 658 3000 ino
672 2954 791 3000 corum
811 2941 923 3000 16611-
976 2939 1068 2999 inosti
1088 2953 1156 3012 666,
1179 2943 1325 3001 Domine
1340 2937 1410 3018 (Ps.
1435 2956 1506 3012 vur,
1526 2941 1571 3019 6).
1595 2942 1773 3004 Psalmus:

126 3036 234 3105 itibus,
261 3036 402 3109 61111166
420 3038 569 3097 nominis
585 3036 804 3111 corstiteoiiur
826 3039 921 3098 111166
976 3037 1140 3110 Posuisti,
1162 3040 1317 3110 Domine,
1336 3053 1445 3111 stupra
1464 3039 1567 3114 caput
1584 3055 1705 3102 eorum
1717 3056 1776 3103 co-
1875 3082 1879 3087 -

125 3146 243 3192 corum
267 3137 399 3209 assuetis
424 3137 487 3195 Dei
515 3132 608 3212 (Luc.
634 3149 701 3204 xu,
728 3134 772 3214 8).
802 3134 921 3195 Tribus
976 3149 1100 3195 ronam
1114 3138 1155 3197 dc
1177 3139 1287 3210 1661116
1299 3137 1452 3211 pratum
1468 3134 1537 3216 (Ps.
1554 3154 1612 3209 xx,
1629 3138 1674 3216 4).
1699 3140 1772 3200 No-

127 3231 231 3291 modis
246 3231 443 3292 confitemur
458 3231 624 3294 Christum
644 3248 756 3294 coram
771 3232 920 3293 homiui·
975 3232 1111 3293 tandum
1124 3232 1209 3310 quod
1225 3233 1298 3295 duae
1314 3235 1391 3295 sunt
1412 3250 1543 3296 coronae
1563 3238 1770 3305 sanctorum:

126 3326 183 3390 bus
194 3350 202 3388 ε
212 3327 325 3397 66616,
337 3344 406 3398 666,
418 3344 529 3407 opere.
542 3330 635 3391 Unde
648 3330 919 3406 percontrarium
976 3345 1043 3390 una
1053 3329 1108 3392 bic
1117 3332 1150 3391 et
1159 3330 1264 3392 altera
1276 3331 1310 3391 in
1322 3330 1443 3394 tuturo.
1453 3334 1526 3393 Una
1538 3350 1611 3410 quae
1624 3334 1722 3394 datur
1731 3334 1774 3396 ad

126 3425 164 3487 de
176 3425 373 3503 quibusdam
396 3426 476 3489 dicit
488 3427 611 3488 Paulus
626 3447 633 3487 :
649 3427 867 3501 Coristtcntur
883 3442 921 3489 se
976 3427 1128 3488 meritum
1147 3428 1299 3490 etaltera
1323 3446 1396 3506 quae
1417 3430 1565 3491 daturin
1587 3431 1772 3507 praemium.

126 3540 224 3587 nosse
247 3529 369 3596 Derim,
390 3525 492 3599 factm
512 3526 628 3586 autern
655 3526 782 3602 recount
804 3525 877 3599 (Tit.
896 3541 918 3596 1,
976 3525 1048 3584 Una
1063 3525 1195 3586 virtutis
1211 3527 1242 3587 et
1254 3526 1382 3602 gratiae,
1398 3527 1503 3588 altera
1516 3527 1633 3588 salutis
1649 3529 1682 3589 et
1696 3528 1771 3605 glo-

127 3625 186 3697 16).
203 3622 338 3685 Duobus
356 3625 466 3686 autem
480 3623 557 3684 aliis
573 3623 678 3684 modis
691 3622 922 3685 confitebimur
975 3622 1046 3682 riae.
1064 3624 1136 3683 Una
1158 3622 1370 3684 militantium
1390 3623 1542 3686 etaltera
1563 3623 1773 3703 triumphan-

126 3721 291 3783 Cbristum
306 3722 573 3798 coramangelis,
588 3721 752 3794 videlieet,
767 3721 920 3782 laudibus
975 3721 1068 3781 tium.
1099 3722 1145 3782 De
1171 3720 1278 3799 prima
1315 3720 1437 3798 legitur
1460 3722 1495 3783 in
1523 3722 1679 3799 psalmo:
1704 3728 1773 3785 Br-

125 3821 156 3881 et
168 3818 374 3881 muneribus.
388 3821 435 3880 De
447 3818 599 3881 laudibus
617 3820 697 3881 dicit
710 3819 867 3882 Salomon
880 3819 920 3881 de
976 3822 1109 3881 66111666
1132 3833 1298 3881 eoronam
1333 3823 1419 3882 orarii
1451 3821 1672 3896 belitonitutis
1700 3823 1774 3884 trice

125 3916 200 3980 sorti
212 3917 352 3979 muliere
364 3935 371 3972 τ
384 3919 701 3993 Surreaaernntsiiii
714 3921 790 3991 6166
803 3920 920 3980 61166-
975 3914 1044 3995 (Ps.
1067 3932 1159 3989 nxrv,
1175 3916 1237 3997 12),
1263 3917 1358 3990 idest,
1375 3918 1610 3997 multiplicabis
1628 3919 1769 3983 uirtutes

124 4016 297 4077 tissiraam
314 4017 608 4090 praenoverant,
626 4018 661 4079 61
679 4020 736 4078 eir
752 4019 827 4090 ajars
846 4022 922 4080 tou-
974 4014 1172 4092 intempore
1190 4015 1318 4092 gratiae.
1337 4018 1383 4078 De
1399 4016 1543 4078 secunda
1564 4017 1771 4094 611166616-

123 4112 609 4195 do·ritcarn(Prov.xx11,28).
623 4114 921 4177 Fortismulierest
975 4112 1261 4187 immoratione
1283 4115 1437 4189 reposito
1459 4115 1511 4175 esi
1536 4118 1621 4177 inibi
1641 4130 1771 4178 corone

124 4213 248 4283 anima,
261 4229 334 4289 quae
342 4211 522 4275 contemnit
530 4227 689 4290 prospera
702 4212 826 4274 mundi.
843 4212 920 4274 Filii
967 4211 1117 4284 justitiae
1145 4209 1189 4291 (ll
1207 4212 1289 4271 Tim.
1315 4227 1360 4284 ιν,
1377 4210 1423 4291 8),
1445 4211 1531 4273 idest
1546 4229 1700 4290 maguum
1713 4213 1775 4275 do-

123 4313 194 4387 6166
219 4312 298 4372 sunt
318 4324 422 4388 opera
443 4309 530 4374 bona
546 4327 618 4389 quae
638 4310 918 4374 laudabunteam.
975 4325 1065 4380 num,
1087 4308 1173 4386 quod
1199 4308 1354 4374 reddetur
1382 4310 1506 4372 sanctis
1530 4312 1563 4373 et
1583 4312 1684 4389 justis
1711 4329 1772 4390 pro

123 4408 182 4469 Tir
193 4411 268 4486 ejus
282 4412 332 4469 est
346 4406 499 4471 Christus
513 4409 568 4486 qui
584 4408 635 4471 est
650 4412 749 4486 caput
763 4407 920 4470 Ecclesiae
975 4406 1130 4483 operibus
1140 4405 1246 4468 bonis.

122 4509 156 4567 et
168 4506 303 4579 animae,
320 4507 398 4583 quia
408 4505 479 4583 ipse
490 4507 634 4583 protegit
648 4522 732 4567 eam.
747 4508 793 4567 De
810 4522 921 4567 mune·
1014 4505 1057 4565 lli
1071 4507 1148 4566 sunt
1162 4505 1227 4566 duo
1243 4506 1351 4578 oliuae,
1372 4507 1405 4569 et
1424 4506 1489 4569 duo
1504 4507 1704 4569 candelabra
1720 4507 1774 4567 lu-

121 4603 216 4664 ribus
245 4603 325 4665 dicit
346 4604 541 4681 Apostolus:
571 4604 734 4677 Reposito
757 4605 807 4665 est
836 4608 921 4666 milii
975 4602 1084 4665 centia
1098 4605 1175 4665 ante
1191 4606 1306 4677 Deum,
1325 4606 1420 4683 quasi
1442 4605 1506 4667 duo
1529 4621 1647 4681 magna
1667 4604 1771 4664 lumi-

120 4703 921 4777 corouajustitioeauornreddetmiirilionsinus
975 4702 1071 4763 naria
1098 4702 1222 4765 terram
1257 4703 1469 4766 illustrantia.
1497 4704 1581 4775 Quia
1607 4703 1694 4763 sicut
1721 4703 1773 4763 sol

120 4804 158 4862 iu
173 4804 231 4864 1116
244 4802 542 4874 cujuscusjuoce
557 4797 601 4879 (11
613 4800 696 4860 Tim.
713 4816 760 4870 lv,
774 4799 818 4880 8).
975 4799 1142 4862 illuminat
1155 4801 1242 4862 diem
1253 4802 1286 4862 61
1299 4801 1378 4862 luna
1392 4800 1559 4861 illuminat
1569 4801 1709 4870 noctem,
1725 4800 1771 4863 ita

162 4899 205 4961 Hi
215 4898 357 4976 suntqui
370 4898 634 4977 persecutionem
643 4897 815 4976 patiuntur
825 4913 921 4976 prop·
975 4898 1030 4958 isti
1053 4897 1119 4958 dno
1142 4897 1262 4959 iratres
1289 4897 1562 4960 illuminaverunt
1578 4897 1769 4960 Ecclesiam.

120 4997 361 5075 terJusiitiam,
376 4996 532 5075 quoniam
547 4997 696 5073 ipsorum
708 4997 758 5058 est
778 5012 919 5073 reguum
976 4995 1069 5057 Unde
1089 4995 1230 5073 legimus
1251 4994 1286 5056 in
1315 4994 1435 5057 Genesi
1459 5016 1467 5054 :
1490 4997 1585 5058 Fecit
1603 4999 1773 5058 dontinus

119 5095 294 5156 caelorum.
319 5094 419 5159 Beati
438 5094 549 5166 eritis,
572 5109 652 5156 cum
673 5094 920 5156 maledixerint
973 5096 1040 5155 duo
1055 5108 1182 5170 mooun
1196 5096 1396 5166 luminaria,
1419 5094 1454 5155 et
1464 5094 1582 5169 posuit
1599 5097 1690 5156 eain
1708 5096 1773 5166 nas-

119 5196 216 5255 eoois
226 5195 419 5254 nomines...
436 5188 566 5269 (Mattb.
585 5207 617 5264 ι,
635 5189 698 5268 11).
716 5192 868 5254 Gaudete
886 5192 920 5253 61
974 5193 1148 5254 uramenta
1170 5192 1436 5260 aestimassent
1457 5194 1493 5252 in
1507 5195 1608 5269 siqua
1626 5193 1660 5252 61
1680 5192 1771 5254 1666-

119 5292 288 5363 exultate,
310 5293 473 5365 prunum
492 5304 626 5352 merces
644 5289 763 5352 vestra
783 5293 921 5365 copioso
970 5304 1060 5362 pora
1072 5290 1106 5351 et
1115 5292 1188 5352 dics
1200 5289 1353 5351 stannes
1361 5287 1552 5369 (eenuml,
1565 5287 1629 5368 16).
1646 5289 1773 5351 Firma-

119 5392 171 5453 est
187 5394 225 5452 in
236 5391 332 5451 ooeiis
348 5386 442 5469 (Luc.
458 5404 503 5458 vu,
519 5387 583 5468 23).
602 5387 644 5450 Hi
659 5388 736 5450 sunt
751 5388 806 5467 qui
822 5387 920 5462 166611
975 5386 1120 5449 mentum
1139 5385 1215 5447 coeli
1228 5385 1342 5447 sancta
1362 5385 1510 5447 Ecclesia
1529 5387 1589 5458 est,
1607 5386 1683 5464 qnia
1699 5389 1772 5463 ejus

120 5488 260 5552 suntad
286 5502 382 5564 reges
406 5487 439 5550 et
461 5487 621 5566 praesides
646 5486 779 5564 propter
798 5502 919 5548 nomen
974 5484 1182 5555 conversatio
1197 5483 1230 5546 in
1246 5484 1339 5545 coelis
1360 5484 1421 5554 est,
1446 5483 1556 5560 utpote
1578 5485 1773 5561 66166661-

120 5586 257 5651 Cbristi.
270 5585 507 5663 Evangelium:
522 5585 684 5661 lupiciani
696 5587 920 5648 uobismunus
975 5597 1072 5661 quam
1085 5582 1295 5644 consurrexit
1309 5598 1382 5643 cum
1396 5581 1538 5654 Christo,
1550 5597 1624 5660 quae
1640 5597 1771 5649 sursum

247 5723 364 5768 rumen.
383 5722 457 5768 rann
471 5711 508 5768 ll.
533 5744 542 5758 =
1555 5704 1596 5775 ⁷t
