3802 6166
138 306 180 369 63
754 304 932 370 HONORII
952 306 997 371 lll
1018 309 1166 375 OPERA.
1745 310 1785 374 ’64

138 467 206 531 tem
228 467 292 529 lroc
315 466 477 530 attentare
500 464 759 545 presumpserit,
775 466 934 545 indigna·
989 471 1104 548 pratis,
1130 470 1408 551 possessionibus,
1428 472 1463 534 et
1475 471 1553 533 aliis
1573 470 1785 550 pertinentiis

137 566 263 628 tionem
278 562 511 643 omnipotentis
526 563 597 638 Dei,
611 564 644 627 et
658 564 829 628 beatorum
844 566 935 629 Petri
989 569 1191 644 eorumdem,
1206 586 1245 632 ac
1253 571 1390 648 regione
1402 570 1481 645 tota,
1493 587 1568 649 quae
1577 570 1785 647 Angisanum

140 664 174 727 et
188 663 284 726 Pauli
298 662 522 741 apostolorum
536 665 609 742 ejus
624 678 659 724 se
674 665 934 727 noveritincur-
988 668 1172 744 vulgariter
1209 669 1442 748 nuncupatur,
1476 669 1563 731 sicut
1597 683 1637 730 ea
1671 668 1785 731 omnia

139 778 264 824 surum.
285 763 403 823 Datum
421 761 589 835 Laterani,
610 764 671 824 XII
693 762 854 825 kalendas
873 779 936 826 no-
984 768 1087 844 J'uste,
1099 767 1133 830 et
1142 767 1279 846 pacifice
1290 767 1478 845 possidetis,
1491 767 1598 840 vobis,
1611 768 1716 844 etper
1725 782 1785 828 vos

139 858 295 933 rembris,
311 859 739 937 pontificatusnostrianno
754 862 872 939 primo.
988 864 1095 928 eidem
1127 866 1329 929 monasterio
1366 866 1562 928 auctoritate
1593 864 1784 942 apostolica

988 964 1223 1027 confirmamus
1235 966 1268 1027 et
1277 966 1452 1043 praesentis
1465 963 1579 1042 scripti
1595 963 1782 1041 patrocinio

988 1063 1240 1125 communimus.
1256 1063 1349 1125 Nulli
1364 1077 1443 1140 ergo
1458 1063 1594 1124 omnino
1609 1061 1784 1123 hominum

479 1120 589 1208 ΧῙᾸῙ
987 1161 1184 1224 liceathanc
1205 1162 1361 1239 paginam
1383 1161 1506 1223 nostra
1518 1159 1783 1222 confirmationis

988 1260 1020 1321 et
1031 1260 1247 1338 protectionis
1261 1259 1455 1335 intringere,
1470 1259 1522 1320 vel
1536 1258 1568 1320 ei
1582 1274 1667 1320 ausu
1677 1258 1785 1319 teme-

136 1344 934 1419 MtlrffllmlltlmlliolmsshOSdtleS·Liberaloi'lv
987 1359 1078 1420 rario
1098 1358 1275 1420 contraire.
1293 1358 1328 1419 Si
1352 1357 1428 1436 quis
1452 1359 1562 1419 autem
1587 1355 1651 1418 hoc
1672 1356 1785 1418 atten-

429 1445 470 1504 de
481 1445 640 1519 Matella.
987 1458 1059 1518 tare
1080 1456 1343 1534 praesumpserit,
1354 1455 1615 1532 indignationem
1630 1454 1786 1531 omnipo-

429 1591 465 1651 ᾗ
482 1598 538 1651 001·
560 1592 639 1651 ΗΜ,
986 1555 1086 1617 tentis
1100 1554 1160 1616 Dei
1176 1555 1208 1617 et
1219 1553 1391 1618 beatorum
1406 1553 1496 1615 Petri
1511 1554 1544 1615 et
1560 1552 1657 1614 Pauli
1676 1568 1781 1628 apos-

986 1653 1131 1716 tolorum
1147 1656 1219 1733 ejus
1232 1669 1268 1715 se
1282 1652 1414 1716 noverit
1424 1652 1647 1714 incursurum.
1661 1651 1782 1712 Datum

137 1750 232 1818 Hosti,
243 1750 328 1805 Stoma
339 1750 405 1802 della
414 1750 749 1812 lindicolinum-cassino,
759 1755 779 1806 t.
790 1750 930 1819 imam]
986 1752 1154 1823 Laterani,
1171 1767 1259 1813 110110
1278 1750 1440 1813 kalendas
1454 1747 1664 1819 Novembris,
1677 1748 1785 1826 ponti.

215 1911 221 1924 .
246 1912 252 1924 .
495 1911 501 1924 .
839 1914 846 1927 ,
987 1848 1323 1912 flcatusnostrianne
1337 1848 1457 1927 primo.

139 1911 266 1986 Suscipit
274 1926 325 1970 eos
334 1910 456 1971 tuendos
475 1926 575 1985 rusque
589 1910 664 1971 bona
676 1926 711 1971 ao
722 1926 930 1987 possesiones,

172 2002 331 2074 prasertim
357 2009 453 2059 autem
476 2001 575 2075 plnres
600 2001 739 2061 maleam
770 2003 932 2078 specialiter

168 2088 526 2149 enumeratascontlrmat.
1316 2118 1445 2206 XLIII

174 2252 342 2316 Honorius
378 2251 574 2332 episcopus,
606 2270 724 2316 servus
758 2270 930 2317 servorum

134 2351 206 2425 Dei,
235 2350 366 2413 dilectis
389 2351 468 2413 tiliis
489 2351 678 2430 praeposito,
703 2353 736 2416 et
758 2352 930 2416 monachis
983 2363 1035 2423 Ad
1056 2361 1212 2425 adimam
1233 2361 1267 2423 ct
1291 2358 1495 2423 caenaculum
1515 2361 1722 2422 mortostcrit
1744 2363 1779 2423 S.

135 2451 169 2511 S.
187 2447 389 2512 liberatoris
403 2450 444 2512 de
458 2449 613 2527 Magalla,
629 2451 813 2514 salutemet
826 2467 929 2530 apos·
1023 2462 1150 2521 Murice
1174 2462 1212 2520 tn
1236 2459 1355 2522 Moneta
1379 2458 1514 2521 Mirtctt
1545 2461 1587 2520 dc
1618 2462 1781 2534 annpao

131 2547 555 2611 tolicambenedictionem.
1023 2558 1373 2621 Florentiotordtats.

175 2646 394 2707 sacrosancta
418 2647 567 2707 Romana
596 2645 744 2708 Ecclesia
770 2644 926 2719 devotos,
1280 2690 1316 2749 ,ᾗ
1331 2696 1379 2748 oct
1406 2688 1475 2749 illd

131 2743 167 2806 et
180 2743 323 2804 humiles
340 2742 427 2805 illios
446 2758 491 2804 an
511 2745 654 2806 assuetae
673 2744 805 2822 pietatis
820 2744 928 2807 officio
1382 2731 1388 2747 ’
1478 2731 1485 2745 ’

133 2842 332 2919 propensius
347 2841 685 2931 diligereconsuevit,
699 2842 732 2905 et
746 2858 788 2904 ne
802 2859 928 2920 pravo·
1028 2831 1170 2900 [liverani
1182 2830 1345 2899 spicilegium
1355 2830 1529 2892 emesenum,
1539 2843 1564 2898 i·
1579 2830 1635 2892 ⁷¹⁶»
1649 2844 1676 2883 ¹¹·
1689 2831 1727 2895 Μ

133 2954 206 3000 rum
223 2939 393 3000 hominum
408 2940 570 3001 molestiis
585 2939 762 3017 agitentur,
779 2956 836 3003 eos
852 2942 929 3003 tan-

130 3052 231 3115 quam
244 3038 298 3114 pia
314 3037 420 3099 mater
434 3054 503 3099 suae
518 3037 733 3115 protectionis
745 3040 927 3101 munimine
981 3012 1141 3072 mmm
1166 3012 1194 3072 S·
1221 3012 1349 3087 vimni'
1370 3012 1406 3070 ω)
1430 3011 1573 3086 Hug⁰¹¹¹¹⁰
1602 3012 1727 3071 mimi
1748 3019 1777 3071 οἱ

133 3134 322 3198 confovere,
355 3138 402 3197 Ea
425 3136 570 3213 propter,
595 3136 707 3198 dilecti
729 3136 763 3197 in
787 3137 927 3200 Domino
1017 3103 1187 3164 velletrensi
1208 3101 1355 3161 fundatam
1380 3102 1440 3160 mis
1462 3101 1622 3175 sumptibus
1644 3107 1672 3159 et
1691 3101 1774 3160 dota·

135 3234 197 3295 nun
224 3233 345 3297 vestris
367 3233 469 3311 jusus
492 3233 770 3312 postulationihus
795 3236 926 3312 gratum
1015 3201 1087 3263 ‘⁰¹¹¹’
1102 3192 1296 3251 mmm
1315 3193 1343 3250 ⁵·
1359 3189 1463 3264 ’ΜΘΗ
1477 3190 1557 3264 juxa
1576 3191 1653 3248 ‘¹¹⁰⁰'
1673 3190 1710 3249 ⁰¹³
1725 3205 1776 3249 '¹¹'

133 3331 141 3345 .
256 3332 263 3345 .
1016 3283 1095 3356 liquo
1120 3288 1323 3351 constructam,
1351 3294 1462 3339 necnon
1486 3280 1626 3353 capellam
1653 3280 1683 3338 S.
1712 3280 1774 3341 cle

131 3334 361 3411 impartuentes
377 3347 560 3404 assensum,
575 3348 735 3411 personas
749 3335 877 3396 vestras
894 3336 927 3397 et
1015 3373 1120 3431 mentis
1131 3380 1210 3431 em
1221 3386 1318 3429 mum
1331 3368 1471 3445 Nymphae
1486 3370 1618 3442 positam,
1635 3382 1708 3442 qm
1728 3369 1776 3427 ille

130 3431 370 3543 ¹¹3⁰f¹³⁸teri9m
408 3431 522 3543 sanffti
551 3431 771 3543 Libeff'at‘fris’
799 3432 835 3494 in
861 3449 925 3511 ‘1¹¹⁰
1015 3464 1057 3522 eis
1072 3462 1299 3537 pialiberalitate
1311 3458 1477 3529 donaverat,
1497 3457 1658 3528 confirmat,
1675 3465 1775 3516 tenore

100 3592 105 3603 .
128 3530 242 3592 d1V¹1¹⁰
264 3528 717 3607 est1⁸⁰1³S‘9l11110mallsslvatb
734 3546 808 3593 cum
823 3532 926 3594 Omni·
1015 3553 1172 3611 litterarum
1184 3549 1312 3625 ejusdem
1323 3548 1449 3622 episcopi
1465 3546 1596 3606 dererbo
1609 3546 1774 3606 adverbum

129 3627 191 3689 hus
205 3628 302 3691 honis
320 3645 392 3706 quae
410 3627 445 3689 in
464 3629 718 3707 praesentiarum
738 3629 925 3692 rationabi—
1014 3640 1098 3700 buuoe
1112 3640 1228 3697 inserto.

129 3726 207 3789 liter
219 3726 376 3804 possidet,
398 3728 456 3788 aut
478 3725 514 3786 in
532 3724 678 3788 futurum
688 3727 789 3804 justis
805 3729 922 3802 modis,

128 3826 309 3902 praestante
332 3824 490 3897 Domino,
525 3823 647 3901 poterit
674 3825 834 3903 adipisci,
863 3825 923 3888 suh
1018 3821 1184 3884 Honorius
1197 3819 1382 3899 episcopus,
1394 3835 1510 3882 servus
1519 3834 1692 3882 servorum
1701 3820 1770 3891 Dei,

127 3920 216 3984 beati
230 3921 320 3984 Petri
330 3922 363 3982 et
372 3921 485 3982 nostra
496 3920 701 3998 protectione
711 3923 922 4000 suscipimus,
978 3920 1107 3983 dilectis
1122 3919 1200 3980 tiliis
1213 3919 1335 3991 abbati,
1347 3919 1380 3980 et
1389 3917 1567 3980 conventui
1578 3917 1773 3981 monasterii

14 4021 20 4029 '
128 4020 319 4097 specialiter
335 4020 446 4081 autem
463 4017 576 4081 Sancti
596 4018 715 4096 Angeli
735 4020 775 4082 de
795 4023 921 4096 Grctta,
979 4022 1012 4081 S.
1028 4019 1143 4080 Mariae
1156 4018 1190 4079 in
1206 4018 1317 4079 monte
1331 4015 1455 4078 Mirteti
1469 4016 1509 4077 de
1524 4015 1677 4093 Nympha
1693 4017 1772 4077 Flo-

126 4116 241 4179 Sancti
252 4116 342 4179 Petri
354 4116 395 4177 de
407 4117 630 4194 Monteplano,
646 4118 758 4180 Sancti
768 4120 920 4194 Andreae,
977 4117 1099 4180 rentini
1114 4116 1252 4189 ordiale,
1268 4116 1409 4177 salutem
1426 4113 1459 4177 et
1475 4113 1691 4191 apostolicam
1712 4113 1772 4176 be-

125 4217 160 4278 et
175 4218 208 4277 S.
224 4214 344 4277 Vitalis
357 4214 397 4276 de
412 4216 533 4289 Rooca,
551 4215 584 4276 S.
604 4215 745 4279 Androm
758 4217 799 4279 de
813 4219 920 4293 (lisso,
976 4214 1207 4277 nedictlonem.

33 4338 38 4345 ·
126 4315 256 4377 Sanctae
273 4313 487 4375 Scholastica
497 4311 532 4374 in
547 4314 670 4388 Penne,
689 4314 721 4375 S.
738 4316 874 4378 Martini
886 4304 923 4378 in
1014 4314 1118 4377 Justis
1146 4313 1328 4391 petentium
1358 4310 1532 4374 desideriis
1560 4310 1697 4388 dignum
1721 4312 1771 4373 est

127 4412 252 4486 Selino,
269 4414 303 4474 S.
321 4411 504 4474 salvatoris
519 4411 555 4474 in
566 4411 667 4487 Tabe,
689 4412 722 4474 S.
746 4414 862 4477 Mariae
885 4412 920 4476 in
976 4427 1036 4473 nos
1046 4410 1177 4474 facilem
1188 4410 1336 4489 praehere
1351 4410 1600 4481 consensum,et
1609 4410 1685 4472 vota
1696 4425 1769 4488 quae

125 4510 281 4585 Morinis,
317 4511 514 4572 Sanctorum
551 4512 677 4588 septem
712 4510 852 4573 fratrum
885 4512 921 4574 in
975 4510 1156 4572 arationis
1181 4510 1314 4572 tramite
1332 4524 1398 4569 non
1415 4507 1623 4579 discordant,
1647 4507 1768 4571 effectu

123 4609 275 4688 Aprutio,
291 4609 324 4669 S.
335 4608 466 4684 Angeli,
478 4609 511 4670 et
524 4610 557 4669 S.
569 4607 708 4669 Maximi
719 4607 753 4669 in
768 4610 918 4685 Marano,
975 4608 1196 4688 prosequente
1219 4608 1396 4685 complere.
1419 4609 1468 4667 Ex
1487 4605 1581 4683 parte
1604 4605 1769 4683 siquidem

127 4710 159 4769 S.
176 4705 349 4769 Laurentii
368 4706 402 4767 in
426 4705 597 4779 Salinello,
615 4705 728 4768 Sancti
749 4708 920 4771 Benedicti
973 4707 1076 4770 uestri
1094 4707 1156 4769 luit
1178 4706 1271 4768 nobis
1291 4705 1462 4767 humiliter
1483 4702 1717 4781 supplicatum,
1734 4703 1770 4766 ut

14 4856 17 4861 .
125 4806 161 4867 in
186 4806 323 4880 Trunto,
351 4804 465 4868 Sancti
490 4804 673 4867 Salvatoris
701 4802 736 4866 in
760 4806 917 4881 Rosiano,
974 4822 1049 4868 cum
1074 4803 1276 4867 uenerabilis
1309 4803 1411 4865 irater
1442 4805 1555 4864 noster
1580 4803 1766 4879 Hugolinus

124 4906 239 4966 Sancti
252 4903 425 4966 Laurentii
439 4902 479 4965 de
499 4902 637 4976 Oliveto,
653 4903 781 4966 Sanctae
802 4906 918 4969 Mariae
973 4902 1134 4968 Ostiensis
1160 4902 1193 4963 et
1210 4900 1427 4962 velletrensis
1449 4901 1634 4977 episcopus,
1657 4901 1698 4963 da
1712 4918 1769 4963 as-

123 5000 165 5061 da
185 5001 399 5077 volignanis,
431 4999 543 5064 Sancti
571 5000 692 5063 calixti
721 5000 761 5064 de
788 5004 916 5078 Soceto,
972 5018 1073 5064 sensu
1094 5002 1127 5063 et
1140 4999 1310 5062 uoluntate
1324 4998 1604 5076 archipresbpteri
1624 5001 1658 5062 et
1681 5000 1769 5078 capi·

124 5098 238 5160 Sancti
253 5099 374 5160 Felicis
387 5098 426 5160 de
440 5100 595 5171 Pulvere,
612 5100 742 5163 Sanctae
754 5101 869 5163 Mariae
882 5102 917 5163 in
972 5101 1033 5164 tull
1053 5099 1281 5172 velletrensis,
1297 5098 1472 5161 ecclesiam
1486 5097 1592 5161 beatae
1613 5098 1764 5176 Virginis

122 5195 327 5265 cantiniano,
345 5196 458 5258 Sancti
471 5197 564 5260 Patri
578 5196 740 5272 involve,
757 5199 789 5261 et
805 5200 916 5263 Sancti
971 5200 1013 5261 ab
1034 5200 1107 5277 ipso
1126 5197 1297 5260 fundatam
1317 5196 1386 5258 suis
1406 5197 1601 5275 sumptibus,
1623 5196 1656 5259 at
1670 5196 1768 5259 dota-

123 5294 243 5357 Donati
259 5293 300 5355 de
314 5294 458 5356 conano
473 5294 572 5367 sicco,
590 5295 834 5359 ecclesiascum
851 5314 918 5360 om·
970 5300 1049 5371 tam,
1073 5298 1107 5359 iu
1131 5312 1195 5376 qua
1220 5295 1332 5357 divino
1356 5295 1435 5356 estis
1458 5294 1615 5372 obsequio
1638 5295 1767 5357 manci-

123 5392 221 5455 nibus
240 5390 450 5469 pernitentiis
460 5392 662 5455 earumdem.
680 5394 818 5473 Pelegre
834 5413 917 5475 quo-
970 5397 1058 5474 pati3
1073 5395 1105 5457 et
1119 5394 1295 5457 ecclesiam
1312 5396 1344 5454 S.
1361 5393 1478 5469 angeli
1495 5393 1594 5471 juxta
1614 5392 1709 5454 illam
1725 5393 1765 5455 ab

123 5507 197 5570 que,
211 5492 244 5552 S.
260 5489 378 5567 Angeli
395 5489 436 5552 de
455 5491 678 5569 Monteplano,
697 5494 809 5557 Sancti
824 5495 916 5557 Petri
970 5495 1106 5573 antiquo
1139 5494 1380 5555 constructam:
1408 5507 1470 5553 nec
1504 5506 1572 5551 non
1601 5492 1765 5568 capellam

7 5616 13 5621 ·
121 5590 163 5653 de
183 5587 395 5661 Monialibus,
413 5588 533 5660 Sextae,
550 5589 710 5667 Pomarii,
726 5593 820 5672 Ripae
834 5594 917 5655 cor-
971 5595 1003 5654 S.
1030 5591 1207 5654 Clementis
1228 5590 1455 5653 extramuros
1483 5588 1647 5667 Nymphae
1671 5589 1765 5667 posi-

120 5686 223 5751 variae
253 5684 578 5758 et01iuetioastra,
608 5704 683 5751 cum
709 5688 912 5764 nemoribus,
969 5690 1185 5769 tam,inqua
1207 5687 1325 5751 sibiet
1349 5686 1763 5767 successoribussuisjus
