3802 6166
120 194 180 255 ibt)

15 390 18 395 -
117 354 238 433 justos.
261 354 354 416 Beati
378 368 507 432 qnoque
532 354 647 417 Jacobi
673 356 822 432 Apostoli
849 372 915 419 non

120 452 206 515 levis
225 452 406 515 auctoritas
422 453 475 513 bis
488 452 545 529 qui
560 454 705 515 renuunt
724 454 916 516 misericor-

120 550 917 628 diamiacere,ju‹liciumsinemisericordiacom-

120 648 283 719 minatum
301 649 337 710 ut
351 664 432 725 quos
443 648 484 709 ad
495 664 568 708 eam
581 665 648 710 non
661 657 818 725 provocat
828 649 917 712 desi-

121 746 250 807 dorium
263 746 379 820 gloriae
394 745 434 806 ad
454 746 602 807 eamdem
623 748 740 808 saltem
761 750 918 825 provocet

68 836 72 841 ’
119 844 221 907 timor
236 860 351 921 poenac.
372 844 432 904 His
451 843 553 917 igitur
574 845 775 906 salutaribus
798 862 916 907 exem-

120 942 186 1021 plis
197 941 331 1002 ¹iminoti
350 941 492 1003 libenter
508 942 704 1004 exhibemus
721 941 916 1005 misericor-

122 1039 211 1101 diam
238 1056 304 1100 non
327 1040 493 1115 indignis,
531 1042 568 1102 ut
598 1043 730 1118 recepta
761 1057 918 1101 mensura

26 1169 31 1181 ·
122 1152 221 1215 quam
237 1138 344 1198 mensi
357 1138 518 1199 fuerimus
534 1155 598 1199 non
608 1139 771 1216 judicium
784 1140 839 1200 sed
855 1140 919 1199 mi-

88 1304 93 1311 ,
121 1234 337 1297 sericordiam
363 1235 556 1297 sentiamus,
581 1238 667 1297 Sane
682 1237 716 1298 in
734 1237 854 1298 litteris
869 1237 920 1297 le-

121 1332 197 1395 liois
221 1333 389 1394 memoriae
412 1336 436 1394 i.
451 1333 551 1411 {papae
567 1334 820 1411 praedecessoris
835 1351 918 1395 nos·

123 1430 164 1493 tri
176 1432 406 1509 perspeximus
415 1432 501 1493 conti
507 1432 577 1493 neri
589 1432 674 1509 quod
682 1433 754 1509 ipse
768 1432 918 1494 Salimnn

58 1598 62 1603 ,
123 1527 281 1609 qlericum
306 1544 366 1606 pro
390 1544 429 1590 eo
454 1529 539 1607 qnod
564 1529 658 1591 robis
683 1546 783 1609 super
803 1545 921 1607 recep-

123 1626 215 1689 tione
230 1642 291 1688 sna
307 1626 468 1705 quasdam
482 1627 583 1688 salsas
596 1628 725 1689 litteras
738 1629 921 1705 praeseata-

122 1724 183 1796 vit,
198 1725 351 1786 nesciens
362 1740 435 1785 esse
448 1725 561 1797 salsae,
574 1725 652 1787 iicet
662 1726 747 1802 quod
758 1726 869 1787 essent
880 1725 919 1785 de

123 1822 269 1884 falsitate
286 1825 460 1899 suspectae,
477 1823 633 1884 continuo
650 1824 775 1884 eisdem
796 1840 921 1885 rennn-

124 1920 218 1983 cians
232 1937 298 1980 non
314 1920 380 1981 nisi
394 1921 624 1997 praesentando
644 1921 805 1983 duntaxat
821 1921 921 1982 suerit

124 2034 205 2079 nsns
227 2018 307 2090 illis,
327 2016 488 2079 beneilcio
509 2022 619 2081 tamen
637 2019 786 2081 ecclesiae
801 2020 920 2081 restrae

123 2115 280 2195 privavit,
293 2116 377 2193 qnod
388 2116 500 2192 elapso
511 2117 737 2194 quinquennio
748 2117 920 2194 postquam

123 2214 245 2275 litteris
266 2214 524 2276 renunciaverat
549 2215 723 2277 antedictis
746 2231 805 2291 per
828 2215 919 2276 elec-

124 2312 248 2373 tionem
269 2313 465 2373 eanonicam
489 2313 521 2374 et
543 2313 738 2374 concordem
757 2312 791 2373 in
806 2312 921 2373 eadem

124 2409 234 2472 iuerat
246 2412 417 2472 assecutus
429 2413 461 2472 et
470 2411 618 2487 tempore
632 2412 730 2487 longo
741 2411 919 2489 possideat,

56 2550 60 2557 -
124 2508 197 2569 sino
212 2508 269 2569 lite
284 2508 500 2569 nihilominus
517 2511 558 2580 te,
576 2508 622 2569 illi
641 2509 833 2586 praeposite,
853 2525 923 2569 sns-

45 2680 48 2687 .
124 2606 272 2685 pendens
288 2622 307 2667 a
323 2606 499 2668 collatione
519 2606 757 2667 beneficiorum
772 2606 922 2667 ecclesia

126 2706 328 2775 memoratae,
346 2704 481 2781 eoquod
497 2704 530 2763 in
545 2703 681 2765 fratrem
693 2705 849 2782 recepisti
861 2704 924 2765 cle·

125 2803 232 2864 ricum
255 2802 456 2863 antedictum
477 2803 649 2878 postquam
672 2801 841 2862 credidisti
866 2819 923 2862 sn-

126 2900 294 2979 pradictas
311 2899 438 2960 litteras
453 2898 556 2959 salsas
571 2916 655 2960 esse.
679 2899 839 2972 Quoniam
855 2899 923 2975 igi-

34 2996 38 3003 '
126 2999 182 3059 tur
196 2997 283 3057 idem
299 2996 440 3057 clericus
456 2996 581 3058 nnllam
595 2997 753 3074 probatur
768 2997 924 3058 habuisse

128 3094 291 3157 malitiam
306 3095 339 3155 in
354 3095 416 3155 hac
429 3098 522 3172 parte
537 3112 611 3156 enm
625 3095 708 3155 nihil
722 3097 837 3157 contra
850 3112 925 3157 eum

129 3194 298 3255 ostensum
327 3191 444 3262 inerit,
474 3192 539 3254 imo
559 3193 659 3254 etiam
676 3209 736 3255 nec
762 3192 926 3271 objectum

129 3290 195 3351 nisi
216 3290 401 3352 litterarum
435 3291 648 3368 prasentare
679 3291 924 3368 praedictarum,

36 3378 40 3383 ’
130 3389 217 3467 quod
238 3389 310 3465 ipse
332 3404 432 3465 super
456 3388 508 3448 his
530 3390 797 3450 commissionem
822 3390 928 3466 impe-

129 3486 248 3549 trando
263 3486 327 3563 ipsi
342 3486 579 3563 praedecessori
594 3487 708 3548 nostro
728 3488 928 3564 exposuerat

131 3585 318 3661 diligenter,
333 3585 368 3645 in
384 3585 532 3662 ejusdem
548 3586 803 3662 praedecessoris
823 3585 927 3647 nestri

132 3683 298 3745 sententia
323 3682 393 3742 hac
420 3683 581 3744 duntaxat
606 3684 691 3746 ratio
718 3684 925 3759 assignetur,

2 3762 9 3789 ⁵
38 3818 41 3823 -
132 3781 218 3859 quod
231 3780 590 3857 ridelioetsaepedictas
605 3779 733 3842 litteras
746 3784 929 3857 prasenta-

131 3879 181 3941 rit
199 3877 340 3939 clericus
360 3877 571 3948 memoratus
589 3894 649 3939 nos
673 3878 778 3955 ipsius
794 3878 927 3938 miseria

132 3976 332 4059 miserantes
352 3976 386 4035 et
406 3974 643 4050 compatientes
664 3974 832 4035 laboribus
847 3991 948 4052 qnos-

132 4071 250 4133 habuit
264 4074 335 4148 jam
359 4070 484 4148 pluries
509 4071 643 4147 propter
662 4071 724 4131 hoc
749 4072 929 4133 adsedem

70 4194 73 4199 ·
131 4169 357 4248 Apostolicam
374 4168 536 4229 veniendo
555 4168 664 4244 ipsum
683 4168 723 4230 de
738 4169 930 4231 misericor-

132 4267 187 4329 dia
215 4282 288 4344 quae
315 4265 542 4342 superexaltat
559 4266 687 4343 jndicio
711 4267 926 4340 restituinns,

132 4365 165 4427 et
179 4364 351 4443 praeiatam
368 4364 599 4440 suspensionis
615 4364 811 4426 sententiam
828 4366 929 4427 latam

131 4462 169 4525 in
195 4464 240 4536 te,
262 4462 310 4523 sili
334 4461 522 4539 praeposite,
538 4461 739 4523 relaxamus.
754 4464 824 4535 Quo
840 4464 929 4525 circa

133 4560 326 4623 discretioni
354 4560 474 4623 restrae
509 4574 569 4637 per
594 4560 776 4636 apostolica
805 4562 929 4638 scripta

132 4657 340 4729 mandamns,
355 4658 519 4733 quatenus
531 4656 682 4718 eumdem
695 4658 853 4719 clericum
867 4659 930 4720 lra-

131 4756 227 4819 terna
246 4755 288 4817 de
308 4756 418 4817 cetero
440 4754 589 4816 tractetis
605 4754 640 4814 in
655 4755 793 4816 Domino
814 4758 929 4818 chari-

131 4854 210 4916 tate.
228 4854 345 4913 Datnm
359 4852 526 4922 Laterani,
543 4854 602 4913 XV
617 4851 778 4914 kalendas
795 4853 930 4916 lebrna-

132 4952 186 5025 rii,
204 4950 414 5028 pontificatus
429 4950 534 5012 nostri
549 4966 637 5011 anno
651 4950 770 5028 primo.

169 5102 205 5175 (⁶)
224 5103 354 5160 loannis.

168 5191 210 5264 (a)
230 5194 330 5247 sensns
346 5205 354 5244 :
370 5190 409 5245 Te
424 5194 499 5245 statu
514 5188 597 5261 regni
612 5204 643 5246 se
658 5189 819 5264 ingerente,
835 5191 862 5248 id
874 5200 927 5262 est,

132 5278 219 5337 qunnr
236 5259 460 5317 recordaremur.

170 5334 210 5405 (i)
232 5331 340 5389 liodem
364 5346 449 5399 anno,
475 5331 614 5388 ilenriens
634 5333 753 5391 loannis
775 5330 850 5389 illins
878 5331 929 5390 init

131 5421 182 5463 rex
197 5411 364 5471 coronatus,
381 5402 427 5458 die
442 5404 477 5458 28
493 5401 628 5459 octobris.
647 5424 658 5452 «
676 5406 737 5471 Quo
755 5403 866 5471 andito,
883 5406 927 5460 in·

134 5496 146 5529 e
169 5476 228 5547 quit
238 5473 391 5530 Antiatium
404 5471 552 5529 lloredeni
567 5474 759 5539 continuator,
771 5483 847 5532 torno
860 5490 926 5533 nos·

135 5569 146 5595 «
169 5554 211 5603 tro
235 5546 339 5613 XVlll,
361 5558 427 5616 pag.
451 5544 512 5613 182,
535 5543 677 5615 irnlignati
693 5550 758 5603 sunt
773 5545 812 5602 illi
831 5547 880 5617 qni
894 5546 929 5603 de

596 152 599 157 ’
684 188 701 199 “
742 196 917 259 noxonn
939 198 984 285 nr
1005 160 1155 259 orans.

1301 376 1439 465 CLXII

970 574 1022 633 Aa
1041 573 1246 640 llere-lemn,
1269 571 1402 644 Arrpttcc
1417 578 1537 643 repent
1551 565 1764 627 coronatum.

1269 752 1304 810 20
1315 751 1377 826 jan.
1395 752 1474 809 liti.

1034 878 1143 943 [liegest.
1156 876 1201 927 lib.
1216 878 1234 931 l.
1249 876 1324 941 epist.
1343 876 1397 925 roa.
1415 902 1450 915 -
1466 876 1594 940 Bouquat.
1605 874 1712 927 itacueii

1149 957 1193 1007 des
1209 957 1360 1015 historiens,
1375 963 1395 1006 t.
1407 957 1475 1015 XIX,
1485 970 1512 1021 p.
1526 956 1595 1021 dib]

973 1092 1129 1152 condolere
1153 1107 1184 1148 se
1211 1091 1286 1147 illius
1318 1105 1440 1147 moerore
1467 1096 1588 1147 testetur
1615 1089 1767 1160 Honorius,

1009 1189 1093 1253 atque
1113 1181 1141 1237 in
1162 1181 1289 1237 melioris
1305 1178 1425 1236 fortunae
1445 1194 1526 1252 spem
1547 1194 1614 1237 eum
1632 1181 1727 1253 erigit,
1743 1185 1770 1237 et

1008 1285 1090 1327 suam
1104 1284 1162 1326 non
1175 1270 1202 1325 ci
1214 1267 1374 1326 delaturam
1388 1284 1505 1340 operam
1515 1269 1674 1341 pollicetur,
1685 1267 1771 1326 modo

1009 1358 1137 1417 consiliis
1149 1358 1184 1416 Α.
1199 1360 1229 1416 S.
1245 1358 1333 1430 legati
1343 1357 1530 1429 obtemperet.

1013 1503 1191 1575 Honorius,
1215 1503 1278 1563 etc.
1300 1501 1474 1563 carissimo
1493 1502 1529 1562 in
1549 1500 1681 1563 Christo
1703 1500 1769 1562 illio

974 1603 1087 1663 nostro
1101 1604 1140 1661 ll.
1161 1600 1283 1662 illustri
1297 1600 1369 1676 regi
1383 1600 1512 1676 Angliae
1534 1600 1686 1671 salutem,
1707 1600 1768 1661 etc.

1014 1724 1144 1799 tollito,
1169 1726 1302 1803 inclytae
1338 1724 1582 1786 recordationis
1621 1725 1683 1796 gg,
1719 1739 1773 1786 re·

974 1823 1025 1900 gis
1050 1824 1196 1900 angliae,
1219 1824 1323 1901 patris
1349 1823 1408 1895 tui,
1435 1822 1526 1884 obitu
1550 1822 1768 1899 deploranda,

973 1922 1054 1983 tacti
1089 1937 1202 1980 sumus
1242 1919 1356 1981 dolore
1398 1920 1507 1981 cordis
1548 1920 1770 1991 intrinsecus,

975 2020 1008 2081 et
1027 2018 1188 2095 usquead
1203 2017 1349 2079 animam
1369 2018 1477 2094 ipsius
1497 2017 1623 2079 doloris
1642 2017 1771 2093 gladius

976 2115 1201 2193 pertransivit,
1223 2116 1408 2177 inhaerente
1431 2116 1542 2176 animo
1570 2118 1686 2176 nostro
1714 2115 1768 2176 illo

976 2214 1161 2276 devotionis
1175 2214 1295 2275 allecta
1310 2214 1396 2290 quod
1409 2214 1497 2275 idem
1510 2230 1584 2285 rex,
1597 2230 1702 2289 regno
1714 2228 1770 2273 suo

976 2313 1166 2390 specialiter
1193 2313 1390 2389 apostolicae
1424 2312 1501 2373 Sedi
1528 2312 1701 2390 subjecto,
1735 2310 1772 2372 ad

975 2415 1054 2474 Jesu
1073 2410 1195 2472 Christi
1220 2410 1435 2488 obsequium,
1463 2413 1535 2487 ejns
1553 2411 1703 2471 munitus
1725 2409 1772 2469 si-

977 2510 1130 2587 gnaculo,
1156 2509 1335 2570 devoverat
1372 2512 1403 2570 et
1437 2509 1613 2583 magniiiec
1641 2524 1771 2585 lrraepa-

977 2608 1111 2669 rarerat
1137 2606 1360 2681 semetipsum,
1377 2622 1417 2667 ac
1443 2608 1531 2666 statu
1557 2605 1774 2665 nihilominus

977 2705 1073 2781 regni
1099 2704 1158 2775 tui,
1189 2704 1245 2765 tna
1274 2706 1469 2781 tnornmqno
1493 2702 1633 2763 fratrum
1657 2698 1773 2779 puerili

979 2804 1075 2863 aetate
1090 2802 1124 2862 in
1139 2802 1240 2864 tantis
1255 2801 1413 2878 periculis
1429 2801 1511 2861 tanti
1531 2801 1636 2878 patris
1652 2800 1769 2861 solatio

979 2900 1146 2969 destituta,
1157 2914 1192 2960 se
1203 2900 1322 2961 mentis
1333 2902 1454 2960 nostrae
1467 2898 1573 2959 oculis
1589 2897 1637 2975 (3)
1646 2898 1770 2975 jugiter

979 2999 1163 3073 ingerente,
1183 2998 1229 3058 ita
1251 2998 1287 3058 nt
1300 3001 1333 3059 te
1347 3013 1386 3057 ac
1400 2996 1478 3057 illos
1491 2996 1686 3057 videremur
1696 3011 1775 3073 quo-

981 3096 1153 3157 dammodo
1169 3095 1294 3156 intueri
1306 3094 1346 3155 ad
1362 3094 1559 3171 apostelicae
1574 3094 1670 3155 Sedis
1681 3093 1772 3155 anxi-

981 3191 1775 3269 liumparvabrachiaprotendeatesaedicantes

981 3290 1077 3353 nobis
1093 3312 1100 3350 :
1117 3291 1288 3352 «Attende
1312 3289 1347 3350 in
1369 3305 1446 3362 nos,
1463 3290 1613 3361 bomine,
1644 3290 1678 3350 et
1702 3288 1773 3349 ride

981 3407 1001 3451 s
1020 3388 1268 3452 tribulationem
1288 3389 1447 3460 nostram,
1464 3387 1498 3449 et
1516 3403 1704 3462 exsurgens
1718 3386 1773 3448 ad-

982 3505 1001 3548 «
1017 3490 1099 3564 jara
1113 3485 1775 3564 nosquiatuesrelietusadjntororpha·

982 3603 1001 3646 α
1023 3586 1074 3646 nis
1087 3586 1120 3646 et
1134 3584 1280 3661 pupillis.
1301 3602 1320 3644 a

1023 3683 1126 3744 Nobis
1144 3684 1258 3759 itaque
1279 3683 1311 3741 in
1327 3682 1515 3759 hujusmodi
1537 3682 1694 3743 moeroris
1717 3696 1776 3742 an-

983 3782 1091 3856 gustia
1105 3778 1366 3852 tabescentibus,
1390 3780 1486 3841 laetus
1508 3780 1651 3841 nuncius
1667 3780 1707 3841 de
1721 3780 1776 3841 tua

984 3878 1200 3939 coronatione
1219 3879 1370 3955 receptus
1382 3894 1447 3938 non
1459 3878 1625 3938 modicum
1645 3894 1706 3939 nos
1726 3892 1779 3937 re-

984 3975 1072 4047 iecit,
1090 3976 1122 4037 et
1136 3975 1226 4036 dedit
1240 3975 1500 4036 consolationem
1518 3975 1553 4035 in
1573 3975 1631 4036 illo
1650 3976 1706 4053 qui
1722 3988 1782 4036 nos

983 4072 1018 4133 in
1042 4071 1130 4131 omni
1146 4070 1362 4133 tribulatione
1381 4071 1494 4131 nostra
1516 4070 1783 4131 misericorditer

985 4168 1176 4231 consolatur
1187 4166 1247 4247 (4),
1263 4170 1437 4245 sperantes
1448 4167 1533 4246 quod
1552 4169 1622 4245 ipse
1636 4168 1694 4245 qui
1703 4171 1782 4246 jus-

983 4267 1092 4329 titiam
1107 4265 1217 4341 diligit
1232 4268 1264 4327 et
1283 4266 1444 4326 malitiam
1466 4268 1656 4336 execratur,
1682 4262 1791 4328 faciet

983 4362 1247 4426 misericordiam
1268 4379 1361 4424 suam
1378 4365 1497 4434 tecum,
1514 4364 1547 4425 te
1562 4363 1604 4424 ab
1619 4363 1789 4425 instanti-

983 4462 1044 4523 bus
1073 4461 1231 4540 pericnlis
1260 4477 1329 4521 suae
1357 4461 1490 4523 virtutis
1517 4461 1665 4538 potentia
1691 4461 1790 4522 libe-

983 4560 1099 4632 rando,
1123 4560 1156 4621 et
1179 4559 1265 4620 sicut
1285 4559 1390 4621 voluit
1413 4560 1449 4620 ut
1470 4559 1533 4636 ipsi
1555 4560 1643 4636 patri
1666 4560 1726 4621 tuo
1748 4559 1793 4620 in

983 4657 1078 4735 regni
1102 4656 1341 4733 gubernat-ione
1370 4657 1587 4730 strecedereS,
1613 4657 1682 4729 ita,
1710 4658 1790 4735 ipso

983 4755 1126 4827 volente,
1152 4754 1202 4814 illi
1224 4754 1324 4815 etiam
1344 4755 1379 4816 in
1392 4755 1592 4831 Apostolicae
1606 4753 1703 4816 Sedis
1725 4756 1792 4816 de-

983 4854 1116 4916 votione
1132 4853 1303 4925 succedes,
1318 4869 1357 4914 eo
1368 4855 1516 4914 nostram
1527 4853 1614 4914 hano
1625 4853 1782 4914 tidueiam

984 4953 1163 5030 plurimum
1183 4950 1372 5024 roborante,
1396 4951 1493 5029 quod,
1511 4951 1620 5012 aetatis
1632 4951 1699 5011 ture
1712 4949 1785 5027 pri-

986 5133 998 5163 ι
1020 5115 1100 5182 parte
1111 5108 1230 5167 adversa
1245 5117 1342 5179 erant;
1358 5117 1385 5166 et
1396 5124 1433 5165 ne
1445 5107 1512 5180 quid
1524 5109 1585 5181 spei
1599 5114 1698 5181 posset
1708 5122 1782 5165 novo

986 5204 997 5233 ι
1019 5180 1082 5252 regi
1107 5194 1268 5252 superesse,
1298 5180 1471 5237 unanimiter
1492 5181 1574 5239 tactis
1593 5179 1782 5237 sacramentis

986 5274 997 5303 ‹
1016 5258 1185 5323 juraverunt
1195 5265 1225 5307 se
1240 5250 1276 5306 de
1287 5251 1364 5307 nullo
1379 5249 1525 5306 lrarredum
1542 5249 1683 5309 lobannis
1696 5264 1782 5322 quon-

986 5345 997 5374 «
1019 5321 1085 5380 darn
1096 5322 1175 5393 regis
1194 5328 1298 5379 terram
1312 5336 1437 5394 unquam
1453 5329 1595 5392 tentur0s3
1612 5336 1680 5378 nam
1698 5323 1779 5377 istum

987 5407 1077 5520 ‹Bgon
1093 5393 1171 5537 reg)is
1186 5394 1302 5450 nornine
1315 5392 1561 5467 dignabanturht
1574 5396 1777 5466 ingoldesta-

986 5468 994 5535 t
1038 5478 1137 5528 trouxr.
