3802 6166
57 256 60 261 ’
119 264 181 325 655

120 426 362 504 ipsorumviam
370 426 432 489 luit
440 427 604 489 universae
613 427 723 490 caruis
731 427 914 504 ingressus,

121 526 155 587 et
172 523 259 586 alius
282 525 380 587 estin
400 525 692 603 archiepiscopum
712 526 920 588 Ebredunen.

122 624 323 700 assumptus,
340 624 395 700 qui
417 623 521 686 distat
534 640 593 701 per
611 623 784 686 duodecim
806 624 922 687 diaetas

122 723 155 785 et
170 722 312 799 amplius
327 722 368 783 ab
383 723 520 783 eisdem.
541 724 634 785 Unde
649 740 749 800 quum
765 722 922 801 praedicto

123 823 161 882 R.
180 821 251 882 solo
266 820 402 881 minime
423 820 588 882 arbitrare
609 822 752 893 valente,
771 821 923 882 videatur

123 918 298 980 arbitrium
323 920 508 995 expirasse,
529 919 625 981 nobis
649 919 820 981 humiliter
843 935 924 995 sup·

46 1076 49 1081 .
123 1016 259 1094 plicavit
285 1018 321 1078 ut
355 1018 436 1078 viris
465 1018 637 1089 discretis,
661 1019 717 1094 qui
741 1017 922 1079 secundum

120 1116 252 1178 arbitrii
273 1118 347 1177 acta
363 1116 521 1193 predicta
536 1117 576 1177 ad
593 1117 795 1177 decisionem
811 1132 922 1178 causae

123 1215 303 1291 procedere
329 1214 487 1285 debeant,
518 1214 664 1275 scribere
695 1214 920 1290 dignaremur.

123 1313 267 1390 Ideoque
291 1313 486 1375 discretioni
510 1319 629 1375 vestrm
650 1330 710 1391 per
732 1314 922 1391 Apostolica

14 1416 18 1421 '
122 1412 246 1488 scripta
276 1413 491 1484 nmndamus,
522 1414 702 1489 quatenus,
732 1412 760 1472 si
784 1415 835 1474 est
861 1412 920 1484 ita,

121 1525 257 1571 causam
269 1509 373 1586 ipsam
385 1513 482 1585 juxta
494 1510 684 1586 lmjusmodi
694 1512 779 1583 acta,
792 1510 922 1571 sublato

55 1688 58 1695 Ι
122 1608 357 1684 appellationis
381 1609 564 1679 obstaculo,
588 1610 653 1669 tlne
676 1606 785 1670 debito
804 1609 922 1670 termi-

121 1707 219 1777 netis,
234 1706 367 1782 optione
389 1708 499 1767 tamen
515 1706 620 1766 eidem
637 1706 782 1783 capitulo
797 1721 921 1768 secun·

123 1804 201 1865 dvrm
218 1806 406 1866 sanctiones
432 1804 596 1880 legitimas
617 1805 800 1875 reservata,
816 1806 853 1867 ut
868 1804 921 1865 vel

122 1901 287 1979 recipiant
298 1902 522 1979 depositiones
543 1918 657 1963 eorum
673 1902 730 1979 qui
743 1904 923 1978 supersunt

123 2000 356 2077 productorum
368 2000 501 2061 testium
513 2002 627 2061 contra
643 2016 711 2072 eos,
725 2001 778 2062 vel
789 2000 922 2063 eosdem

123 2101 284 2176 respuant
303 2100 339 2161 ut
359 2100 459 2162 testes
479 2100 645 2176 deponant
661 2100 780 2160 iterum
798 2114 922 2175 appro-

121 2196 252 2269 bantes,
268 2198 361 2260 salvo
383 2200 494 2259 tamen
515 2201 602 2274 jnre,
620 2198 705 2275 quod
721 2198 755 2258 in
783 2199 923 2273 utroque

121 2312 202 2359 casu
217 2297 326 2360 eidem
337 2296 482 2373 capitulo
493 2296 649 2373 competit
660 2295 726 2357 tarn
738 2296 772 2356 iu
787 2296 922 2357 testium

123 2411 295 2473 personas,
305 2410 403 2472 quam
413 2394 511 2457 dicta.
523 2394 613 2466 Quod
630 2394 659 2454 si
675 2410 741 2456 non
756 2409 921 2465 omnes...,

123 2494 188 2555 duo
202 2496 361 2564 vestrum,
378 2494 439 2553 etc.
470 2495 588 2554 Datum
605 2493 762 2554 Laterani
783 2496 802 2553 4
817 2506 923 2552 nonas

123 2592 233 2654 martii
244 2607 331 2653 anuo
347 2591 503 2652 secundo.

476 2747 574 2834 obv

237 2882 291 2939 Ad
304 2882 499 2953 apocopa-m
514 2879 810 2939 Arcreltoucnscut.

420 3003 434 3057 7
448 3008 531 3057 mart.
549 3001 629 3058 1218.

156 3116 327 3181 [Regest.,lib.
339 3118 370 3175 ΙΙ,
383 3117 457 3181 epist.
468 3116 523 3165 987.
537 3119 595 3167 bles.
611 3117 648 3167 La
662 3116 736 3165 Porta
748 3115 782 3164 du
795 3113 892 3178 absit]

190 3225 326 3297 Ejusdem
341 3225 468 3298 episcopi
483 3223 633 3283 confirmet
648 3223 856 3295 possessiones.

163 3336 342 3407 Honorius,
358 3334 434 3407 etc,
450 3333 634 3396 venerabili
653 3333 750 3395 tratri
769 3331 924 3396 burrella-

124 3451 201 3497 ueu.
218 3434 384 3511 episcopo.

162 3531 269 3595 Justis
295 3529 475 3607 petentium
503 3543 611 3602 ruspare
632 3544 643 3588 :
670 3526 847 3603 complere.
877 3527 922 3585 Ea

124 3632 269 3707 propter,
290 3627 494 3689 venerahilis
511 3627 543 3686 in
570 3626 700 3686 Christo
723 3624 836 3695 trater,
857 3622 923 3685 tuis

119 3728 221 3805 jvrstis
243 3725 395 3804 precibus
422 3725 584 3793 inclinati,
610 3724 722 3785 Sancti
750 3722 839 3784 Petri
864 3722 924 3781 vi-

122 3841 251 3897 rorum,
278 3824 391 3885 Sancti
418 3822 509 3884 Petri
537 3822 729 3883 Puellarum
757 3823 790 3882 et
809 3820 922 3880 Sancti

123 3924 212 3987 Aviti
235 3922 398 3993 abbatias,
427 3922 512 3982 sicut
533 3936 590 3981 eas
610 3922 701 3997 juste
721 3918 871 3995 possides
892 3920 924 3979 et

34 4013 38 4021 '
124 4022 248 4101 quiete,
266 4020 328 4087 tibi
349 4022 382 4081 et
403 4034 462 4095 per
483 4020 515 4080 te
535 4018 749 4079 Aurelianen.
773 4015 923 4077 ecclesiae

124 4117 524 4194 auctoritateApostolica
537 4115 783 4187 confirmamus,
800 4115 833 4175 et
843 4130 925 4191 prm·

126 4218 229 4279 sentis
243 4217 357 4293 scripti
372 4214 557 4293 patrocinio
568 4214 820 4274 communimus.
832 4212 923 4273 Nulli

122 4334 202 4395 ergo
232 4316 319 4376 banc
347 4315 502 4392 paginam
536 4313 659 4377 nostrae
694 4310 921 4373 confirmatio-

125 4416 187 4485 nis,
202 4416 264 4477 etc.
285 4413 407 4489 Siquis
423 4413 545 4483 autem,
558 4412 620 4471 ete.
635 4412 753 4473 Datum
769 4409 921 4470 Laterani

122 4512 221 4576 nonis
236 4512 347 4575 nrartii
362 4526 452 4572 anuo
468 4509 623 4571 secundo.

465 4680 583 4768 CLVI

122 4822 175 4881 Ad
196 4820 393 4881 Corrrudam
408 4818 606 4889 eptscopum
619 4813 790 4886 quondum
805 4813 925 4872 Albec-

163 4918 369 4985 sardensem,
389 4913 544 4977 abbatem
565 4914 606 4971 dc
625 4913 715 4971 Collo
736 4908 770 4972 ot·
793 4910 924 4984 anaqis-

164 5015 258 5075 lruut
273 5016 314 5076 cte
328 5015 503 5073 illorburc.

418 5126 533 5182 dullart.
551 5123 629 5181 lars.

226 5233 405 5297 [Wurdtwclm
420 5234 491 5283 Nova
504 5229 626 5285 subsidia,
639 5236 657 5279 t.
670 5228 714 5289 llt,
724 5244 749 5292 p.
765 5226 817 5291 bd]

124 5340 215 5396 Breve
229 5348 280 5407 pro
293 5329 470 5388 terminanda
486 5328 681 5388 controversie
695 5328 768 5384 inter
783 5330 925 5381 morraste·

196 5426 268 5482 rium
283 5420 533 5493 b'lbemburgense
546 5424 575 5475 et
588 5417 691 5474 ducem
710 5414 850 5473 Sexouioe.

164 5540 333 5605 Honorius
349 5537 524 5614 episcopus
537 5547 837 5595 servusiservorum
850 5530 922 5596 Dei,

127 5639 309 5707 vrrrrerabili
332 5635 428 5705 l'rotri
448 5636 483 5695 d.
500 5632 657 5711 episcopo
676 5630 841 5709 quorvdam
861 5627 923 5693 Al-

740 268 915 331 IiONORlI
938 269 983 331 ΙΙΙ
1005 270 1153 333 OPERA.

1718 273 1774 333 otri

976 428 1195 504 berstadensi,
1219 430 1331 493 abbati
1345 430 1386 494 de
1406 432 1497 494 Cella
1517 431 1552 494 et
1571 430 1693 493 dilecto
1710 430 1775 493 filio

978 528 1137 603 magistro
1156 529 1307 591 Conrado
1329 530 1369 590 de
1391 530 1547 591 btarburc
1567 529 1775 606 praedicatori

978 628 1161 702 maguntin.
1187 629 1220 690 et
1250 628 1409 689 Misnens.
1431 628 1543 701 dioec.,
1576 627 1720 689 salutem
1746 630 1776 688 ot

977 724 1194 799 apostolicam
1208 724 1487 788 benedictionem.

1018 825 1066 883 Ex
1079 826 1173 900 parte
1186 822 1316 884 abbatis
1329 826 1363 885 et
1382 825 1566 885 conventus
1584 823 1776 884 monasterii

977 920 1274 997 Nihemburgeusis
1289 922 1351 984 luit
1366 922 1572 999 propositum
1588 936 1702 982 coram
1719 938 1777 981 no·

977 1018 1028 1079 bis
1044 1019 1130 1096 quod
1145 1035 1246 1096 quum
1260 1019 1366 1081 lelicis
1381 1019 1550 1080 memoriae
1564 1020 1776 1079 Innocentius

978 1132 1063 1193 papa
1092 1117 1319 1194 praedecessor
1343 1120 1456 1179 noster
1480 1133 1540 1194 pro
1563 1133 1680 1187 causa,
1708 1134 1777 1194 quae

978 1214 1187 1292 interipsum
1209 1216 1448 1276 monasterium
1469 1232 1512 1275 ex
1536 1216 1633 1291 parte
1657 1230 1725 1275 uua
1747 1216 1777 1275 et

977 1311 1105 1374 nobiles
1127 1313 1217 1373 viros
1232 1312 1348 1373 ducem
1371 1313 1525 1374 Saxoniae
1542 1328 1582 1373 ac
1598 1312 1777 1373 Henricum

977 1410 1130 1471 comitem
1151 1412 1304 1472 Ascaniae
1320 1410 1455 1472 tratrem
1471 1413 1543 1488 ejus
1566 1410 1704 1471 dioeces.
1722 1410 1778 1470 Al-

976 1505 1120 1569 berstad.
1150 1524 1194 1568 ex
1219 1508 1336 1581 altera,
1366 1524 1467 1585 super
1494 1507 1635 1579 mansis
1664 1507 1775 1583 sylvis,

977 1606 1122 1683 pascuis
1139 1606 1234 1683 equis
1251 1608 1285 1668 et
1305 1606 1381 1667 eliis
1403 1604 1605 1667 animalibus
1623 1620 1665 1665 ac
1687 1605 1778 1665 dam-

978 1703 1030 1764 uls
1045 1704 1079 1764 et
1102 1703 1236 1781 injuriis
1251 1703 1293 1764 ab
1308 1704 1433 1764 eisdem
1454 1720 1497 1764 ex
1515 1704 1611 1779 parte
1632 1703 1778 1779 ipsorum

978 1800 1064 1862 dicto
1086 1802 1289 1863 monasterio
1304 1801 1462 1877 irrogatis
1477 1801 1632 1861 noscitur
1646 1801 1777 1875 agitari,

977 1916 1077 1975 (qurum
1100 1899 1369 1973 Merseburaensi
1397 1899 1552 1975 episcopo
1572 1900 1605 1959 et
1627 1899 1779 1975 conjudi-

977 1995 1070 2057 cibus
1090 1998 1160 2057 suis
1175 1997 1352 2059 direxisset
1374 1997 1500 2073 pluries
1522 1996 1648 2071 scripta
1669 1998 1780 2057 suaet

977 2095 1093 2156 eadem
1108 2094 1314 2172 nequivisset
1327 2095 1502 2156 terminari
1517 2110 1577 2171 per
1600 2094 1707 2171 ipsos,
1722 2110 1780 2154 neo

977 2194 1169 2269 speraretur
1195 2193 1229 2253 in
1256 2197 1422 2270 posterum
1449 2192 1674 2264 terminanda,
1697 2193 1780 2252 sicut

978 2292 1064 2352 idem
1088 2292 1263 2368 episcopus
1289 2292 1359 2351 suis
1387 2293 1420 2352 et
1445 2291 1566 2352 litteris
1600 2290 1777 2353 intimavit,

977 2390 1049 2465 ipse
1074 2390 1190 2451 nolens
1214 2389 1404 2467 huiusmodi
1424 2388 1515 2451 litem
1542 2389 1691 2450 existere
1720 2389 1779 2447 im-

978 2487 1161 2559 mortalem,
1190 2486 1373 2548 venerabili
1394 2484 1491 2547 iratri
1518 2489 1634 2546 nostro
1663 2483 1778 2546 Alber-

978 2585 1104 2646 staden.
1135 2585 1289 2662 episcopo
1325 2586 1358 2645 et
1395 2583 1533 2659 collegis
1566 2583 1675 2659 ipsius
1711 2584 1776 2641 suis

978 2683 1068 2745 dedit
1091 2683 1212 2746 litteris
1231 2683 1266 2743 iu
1286 2682 1461 2753 mandatis,
1487 2684 1522 2742 ut
1545 2682 1680 2758 utrique
1697 2681 1778 2757 parti

979 2782 1120 2843 tirmiter
1134 2785 1206 2858 ejus
1221 2781 1419 2842 avictoritate
1434 2781 1662 2857 injungerent,
1686 2781 1723 2841 ut
1745 2780 1776 2839 lu

977 2879 1111 2940 Octavis
1135 2878 1328 2955 Epiplraniae
1353 2878 1514 2955 proximae
1546 2879 1624 2938 tunc
1647 2876 1775 2946 suturis,

978 2993 1060 3054 quas
1075 2977 1124 3037 eis
1146 2975 1404 3053 peremptorium
1426 2974 1622 3049 assignavit,
1648 2976 1778 3051 propter

979 3075 1041 3135 boc
1064 3076 1296 3157 procuratores
1315 3073 1452 3134 idoneos
1467 3073 1507 3133 ad
1528 3076 1602 3150 ejus
1628 3088 1775 3149 praeseu-

978 3174 1058 3234 tiam
1073 3172 1280 3233 destinarent
1294 3172 1329 3232 in
1344 3172 1476 3245 negotio
1493 3171 1577 3246 ipso,
1598 3170 1776 3231 secundum

979 3271 1063 3349 quod
1091 3271 1179 3347 juris
1210 3269 1290 3331 ordo
1323 3269 1509 3347 requireret
1544 3284 1774 3345 processuros;

978 3369 1126 3446 alioquin
1156 3370 1298 3429 extunc
1326 3368 1396 3443 ipse
1424 3366 1658 3437 nibilominus,
1686 3366 1776 3443 prout

978 3468 1128 3541 exigeret
1145 3466 1243 3538 ratio,
1266 3465 1459 3543 procederet
1480 3464 1514 3525 in
1534 3465 1664 3525 eodem.
1692 3464 1774 3524 Licet

978 3567 1088 3627 autem
1108 3564 1265 3641 praesatus
1288 3564 1462 3640 episcopus
1486 3563 1520 3623 et
1543 3565 1617 3639 ejus
1645 3562 1774 3635 collega

978 3664 1065 3724 dicto
1086 3663 1198 3725 comiti
1220 3662 1397 3723 terminum
1419 3661 1619 3722 auctoritato
1641 3662 1775 3737 Aposto-

979 3762 1043 3823 lica
1059 3761 1263 3837 praefixerint
1278 3774 1377 3836 supra
1392 3759 1561 3834 scriptum,
1584 3759 1657 3834 ipse
1672 3760 1772 3820 tamen

978 3856 1772 3937 procuratoremquiprocederepossetincauso,

978 3958 1109 4018 mittere
1125 3973 1192 4018 non
1202 3956 1342 4026 cvrravit,
1355 3957 1571 4031 procuratore
1587 3954 1697 4031 ipsius
1711 3972 1773 4014 nno

979 4055 1117 4117 nasterii
1130 4071 1195 4115 non
1207 4053 1332 4130 absque
1345 4053 1508 4113 laboreac
1518 4054 1681 4128 expensis
1695 4048 1771 4128 apud

978 4149 1770 4229 apostolicamSedemdiutiusexpectant03quiu

979 4253 1044 4314 imo
1061 4252 1233 4328 postquam
1244 4248 1351 4309 dictus
1362 4249 1524 4309 terminus
1539 4248 1605 4307 sibi
1617 4248 1680 4310 suit
1696 4264 1772 4325 pra·

979 4354 1065 4411 tinus
1089 4347 1230 4419 abillis,
1258 4349 1325 4408 tam
1350 4346 1420 4423 ipse
1438 4362 1561 4416 comes,
1592 4363 1693 4422 quam
1713 4346 1770 4404 dux

980 4448 1167 4524 praedictus
1182 4460 1301 4521 graves
1316 4444 1422 4505 eidem
1445 4445 1652 4505 monasterio
1670 4442 1770 4506 intulit

978 4546 1119 4621 iujurias
1132 4547 1165 4606 et
1174 4546 1334 4621 jacturas.
1360 4542 1454 4603 Unde
1474 4540 1571 4602 nobis
1586 4541 1650 4603 suit
1665 4541 1767 4602 bumi-

978 4645 1056 4705 liter
1070 4642 1301 4720 supplicatum,
1325 4642 1361 4700 ut
1376 4656 1450 4699 cum
1465 4639 1590 4700 dictum
1607 4644 1767 4701 monaste-

978 4743 1065 4803 rium
1084 4744 1155 4818 jam
1184 4739 1254 4799 sere
1283 4754 1343 4798 sex
1378 4737 1476 4798 arinis
1501 4753 1562 4813 pro
1590 4734 1768 4814 hujusmodi

980 4840 1112 4913 negotio
1128 4837 1302 4907 laboravit,
1327 4837 1359 4897 et
1374 4836 1508 4912 propter
1521 4836 1703 4912 potentiam
1720 4850 1769 4895 no·

978 4938 1094 4997 billum
1117 4936 1351 5014 praedictorum
1367 4933 1451 4993 nibil
1469 4933 1605 4993 omuino
1631 4935 1768 5010 proiece-

979 5038 1023 5097 rit
1046 5034 1219 5110 fatigatum
1242 5031 1411 5093 laboribus
1433 5032 1466 5092 et
1485 5032 1656 5106 expensis,
1682 5042 1768 5107 super

979 5136 1041 5195 lum
1064 5133 1128 5209 ipsi
1154 5134 1317 5208 praeterea
1347 5130 1522 5206 providere
1554 5128 1767 5189 sollicitudine

978 5233 1204 5307 dignaremur.
1220 5231 1324 5300 Quum
1339 5229 1441 5303 igitur
1452 5225 1560 5286 eidem
1577 5224 1769 5287 monasterio

978 5331 1011 5389 in
1028 5344 1088 5390 sua
1104 5326 1362 5403 deessejustitia
1385 5340 1451 5385 non
1471 5324 1626 5396 velimus,
1654 5325 1769 5383 discre-

978 5428 1060 5490 tioni
1077 5428 1196 5487 vestrae
1213 5442 1271 5501 per
1290 5422 1479 5500 apostolica
1494 5421 1620 5498 scripta
1636 5421 1767 5482 nrauda·

979 5542 1063 5592 mus,
1088 5527 1251 5602 quatenus
1268 5522 1372 5582 dictos
1392 5519 1532 5587 nobiles,
1559 5524 1595 5581 ut
1610 5519 1695 5580 inlca
1713 5520 1770 5579 tres

978 5640 1109 5687 aienses
1123 5624 1196 5701 post
1211 5621 1326 5699 prunas
1340 5618 1507 5680 ributionis
1522 5618 1667 5681 edictum
1683 5618 1770 5695 pusi-
