3802 6166
131 312 191 371 hat
608 306 787 372 heh'ouh
807 311 856 371 lh
877 304 1312 377 oraha-saltatoriis.
1714 309 1771 372 164

126 466 262 527 retorsit
283 462 416 541 cumam
444 464 478 525 iu
509 462 682 529 mulierem
710 468 744 529 ει
761 466 797 529 ιιι
822 468 927 527 Crea-
980 478 1244 535 commemorare,
1256 461 1291 523 et
1302 461 1471 523 licentiam
1486 464 1694 540 percutiendi
1709 483 1773 530 nos

123 562 256 623 toreio:
282 564 420 635 Μιιιιιϊ,
457 578 560 637 priam
594 566 719 627 (tedisii
748 564 833 625 mihi
860 578 922 623 so-
978 577 1135 639 quaerere.
1153 560 1211 621 Vel
1229 559 1351 622 dicitur
1365 576 1534 634 accusare,
1552 563 1648 636 idest,
1666 580 1773 627 accu-

122 660 250 719 ehuu...
278 656 375 735 (Gen.
401 676 450 733 ιιι,
479 659 542 739 12).
567 664 613 723 hc
638 661 666 721 si
698 660 845 722 diceret=
872 660 921 718 Tu
975 656 1097 717 sabiles
1115 655 1340 728 nosreddere,
1357 658 1490 735 quando
1508 660 1597 719 enim
1615 677 1674 736 per
1689 678 1772 737 per-

123 754 248 815 malum
279 757 401 830 iocish,
432 759 487 835 qui
510 758 683 819 mulierem
714 756 834 826 fecisti,
863 754 921 831 qui
973 752 1163 813 suasionem
1197 756 1271 831 ejus
1311 771 1507 832 peccamus;
1542 758 1771 833 accusabiles,

123 850 297 915 nutritorem
330 854 461 916 dedisti.
493 856 533 916 Et
559 857 639 917 tunc
670 852 811 929 denique
846 850 918 911 dies
972 846 1068 918 idest,
1095 848 1186 925 digni
1207 866 1321 911 sumus
1343 853 1565 914 accusatione.
1591 854 1654 914 Sed
1671 871 1774 917 accu-

123 950 303 1013 declinasit
316 952 352 1013 in
366 968 550 1029 uesperam,
567 952 646 1029 quia
664 951 804 1014 veritate
818 948 919 1010 dante
973 946 1064 1008 sator
1084 947 1269 1023 projicitur,
1292 950 1422 1026 quando
1445 950 1596 1013 diabolus
1616 968 1691 1013 cum
1711 970 1771 1016 sua

123 1050 333 1115 seutentiam.
350 1049 391 1111 de
407 1050 528 1127 gaudio
546 1050 711 1127 projectus
734 1048 784 1110 est
797 1047 833 1108 in
848 1062 920 1124 poe-
972 1044 1155 1106 tentatione
1168 1047 1401 1119 contemnitur,
1417 1050 1449 1109 et
1463 1048 1541 1110 inde
1561 1049 1598 1110 iit
1611 1050 1772 1124 gaudium

123 1145 273 1207 nitentia
299 1146 436 1209 luctum.
468 1148 508 1209 m
536 1146 694 1223 quoniam
719 1144 771 1206 ira
797 1142 860 1204 tuit
881 1142 918 1203 in
972 1140 1007 1201 iu
1034 1143 1119 1204 coelo
1139 1159 1252 1205 coram
1279 1146 1409 1221 angelis
1440 1147 1511 1218 Dei,
1536 1148 1591 1224 qui
1615 1148 1773 1210 dicuntur

122 1245 351 1321 indignatione
366 1250 449 1324 ejus,
473 1243 520 1305 sic
539 1245 741 1321 temperatus
759 1240 919 1314 estetsi
972 1238 1092 1301 iratres
1114 1242 1219 1304 nostri
1235 1245 1377 1320 quatuor
1390 1244 1431 1305 de
1445 1245 1556 1306 causis
1573 1268 1580 1305 :
1602 1262 1663 1323 per
1675 1246 1774 1309 coha-

123 1344 164 1407 ad
185 1359 359 1420 uesperum
379 1340 603 1403 demorabitur
617 1342 714 1403 fletus
735 1343 768 1402 et
784 1339 825 1401 ad
841 1355 918 1401 ma·
972 1336 1178 1405 bitationem,
1199 1355 1260 1417 per
1278 1344 1407 1401 naturae
1428 1341 1692 1415 similitudinem,
1714 1360 1775 1421 per

123 1442 264 1505 tutimun
275 1440 400 1505 laetitia,
413 1438 508 1508 idest,
523 1440 558 1500 in
569 1438 760 1517 diejudicii,
773 1437 916 1516 quando,
972 1433 1226 1510 fraternitatem,
1247 1454 1307 1515 per
1321 1438 1602 1501 cohaereditatem.
1621 1446 1696 1503 Per
1716 1458 1773 1504 co-

122 1539 194 1601 sole
207 1538 347 1609 oriente,
364 1536 435 1597 dies
454 1537 606 1614 persenit
629 1536 670 1598 ad
686 1536 868 1613 meridiem,
887 1535 919 1597 et
972 1534 1226 1607 habitationem,
1243 1537 1321 1614 piria
1335 1540 1368 1598 et
1383 1537 1555 1599 nobiscum
1568 1538 1723 1601 habitant
1737 1540 1771 1601 iu

121 1636 215 1697 ειειιε
229 1634 277 1695 lbi
295 1650 361 1696 non
374 1634 488 1698 tendet
501 1635 542 1696 ad
569 1634 784 1706 occidentem,
801 1636 834 1696 et
848 1632 920 1694 iac·
973 1630 1036 1692 hoc
1057 1633 1190 1703 mundo,
1207 1635 1240 1695 et
1259 1634 1294 1694 in
1316 1634 1427 1695 tuturo
1447 1635 1616 1698 nobiscum
1638 1636 1774 1699 habita-

121 1735 190 1794 tum
210 1732 276 1793 erit
295 1748 433 1810 vespere
454 1735 487 1794 et
506 1748 603 1794 mane
619 1731 691 1794 dies
714 1749 813 1804 unus,
841 1730 919 1808 quia
973 1729 1054 1791 bunt
1079 1729 1113 1790 iu
1141 1731 1238 1792 coelo.
1263 1732 1443 1793 Nobiscum
1472 1733 1624 1795 habitant
1650 1735 1686 1794 in
1709 1734 1773 1796 hoc

121 1829 381 1893 consolationem
405 1831 563 1893 aeternam
585 1830 734 1893 inveniet
753 1829 789 1892 in
811 1828 921 1907 poeni-
973 1828 1107 1897 mundo,
1119 1830 1342 1892 custodientes
1358 1847 1452 1893 nosa
1469 1832 1627 1908 periculis
1640 1832 1674 1893 et
1689 1847 1771 1909 pec-

122 1928 236 1994 tentiae
250 1928 387 1990 luctum.
974 1927 1067 1988 catis.
1088 1927 1182 1989 Unde
1196 1928 1300 1989 David
1317 1945 1325 1983 :
1341 1934 1479 2006 ,hepatis
1496 1934 1571 1991 suis
1592 1930 1773 1991 ιιιειιιιαειι

161 2028 354 2090 Admiratur
388 2027 554 2104 Propheta
589 2025 783 2102 dignitatem
819 2040 918 2103 quam
973 2028 1015 2086 dc
1036 2026 1080 2097 tc,
1100 2026 1139 2086 ut
1158 2027 1409 2088 custodientia
1428 2031 1585 2089 oiiiuibus
1610 2031 1677 2089 ciis
1704 2029 1775 2089 tais

123 2126 241 2191 hahuit
255 2126 417 2197 diabolus,
434 2127 468 2187 et
482 2123 699 2202 perditionem
716 2140 814 2202 quam
828 2123 920 2184 inve·
974 2120 1045 2201 (Ps.
1057 2125 1108 2195 90,
1123 2122 1187 2202 11).

123 2228 175 2291 nit
190 2224 463 2305 persuperbiam,
480 2223 513 2285 et
527 2223 601 2284 ideo
617 2223 715 2284 vocat
730 2238 806 2283 eum
821 2221 921 2282 Luci·
1014 2220 1193 2282 Nobiscum
1226 2220 1422 2284 babitabant
1455 2223 1491 2283 in
1522 2221 1649 2295 futuro,
1687 2223 1775 2285 sicut

126 2328 244 2398 lerum,
261 2324 337 2402 quia
353 2321 440 2383 sicut
458 2320 593 2382 Lucifer
605 2320 729 2382 clarior
747 2321 798 2381 est
812 2319 921 2382 omni·
974 2318 1133 2395 scriptum
1157 2320 1206 2381 est
1227 2319 1263 2379 in
1287 2320 1467 2395 Evangelio
1488 2341 1496 2381 ε
1519 2325 1562 2381 ht
1585 2336 1773 2382 sesamae-

126 2425 187 2487 bus
200 2422 317 2492 stellis,
330 2420 376 2481 ita
389 2420 460 2496 ipse
470 2419 532 2480 suit
541 2418 759 2481 excellentior
768 2416 920 2479 omnibus
975 2417 1067 2477 tione
1089 2431 1199 2492 licque
1223 2418 1349 2479 ιιιιιιειιι
1372 2433 1481 2492 raeque
1499 2420 1684 2491 audeatur,
1712 2421 1777 2480 scd

126 2520 267 2597 angelis,
295 2519 328 2579 et
355 2532 454 2578 mane
482 2516 661 2589 oriebatur,
688 2515 786 2587 idest,
813 2515 920 2592 primo
974 2515 1078 2576 circat
1098 2515 1187 2576 sicat
1201 2519 1315 2591 attacti
1336 2518 1400 2577 Dei
1414 2519 1450 2576 iu
1465 2522 1547 2577 coeio
1572 2514 1690 2595 (hiare.
1711 2532 1775 2584 xu,

124 2619 276 2682 conditus
291 2616 352 2689 est,
369 2614 455 2677 sicut
468 2630 528 2692 per
548 2612 753 2675 Ezechielem
777 2610 921 2689 prophe·
974 2611 1040 2690 25).
1061 2617 1135 2675 Per
1157 2615 1295 2674 laetiore
1312 2615 1584 2686 similitudinem,
1609 2614 1688 2691 quia
1710 2615 1776 2691 spi·

124 2720 193 2779 tam
216 2714 360 2775 dicitur:
385 2716 433 2773 Τιι
451 2714 666 2787 sipaactdum
683 2711 922 2772 similitudinis
975 2709 1058 2770 ritus
1077 2711 1270 2786 angelorum
1286 2712 1318 2772 ει
1336 2711 1472 2787 εριιιιιιε
1492 2711 1663 2773 ιιοιιιιιιιιιιι
1682 2714 1776 2789 ejus-

122 2810 428 2891 plcnassaptentia
440 2810 474 2870 et
487 2809 794 2884 persectasdecore
807 2810 843 2867 iu
857 2810 920 2867 de·
975 2807 1049 2868 dem
1071 2811 1199 2870 naturae
1220 2811 1253 2870 et
1274 2809 1420 2885 ejusdem
1435 2809 1664 2870 similitudinis
1684 2812 1773 2872 sunt.

123 2915 212 2974 liciis
221 2911 379 2985 paradisi
388 2910 453 2969 Dei
464 2907 562 2981 Ῑιιιειι·
573 2905 704 2985 (Ezech.
716 2920 837 2977 xxvm,
855 2902 919 2982 12).
977 2904 1070 2966 Unde
1082 2906 1185 2967 David
1197 2907 1232 2966 in
1245 2906 1371 2982 psalmo
1385 2928 1393 2966 :
1407 2908 1567 2968 hliauisii
1580 2922 1661 2969 ειιιιι
1671 2913 1778 2982 pardo

126 3010 221 3071 Unde
231 3004 422 3075 notandum,
434 3004 519 3082 quod
532 3020 599 3065 uon
613 3003 654 3065 ad
670 3002 921 3064 similitudinem
975 3006 1092 3064 mittas
1116 3006 1158 3065 ab
1181 3008 1312 3078 oppetis
1332 3002 1401 3083 (Ps.
1426 3006 1457 3076 8,
1473 3003 1519 3083 6).
1544 3006 1634 3066 Ι)ειιε
1657 3005 1778 3067 minuit

126 3107 187 3169 ltei
211 3106 330 3175 iactura,
364 3103 421 3165 sed
448 3101 656 3179 signaculum
694 3098 921 3162 similitudinis
976 3101 1143 3161 hominem
1156 3102 1256 3179 paulo
1269 3103 1378 3163 minas
1392 3103 1433 3163 ab
1445 3104 1588 3179 augelis,
1602 3105 1681 3183 quia
1692 3119 1779 3165 mor·

127 3204 260 3275 dicitur,
275 3202 311 3263 ut
325 3218 389 3280 quo
403 3200 437 3260 in
451 3217 490 3262 eo
503 3199 657 3261 subtilior
670 3201 721 3261 est
734 3200 865 3269 natura,
880 3213 921 3259 eo
975 3199 1035 3259 tali
1051 3215 1189 3275 corpore
1205 3200 1338 3261 vestivit
1353 3200 1459 3272 illum,
1477 3202 1563 3279 quod
1583 3201 1694 3277 angeli
1710 3216 1776 3262 non

126 3303 255 3364 nullum
285 3299 427 3360 similius
456 3298 656 3369 insinuetur,
683 3313 782 3375 quam
812 3296 922 3369 imago
976 3296 1109 3358 hahent.
1131 3298 1215 3357 Nam
1231 3298 1281 3358 illi
1296 3300 1373 3359 sunt
1394 3299 1612 3371 immortales,
1636 3299 1696 3359 sed
1721 3299 1776 3360 isti

126 3401 185 3462 Dei
202 3412 372 3476 expressa.
390 3397 484 3458 Unde
505 3395 678 3457 subditur:
702 3397 819 3457 Omnis
835 3398 923 3468 lapis
977 3395 1149 3469 mortales,
1179 3395 1230 3455 illi
1259 3397 1336 3458 sunt
1364 3396 1603 3474 impassibiles,
1633 3397 1691 3458 sed
1720 3396 1777 3457 isti

123 3498 299 3575 pretiosas
314 3494 676 3570 opertinentmntuum
690 3490 787 3571 (lbid.
807 3493 868 3567 13).
883 3492 923 3551 nt
976 3492 1167 3570 passibiles;
1193 3493 1243 3554 illi
1267 3493 1372 3565 beati,
1403 3494 1461 3555 sed
1491 3494 1545 3556 isti
1569 3494 1703 3569 miseri;
1726 3495 1777 3555 illi

125 3595 211 3657 sicut
236 3592 405 3670 Scriptura
423 3592 587 3653 testatur:
611 3594 689 3664 lpse
710 3593 923 3666 pritwipium
975 3590 1194 3668 triumphant,
1211 3591 1268 3652 sed
1285 3592 1340 3653 isli
1353 3592 1508 3655 militant.
1525 3595 1610 3669 Ergo
1625 3592 1683 3670 qui
1698 3594 1778 3654 tunc

125 3696 277 3762 aiamim,
295 3690 392 3760 idest,
405 3689 570 3750 actionum
582 3687 652 3759 Dei,
664 3687 820 3765 quoniam
835 3688 922 3746 Deus
976 3688 1086 3749 minor
1108 3689 1236 3749 eratin
1256 3681 1358 3765 reguo
1378 3690 1547 3762 ooelomm,
1575 3693 1683 3768 major
1705 3690 1779 3752 erat

126 3805 194 3851 non
210 3789 295 3850 alias
308 3786 479 3848 creaturas
495 3788 573 3845 aute
587 3800 664 3845 eum
674 3783 831 3845 condidit.
849 3785 922 3859 lpse
975 3788 1104 3849 loanne
1135 3787 1282 3863 Baptista
1316 3803 1376 3863 per
1410 3787 1668 3860 fraternitatem,
1699 3789 1777 3865 quia

125 3888 233 3952 voluit
253 3887 288 3947 in
310 3886 429 3946 coelum
451 3883 642 3954 ascendere,
661 3882 746 3943 idest
763 3880 923 3943 divinita·
977 3885 1076 3945 Pater
1096 3900 1182 3944 ιιιιιιε
1203 3885 1350 3945 οιιιιιιιιιιι
1373 3888 1559 3946 ιιοειιοιιιιιι
1587 3887 1621 3947 ει
1642 3886 1777 3947 illoram

126 3986 193 4048 tem
209 3984 269 4045 Dei
283 3982 417 4044 habere.
438 3984 503 4042 Per
523 3981 642 4041 caelum
658 3978 856 4054 intelligitur
870 3978 923 4039 di·
976 3982 1035 4043 est.
1053 3984 1091 4042 lit
1105 3983 1180 4043 ideo
1194 3998 1254 4042 uos
1267 3983 1299 4044 et
1310 3982 1359 4043 illi
1371 3983 1431 4043 Dei
1443 3982 1503 4043 tilii
1513 3982 1634 4044 iratres
1650 3999 1775 4045 sumus.

125 4084 250 4145 vinitas
265 4081 386 4149 Patris,
403 4079 490 4140 unde
504 4082 519 4139 Ι
522 4078 630 4139 iavid:
647 4081 675 4138 Α
689 4091 826 4140 ειιιιιιιιο
839 4081 922 4139 coeto
976 4082 1022 4140 De
1046 4078 1114 4140 illis
1133 4095 1275 4156 namque
1300 4079 1424 4141 dicitur
1444 4080 1479 4140 in
1493 4080 1555 4143 Job
1572 4102 1579 4140 :
1603 4081 1778 4143 renonent

127 4184 279 4258 epressto
301 4183 376 4252 ejas
400 4176 469 4256 (Ps.
497 4178 545 4250 18,
573 4175 620 4256 7),
643 4175 739 4244 idest,
765 4175 921 4237 nativitas
975 4179 1038 4249 litii
1069 4180 1149 4248 Dei,
1179 4178 1217 4237 ut
1248 4180 1453 4239 assisterent
1483 4194 1604 4240 coram
1630 4183 1779 4240 haitaina

129 4278 192 4339 tilii
203 4277 263 4340 Dei
278 4280 329 4338 est
342 4277 383 4338 de
398 4276 508 4337 Patre.
977 4271 1062 4351 (lob.
1080 4291 1102 4345 1,
1119 4274 1164 4352 6).
1194 4276 1367 4337 Venerunt
1387 4292 1407 4337 a
1422 4276 1608 4338 ministerio
1630 4277 1673 4337 ad
1689 4276 1774 4354 quod

166 4378 241 4453 lpse
256 4373 362 4437 soluit
377 4389 476 4451 super
497 4371 588 4433 astra
603 4371 662 4433 Dei
685 4387 781 4432 suum
801 4371 921 4433 solium
976 4371 1177 4447 deputantur
1209 4374 1344 4450 propter
1377 4373 1517 4433 salutem
1546 4375 1710 4445 nostram,
1740 4375 1777 4435 nt

125 4474 289 4545 exaltare,
316 4473 413 4543 idest,
439 4472 634 4549 potestatem
658 4469 782 4531 habere
810 4470 919 4547 impe·
976 4469 1171 4529 assisterent
1184 4484 1297 4529 coram
1312 4468 1451 4530 Domino
1466 4469 1507 4529 ad
1525 4469 1729 4531 laudandum
1743 4470 1776 4531 et

123 4572 220 4634 randi
235 4571 376 4648 angelis,
393 4570 479 4630 sicut
493 4571 593 4629 Deus.
617 4567 730 4629 Voluit
746 4568 862 4628 sedere
886 4567 920 4627 in
975 4566 1247 4628 benedicendum.
1264 4569 1311 4627 Ι)ε
1326 4566 1422 4627 nobis
1439 4566 1560 4628 dicitnr
1574 4567 1610 4627 in
1625 4567 1773 4643 psalmo:

125 4672 236 4731 monte
256 4666 458 4739 testamenti,
480 4665 577 4735 idest,
594 4663 747 4741 judicare
766 4664 920 4740 judiciali
975 4669 1047 4740 Epo
1062 4668 1139 4725 dici
1151 4682 1162 4724 .·
1176 4668 1234 4725 hit
1255 4665 1350 4736 estis,
1366 4667 1400 4726 et
1419 4666 1481 4736 titii
1495 4668 1634 4728 Eacctsi
1657 4680 1776 4727 οιιιιιεε

124 4768 296 4846 potestate.
315 4768 385 4828 Hoc
408 4763 505 4825 modo
529 4761 691 4839 pugnavit
704 4760 867 4834 diabolus,
888 4763 922 4824 et
974 4766 1129 4824 amictu-cs
1144 4760 1254 4840 (ioan.
1268 4779 1302 4833 x,
1318 4760 1383 4841 34).
1413 4765 1477 4824 Ρει·
1491 4762 1775 4835 cohaereditatem,

123 4867 244 4927 multos
260 4865 323 4925 sibi
338 4863 476 4941 angelos
490 4860 641 4932 sociauit,
657 4859 713 4921 sed
724 4876 799 4921 cum
812 4860 921 4921 omni·
975 4860 1052 4937 quia
1067 4861 1101 4920 in
1117 4860 1245 4920 coelesti
1269 4859 1463 4921 haereditate
1481 4861 1607 4921 tantam
1633 4860 1775 4937 gloriam

123 4963 187 5024 bus
201 4963 242 5023 de
262 4961 345 5022 coelo
359 4976 419 5037 per
432 4958 630 5021 Michaelem
646 4957 678 5019 et
693 4957 829 5032 angelos
847 4959 921 5035 ejus
975 4957 1109 5019 habebit
1134 4957 1248 5029 laomo,
1270 4958 1426 5034 quantam
1445 4960 1479 5019 et
1498 4957 1639 5033 angelus
1663 4957 1775 5020 habet.

124 5059 269 5137 dejectas
284 5060 345 5119 est.
366 5057 460 5120 Unde
477 5056 589 5134 angeli
608 5055 775 5117 dicuntia
795 5057 921 5132 Apoca·
975 5054 1069 5117 Unde
1079 5055 1238 5116 Dominus
1248 5055 1283 5115 iu
1293 5055 1671 5131 Evangelio:AEouatca
1680 5059 1775 5118 enim

123 5158 235 5236 lypsi:
263 5155 445 5228 Proiectus
475 5156 528 5216 est
559 5154 741 5216 aectaator
765 5153 920 5227 habeam
973 5154 1202 5230 appetissent
1216 5151 1310 5231 (Luc.
1326 5168 1384 5224 xx,
1403 5150 1470 5231 36),
1487 5153 1520 5215 ει
1535 5158 1611 5215 sunt
1625 5152 1687 5217 tilii
1702 5154 1774 5225 Dei,

123 5255 337 5325 nostrorum,
357 5256 416 5326 pat
432 5252 613 5314 accusabat
626 5254 700 5313 iilos
715 5251 798 5313 anic
814 5264 919 5313 cons-
975 5267 1050 5314 cum
1064 5251 1132 5313 sint
1147 5251 1208 5312 hlii
1223 5251 1491 5314 resurrectionis.
1519 5252 1560 5313 Et
1574 5250 1649 5313 ideo
1663 5250 1751 5315 dixit
1765 5273 1776 5313 ι

120 5353 260 5431 pectilia
280 5353 344 5412 Dei
357 5351 470 5412 nostri
485 5352 540 5411 die
554 5364 596 5411 ac
610 5349 720 5421 nocte,
734 5348 769 5410 ει
784 5350 853 5425 ipsi
865 5352 921 5411 vi·
975 5351 1052 5411 sunt
1066 5349 1224 5427 aeqaales.

123 5450 246 5512 certent
291 5463 369 5510 ειιιιι
401 5447 548 5523 propter
583 5448 791 5524 sanquinem
828 5449 920 5525 Aoni
1014 5446 1159 5509 Verbum
1180 5447 1356 5526 praesentis
1370 5447 1530 5524 temporis
1545 5445 1684 5523 protulit
1704 5445 1777 5511 sive

124 5544 241 5629 (hpoc.
263 5562 325 5619 xu,
343 5544 407 5625 10).
423 5542 581 5606 Diabolus
596 5542 718 5606 dicitur
731 5546 916 5618 accusator,
974 5545 1085 5624 posuit
1098 5546 1327 5622 Evangelium,
1352 5546 1430 5623 quia
1446 5543 1534 5622 quod
1549 5542 1698 5606 niumm
1712 5545 1776 5617 est,

124 5646 203 5725 quia
217 5660 285 5707 aon
303 5641 426 5705 desinit
438 5641 554 5719 culpas
572 5640 703 5704 nostras
719 5641 798 5705 ante
814 5643 919 5704 Deum
973 5644 1009 5707 in
1032 5643 1212 5723 presentia
1238 5642 1300 5707 Dei
1321 5645 1392 5721 jam
1416 5642 1542 5706 iactum
1555 5640 1617 5705 est.
1637 5640 1688 5705 ad
1711 5641 1776 5705 boc
