3794 6166
1609 278 1612 283 ’
1716 286 1778 347 368

588 242 764 345 aosomr
788 282 833 345 ιιι
854 283 1003 345 orani.
1020 312 1058 335 -,
1074 282 1311 347 annuemus,

126 282 187 343 3⁰7

126 438 249 502 dicitur
263 454 300 504 se
320 455 395 507 esse
416 439 518 503 sltem
533 457 659 514 seram,
682 440 770 505 sicut
782 441 924 505 audistis
977 438 1175 505 vinclorum.
1197 442 1262 505 Sed
1286 441 1364 521 qula
1385 440 1511 505 occldls
1536 440 1721 521 Prophetas
1741 444 1778 507 et

126 539 161 602 in
182 539 246 601 hoc
261 538 434 616 evangelio
454 539 561 601 :Vitis
584 556 664 602 vera
682 541 848 603 veraciter
862 540 925 604 luit
976 534 1152 603 bominum
1182 540 1432 618 prophetarum,
1464 539 1653 619 demergam
1679 544 1712 605 te
1740 542 1776 604 in

126 638 288 709 Christus,
305 638 382 715 quia
398 636 477 700 lecit
490 637 612 700 bonum
627 640 754 711 vinum,
769 655 835 700 non
851 655 923 701 ace-
977 638 1156 700 internum.
1169 639 1367 710 Jerusalem,
1381 638 1544 701 honoravi
1556 642 1589 701 te
1604 640 1727 717 templo
1742 642 1777 703 ot

126 738 207 809 tum,
223 736 308 797 sicut
322 734 445 810 legitur
459 736 495 797 in
509 738 702 813 Evarigelio,
716 738 802 815 quod
814 738 924 800 Chris·
977 735 1162 798 sacerdotio
1176 738 1209 798 et
1220 737 1315 811 regni
1328 736 1500 813 dignitate,
1515 738 1572 799 sed
1589 738 1668 814 quia
1683 737 1774 816 lapi·

29 828 32 833 ’
125 834 180 895 tus
203 832 439 895 luitinsitatus
456 833 497 895 ad
513 835 647 911 nuptias
663 852 738 896 cum
760 839 865 897 matre
888 836 921 896 in
977 834 1038 896 das
1053 835 1182 912 eosqui
1204 835 1379 896 mittuntur
1394 835 1480 896 adte
1499 852 1565 897 non
1588 836 1774 913 relinquam

125 930 238 991 Chana
257 931 405 992 Calileae.
420 934 456 992 ln
472 932 568 994 initio
584 932 756 1009 signorum
785 949 921 994 suorum
977 934 1011 993 in
1026 936 1058 993 te
1073 932 1216 1009 lapidem
1231 948 1331 1009 super
1343 932 1496 1009 lapidem,
1515 934 1592 1011 quia
1608 934 1637 993 si
1651 935 1773 996 milvus

124 1044 244 1107 aquam
254 1031 461 1092 convertitin
472 1030 596 1103 sinum,
608 1047 673 1092 non
682 1030 922 1108 qualecumque
976 1029 1010 1089 in
1026 1031 1120 1101 caelo,
1134 1032 1244 1094 turtur
1251 1032 1284 1091 et
1296 1030 1439 1092 hirundo
1451 1034 1679 1106 cognoverunt
1690 1033 1775 1093 tem-

125 1126 183 1189 sed
198 1127 331 1199 bonum,
349 1128 435 1189 sicut
447 1127 527 1190 dicit
538 1128 795 1190 hrchitriclinus
813 1150 820 1188 ι
838 1132 922 1190 Ser·
976 1146 1037 1204 pus
1057 1128 1219 1189 adventus
1242 1129 1306 1200 sui,
1332 1129 1367 1189 tu
1388 1145 1467 1190 vero
1495 1146 1561 1191 non
1587 1131 1775 1205 cognovisti

124 1228 216 1287 casii
229 1228 355 1288 borzicm
364 1230 496 1298 othuram,
512 1241 620 1301 usque
633 1229 743 1289 adbuc
755 1224 865 1305 (Joan.
882 1242 918 1298 ιι,

125 1322 178 1401 10)
194 1323 358 1401 quatenus
373 1339 460 1385 nova
474 1324 553 1385 vitis
567 1340 691 1387 novum
709 1325 824 1385 vinum
843 1325 922 1385 iun-

123 1420 228 1483 deret.
243 1423 309 1484 ista
323 1423 414 1492 sitis,
435 1422 531 1495 idest,
548 1422 699 1486 Christus
713 1420 814 1485 habet
826 1422 921 1484 fruc-

125 1520 179 1581 tus
193 1519 415 1592 dulcissimos,
430 1536 496 1582 non
511 1536 657 1589 amaros,
670 1520 728 1599 qui
740 1519 820 1582 lecit
838 1536 921 1581 uvas

4 1668 7 1673 .
123 1618 156 1679 et
169 1617 461 1681 nonlambrnscas.
475 1619 568 1681 Unde
578 1618 660 1683 dicit
669 1618 922 1696 perEcclesias-

123 1714 227 1777 ticum
247 1738 256 1776 ε
276 1721 350 1793 Ego
364 1720 463 1791 quusi
483 1718 566 1778 citis
577 1717 787 1791 fructificavi
801 1720 922 1778 sitavi-

124 1813 231 1875 totcm
242 1817 359 1876 odoris
376 1814 479 1893 (Eccl.
494 1830 588 1887 xxm,
608 1814 662 1893 33)
677 1816 767 1892 quia,
785 1815 871 1876 sicut
886 1814 920 1874 in

122 1926 201 1971 arca
216 1911 351 1973 luerunt
364 1913 525 1974 animalia
544 1913 667 1974 munda
684 1915 718 1975 et
736 1913 919 1984 immunda,

123 2007 212 2069 itaet
226 2010 364 2071 insinea
380 2002 458 2072 sun‘t
467 2010 562 2072 bonae
576 2011 660 2072 sites
675 2013 707 2072 et
717 2011 813 2072 malae
823 2011 919 2072 vites.

122 2105 228 2166 i'inea
242 2110 293 2168 est
307 2107 468 2180 Ecclesia,
484 2107 571 2170 bona
588 2108 666 2170 sitis
681 2108 743 2170 tuit
756 2108 918 2179 Christus,

122 2204 178 2279 qui
195 2204 257 2265 init
270 2205 482 2282 principium.
496 2208 597 2268 Bonae
610 2206 694 2268 sites
705 2208 781 2268 sunt
792 2207 876 2284 justi
888 2208 921 2268 et

121 2302 220 2363 electi
236 2303 291 2379 qui
314 2305 420 2366 secuti
436 2306 513 2366 sunt
525 2322 613 2366 eum.

161 2401 247 2461 Vitis
261 2401 345 2462 salsa
360 2405 411 2463 est
424 2419 606 2480 synagoga.
622 2403 720 2465 Malae
740 2404 826 2465 sites
843 2404 921 2465 sunt

122 2498 241 2569 Judaei,
259 2498 378 2576 iniqui,
394 2500 540 2577 reprobi,
556 2503 589 2562 et
603 2503 921 2577 peccatoressyna-

6 2646 12 2653 .
119 2611 204 2671 goga
220 2612 286 2657 non
307 2598 464 2673 produxit
481 2597 603 2658 bonnm
623 2600 752 2669 sinum,
765 2598 822 2659 sed
842 2615 921 2660 ace-

119 2695 200 2754 tum.
218 2696 292 2755 Non
317 2695 406 2755 enim
421 2694 535 2757 sinum
558 2696 616 2757 sed
643 2696 742 2757 iidem
768 2696 919 2759 Christus

118 2791 262 2863 sitiebat,
279 2793 365 2853 sicut
378 2792 538 2854 habemus
552 2794 588 2854 in
601 2794 758 2870 passione
772 2793 917 2866 Domini,

119 2891 252 2967 qnando
265 2891 416 2952 Christus
431 2891 516 2952 dixit
532 2914 540 2951 ε
556 2893 655 2963 Sitia,
678 2894 712 2955 et
733 2898 813 2955 tunc
834 2910 917 2970 por-

120 2990 280 3050 rexerunt
303 2988 475 3065 spongiam
505 3006 579 3051 cum
603 2991 710 3052 aceto.
741 2994 917 3068 synagoga

120 3090 250 3149 tantnm
265 3088 328 3148 hoc
342 3086 453 3159 dabat,
466 3088 552 3165 quod
566 3088 721 3151 habebat.
735 3089 818 3161 Quid
829 3090 916 3151 enim

119 3188 248 3247 acetum
265 3186 454 3247 nisieorum
466 3186 616 3249 doctrina
627 3203 755 3259 amara,
770 3190 915 3259 acetosa,

119 3300 261 3345 emonea
289 3284 321 3345 et
344 3286 538 3345 venenosas
561 3288 646 3361 Ergo
673 3302 738 3347 non
761 3286 918 3363 produxit

117 3382 246 3455 ι’ἰιιιιιιι,
258 3383 314 3443 sed
328 3386 469 3444 acetum.
482 3386 569 3444 Ileus
584 3385 772 3461 expectavit
784 3386 818 3446 ut
833 3384 919 3445 lace

119 3481 916 3559 retusas,eliecitlambruscas,secundumquo‹l

33 3582 38 3593 “
118 3578 242 3655 legitur
262 3581 296 3641 in
311 3581 456 3641 Jeremia
483 3582 613 3642 :Vinea
628 3596 702 3642 mea
718 3580 834 3651 electa,
856 3598 917 3657 ego

114 3680 149 3741 te
164 3679 320 3756 plantavi,
336 3679 499 3755 quomodo
514 3695 676 3739 conversa
691 3695 727 3740 es
741 3680 776 3740 in
790 3680 919 3740 amari-

117 3777 266 3839 tudinem
281 3776 360 3837 sitis
368 3778 504 3837 aliena!
519 3776 601 3855 (Jer.
615 3793 650 3843 ιι,
662 3777 730 3853 21.)
743 3780 781 3839 Et
792 3778 915 3838 isaias:

122 3873 301 3949 Expectasi
315 3876 349 3933 ut
363 3873 486 3933 iaceret
499 3890 593 3943 usas,
609 3881 642 3937 et
656 3875 733 3937 lecit
748 3875 917 3936 lambrus·

120 3986 189 4039 cas,
206 3970 283 4046 qnia
304 3985 472 4045 synagoga
485 3971 676 4033 Judmorum
690 3974 783 4049 prins
798 3974 919 4035 occidit

120 4068 311 4145 prophetas.
328 4070 441 4141 postea
463 4068 629 4129 Christum
649 4072 826 4140 crucitlxit,
844 4074 919 4133 Ste-

121 4166 267 4241 phanum
297 4162 469 4238 lapidavit,
495 4168 671 4241 Apostolos
695 4172 728 4230 et
754 4174 918 4246 martyres

121 4262 242 4322 multos
257 4261 436 4330 interemit,
454 4262 540 4323 sicut
555 4263 695 4339 legimus
716 4268 751 4327 in
767 4270 919 4341 Evange-

121 4358 167 4419 lio
184 4380 192 4416 :
208 4357 437 4430 «Jerusalem,
467 4361 668 4434 Jerusalem,
696 4380 769 4440 quae
793 4366 917 4427 occidis

121 4454 316 4530 Prophetas,
332 4458 365 4515 et
390 4455 518 4532 lapidas
539 4474 609 4529 eos,
630 4462 686 4536 qui
708 4462 749 4522 ad
770 4466 801 4523 te
823 4463 916 4524 missi

121 4554 198 4612 sunt
213 4551 370 4627 »(ilatth.
380 4555 552 4634 xmn,37).
563 4557 642 4618 Pius
652 4561 812 4621 Dominus
821 4562 917 4637 plan-

120 4650 169 4725 git
183 4649 337 4709 duritiem
351 4650 500 4724 reprobae
515 4653 670 4726 civitatis,
686 4673 759 4734 quaa
774 4658 858 4718 adeo
868 4659 917 4719 in·

119 4749 279 4808 duruerat
294 4748 328 4807 in
347 4749 501 4823 peccatis.
519 4754 554 4811 ut
575 4753 608 4812 et
623 4755 805 4830 Prophetas
821 4757 914 4817 occi-

120 4846 223 4914 deret,
241 4848 273 4905 et
288 4847 461 4907 bominum
477 4850 723 4925 prophetarum,
741 4856 772 4914 et
783 4854 914 4931 lapida-

120 4942 712 5017 reteosquimittebanturadsalntem
721 4952 912 5013 multorum.

120 5041 183 5101 Sed
200 5040 277 5116 qnia
294 5041 422 5101 nullum
446 5043 586 5118 legimus
602 5063 621 5107 a
639 5047 764 5109 Judaeis
780 5049 913 5124 lapida-

974 1227 1104 1303 tempus
1116 1226 1320 1288 visitationis
1336 1228 1413 1288 tuae.

1015 1325 1090 1384 Non
1106 1325 1156 1385 est
1170 1325 1281 1386 autem
1296 1324 1548 1401 intelligendum
1563 1326 1650 1402 quod
1665 1325 1775 1388 Domi·

976 1432 1039 1477 nus
1052 1417 1202 1479 dixerit:
1224 1419 1421 1492 Jerusalem,
1446 1421 1644 1492 Jerusalem,
1667 1421 1774 1482 muris

976 1515 1009 1576 et
1022 1514 1185 1587 aediliciis,
1201 1517 1258 1576 sed
1274 1518 1384 1593 potius
1397 1517 1638 1581 habitatoribus
1653 1520 1775 1581 civita-

975 1613 1030 1674 tis.
1046 1613 1155 1675 Judaei
1170 1616 1249 1676 tunc
1263 1617 1433 1692 ejecerunt
1448 1617 1624 1687 Christum,
1638 1619 1773 1696 quando

975 1726 1051 1771 eum
1075 1712 1279 1785 occiderunt,
1300 1714 1388 1776 sicut
1409 1714 1489 1777 dicit
1507 1716 1684 1792 Apostolus
1705 1737 1712 1775 :
1737 1719 1776 1777 Si

974 1812 1223 1886 cognovissent,
1244 1827 1433 1886 vaniloquam
1448 1817 1634 1875 lierni-imm
1651 1817 1776 1890 gloriae

974 1909 1232 1979 crucifixissent
1257 1907 1382 1987 (icor.
1407 1925 1444 1981 ιι,
1469 1911 1516 1988 8).
1541 1912 1776 1986 cognorerunt

977 2023 1058 2081 ergo
1071 2022 1158 2077 enm,
1168 2008 1201 2067 et
1212 2022 1277 2067 non
1287 2011 1524 2083 cognorerunt.
1538 2011 1775 2086 cognoverunt

975 2120 1052 2165 eum
1076 2121 1151 2166 esse
1179 2105 1357 2177 Christum,
1383 2107 1526 2167 sednon
1546 2110 1775 2182 cognoverunt

975 2219 1052 2263 eum
1067 2220 1142 2265 esse
1162 2206 1278 2269 Deum.
1295 2204 1378 2276 Quia
1393 2204 1550 2266 ridebant
1567 2221 1642 2266 eum
1658 2206 1773 2268 divina

976 2302 1137 2362 miracula
1173 2302 1360 2371 facientem,
1391 2302 1570 2365 credebant
1602 2320 1677 2364 eum
1697 2321 1771 2366 esse

976 2399 1154 2461 Christum.
1170 2399 1254 2472 Quia
1269 2399 1426 2463 sidebant
1446 2416 1521 2461 eum
1545 2400 1691 2463 humana
1706 2419 1770 2479 pe-

974 2498 1769 2572 tientem,tamemvidelicet,inlirmitatesetalia,

975 2614 1041 2658 ιιοιι
1055 2597 1281 2673 cognoverunt
1298 2614 1373 2659 eum
1389 2613 1463 2658 esse
1477 2600 1592 2669 Deum,
1617 2598 1705 2660 sicut
1719 2599 1772 2660 le-

974 2696 1067 2769 gitur
1083 2696 1119 2757 iu
1141 2695 1227 2757 libro
1239 2695 1417 2772 Sapientiae
1433 2717 1441 2756 :
1462 2697 1662 2757 Eoecoecaoit
1677 2699 1771 2757 cutm

975 2797 1049 2854 illos
1062 2794 1197 2854 inutilia
1212 2797 1366 2868 ipsoram
1379 2791 1471 2870 (Sap.
1485 2809 1522 2865 ιι,
1533 2792 1598 2872 21)

1014 2893 1169 2966 Legimus
1197 2890 1282 2969 quod
1312 2894 1452 2968 quatuor
1477 2893 1554 2952 sunt
1572 2891 1771 2953 differentiae

973 2988 1243 3064 cognoscentium
1253 2990 1287 3050 et
1297 3006 1362 3050 non
1373 2989 1641 3065 cognoscentium
1653 2992 1770 3050 Deum.

973 3087 1179 3162 Cognoscere
1191 3090 1302 3149 autem
1316 3087 1482 3148 creatoris
1496 3089 1547 3148 est
1565 3088 1696 3148 felicem
1713 3088 1769 3148 ia-

973 3200 1061 3247 cere.
1077 3188 1283 3260 Cognoscere
1305 3188 1426 3256 autem,
1441 3188 1614 3257 creaturae,
1632 3186 1673 3247 de
1688 3203 1771 3262 pen

973 3284 1067 3359 cepta
1080 3282 1238 3344 felicitate
1254 3284 1380 3359 gratias
1392 3299 1503 3359 agere.
1521 3285 1626 3359 Igitur
1636 3284 1773 3362 quidam

973 3384 1253 3456 cognoscuntura
1275 3384 1354 3449 beo,
1376 3384 1409 3442 et
1427 3384 1632 3457 cognoscunt
1652 3386 1771 3453 Deum,

973 3479 1079 3540 sancti
1104 3479 1260 3541 uidelicet
1292 3479 1421 3555 angeli,
1442 3481 1499 3557 qui
1522 3480 1564 3541 ab
1590 3497 1631 3541 eo
1654 3480 1773 3543 felices

974 3578 1050 3639 isich
1064 3580 1137 3655 ejus
1159 3593 1289 3655 semper
1303 3577 1456 3638 laudibus
1470 3581 1601 3644 vacant,
1623 3581 1654 3641 et
1672 3579 1774 3641 obse-

973 3676 1061 3754 quiis
1072 3676 1274 3737 deserviunt.
1288 3676 1426 3748 Quidam
1436 3691 1513 3737 sero
1524 3663 1773 3752 cognoscuntur

972 3790 992 3835 a
1003 3776 1080 3845 lieo,
1093 3789 1154 3835 nec
1162 3776 1366 3850 cognoscunt
1375 3777 1492 3845 Deum,
1502 3791 1664 3851 pauperes
1677 3776 1774 3837 side-

972 3872 1049 3933 licet
1065 3873 1259 3943 necessarii,
1272 3889 1355 3949 quos
1370 3888 1431 3933 nec
1441 3874 1536 3949 copia
1549 3889 1662 3934 rerum
1674 3874 1771 3946 ditat,

973 3986 1033 4031 nec
1049 3971 1192 4031 servitus
1212 3970 1325 4032 divina
1350 3969 1527 4033 beatificat.
1544 3972 1684 4043 Quidam
1708 3990 1770 4035 co-

972 4071 1177 4144 gnosc-untur
1209 4083 1228 4128 a
1264 4072 1342 4139 Deo,
1377 4069 1434 4130 sed
1467 4085 1533 4130 non
1566 4074 1773 4146 cognoscunt

973 4170 1087 4238 heum,
1113 4166 1233 4228 diuites
1256 4167 1411 4228 videlicet
1439 4167 1537 4243 hmus
1559 4168 1686 4239 saeculi,
1712 4171 1771 4246 qui

973 4265 1117 4342 acceptis
1131 4264 1264 4342 quidem
1274 4264 1391 4341 opibus
1406 4265 1555 4337 affluunt,
1572 4265 1630 4325 sed
1645 4282 1773 4329 carna-

972 4362 1059 4423 libus
1073 4363 1179 4438 pressi
1192 4363 1368 4427 desideriis
1378 4379 1556 4440 numquam
1571 4380 1629 4425 cor
1643 4364 1684 4424 ad
1700 4380 1771 4425 coe-

972 4461 1067 4521 lestia
1077 4461 1292 4537 suspendunt.
1303 4460 1440 4532 Quidam
1452 4464 1768 4536 cognoscuntlicum

971 4560 1004 4618 et
1020 4574 1086 4619 non
1100 4562 1345 4635 cognoscuntur
1359 4574 1379 4619 a
1396 4561 1475 4630 Deo,
1491 4574 1654 4635 pauperes
1670 4560 1765 4620 side-

971 4656 1048 4717 licet
1063 4656 1255 4727 voluntarii,
1270 4673 1352 4732 quos
1367 4672 1428 4717 nec
1441 4656 1625 4729 tribulatio,
1640 4673 1699 4718 nec
1710 4674 1766 4718 an·

969 4754 1091 4829 gnstia,
1115 4770 1176 4815 nec
1199 4755 1266 4815 alia
1288 4770 1428 4832 quaeqne
1454 4755 1604 4831 pericula
1630 4757 1769 4832 possunt

969 4868 1128 4928 separare
1153 4852 1351 4913 acharitate
1370 4853 1505 4923 Christi,
1527 4854 1584 4929 qui
1609 4853 1768 4917 nimirum

970 4950 1082 5010 multis
1104 4950 1211 5011 modis
1233 4950 1415 5026 probantur
1428 4950 1590 5022 adversis,
1609 4951 1768 5029 durisque

969 5047 1152 5123 fatigantur
1170 5048 1451 5110 tribulationibus.
1468 5051 1518 5109 Ex
1534 5064 1676 5125 quorum
1692 5066 1770 5126 pen-

117 5141 187 5200 tum
197 5138 261 5197 nisi
273 5137 403 5197 beatum
414 5141 627 5216 Stephanum,
641 5146 773 5222 proprie
783 5147 915 5209 videtur
969 5162 1051 5207 sona
1075 5148 1223 5223 loquitur
1248 5146 1423 5208 Psalmista
1448 5169 1455 5206 :
1481 5151 1649 5208 Doiizinus
1675 5152 1770 5211 Dens

118 5237 159 5297 de
183 5237 256 5311 ipso
277 5250 472 5311 expressum
497 5238 560 5301 hoc
581 5243 819 5305 testimonium.
843 5246 913 5307 Nec
969 5260 1077 5313 reicies,
1095 5248 1228 5317 respice
1244 5249 1354 5314 inane,
1368 5248 1770 5319 pitarcmcdcrciiquisli

117 5333 238 5394 mirum
254 5332 282 5391 si
299 5332 473 5408 pluraliter
482 5336 585 5398 dixit:
601 5342 799 5412 Jerusalem,
814 5344 915 5404 Jeru·
969 5341 1038 5417 (Ps.
1048 5344 1098 5405 21.
1111 5342 1156 5419 2).
1171 5344 1258 5402 Num
1272 5343 1349 5419 quid
1361 5343 1520 5417 incogniti
1531 5343 1697 5414 sidentur,
1710 5345 1766 5421 qni

116 5431 230 5500 salem,
248 5431 400 5506 repetitio
413 5435 464 5492 est
482 5438 730 5511 conquestionis
748 5438 800 5499 rel
821 5455 914 5501 com·
968 5444 1064 5500 orant
1093 5444 1129 5501 ut
1157 5442 1397 5517 respicianiurt
1422 5442 1657 5502 Verumtamen
1691 5442 1768 5503 licet

116 5529 319 5593 minationis,
335 5530 428 5606 qnasi
445 5531 792 5607 diceret:Jerusalem,
810 5554 871 5614 ego
879 5540 912 5600 te
968 5538 1157 5599 humaniter
1172 5539 1344 5615 incogniti,
1361 5539 1438 5600 licet
1453 5538 1614 5605 derelicti,
1632 5539 1695 5615 ipsi
1710 5542 1766 5601 ta-

116 5627 272 5693 constitui
286 5628 627 5704 Dominamgentium,
639 5633 823 5717 principem
834 5652 914 5713 pro-
967 5652 1042 5699 men
1057 5638 1160 5700 Deum
1181 5640 1396 5713 cognoscunt.
1417 5638 1456 5698 Et
1475 5653 1519 5699 ex
1540 5652 1683 5714 persona
1704 5654 1765 5699 co·
