3794 6166
33 304 175 373 ..tal

110 480 189 531 nen.
211 462 349 543 capituli
370 460 465 523 nobis
486 460 641 530 innotuit,
664 458 846 536 quodcum
870 458 904 518 in

112 564 304 643 episcopatu
319 561 434 623 Elnen.
450 559 491 620 de
506 558 745 621 consuetudine
760 557 905 618 terracin

111 661 223 725 causis
235 658 440 723 secularibus
450 660 639 735 juramenta
650 656 826 717 calumniae
839 671 905 716 non

111 760 321 839 prestantur,
332 758 442 835 plures
453 772 617 834 pauperes
630 758 662 817 et
674 770 824 833 personae
840 754 905 815 mi-

112 857 272 921 serabiles
286 856 527 918 malitiosorum
543 855 817 917 calumniatorum
844 852 908 913 liti·

111 956 174 1021 bus
186 954 362 1026 molestati,
376 956 410 1016 et
423 969 588 1030 expensas
600 969 719 1027 graves
730 952 905 1023 sustinent,

113 1056 147 1117 et
164 1068 224 1115 sua
239 1054 433 1131 plerumque
444 1052 576 1127 justitia
597 1050 845 1121 defraudantur,
867 1064 908 1110 eo

113 1152 198 1231 qrtotl
215 1151 343 1213 frivolis
356 1149 605 1227 exceptionibus
633 1150 666 1209 et
688 1148 909 1209 frustratoriis

113 1249 328 1313 dilationibus
339 1248 461 1325 saepius
471 1248 552 1309 ordo
561 1246 762 1324 jmliciarius
775 1246 910 1323 impedi·

113 1350 178 1411 tur.
192 1350 272 1409 Cum
288 1348 390 1423 igitur
404 1346 607 1407 consuetudo
630 1344 821 1422 hujusmodi
839 1344 910 1421 juri

115 1446 262 1521 deroget,
270 1442 912 1523 etjudiciumsubverterevideatur,dis·

116 1544 255 1609 cretioni
268 1546 334 1605 tuae
349 1559 408 1621 per
422 1542 610 1618 apostolica
625 1542 748 1618 scripta
769 1540 911 1602 manda-

115 1660 190 1707 mus
213 1644 389 1721 quatenus,
410 1640 470 1701 tali
487 1640 725 1701 consuetudine
744 1656 810 1701 non
830 1638 912 1700 obs-

116 1742 220 1813 tante,
241 1740 274 1800 in
294 1737 532 1817 quaestionibus
554 1736 760 1799 secularibus
783 1753 857 1815 quat
878 1737 914 1797 in

117 1839 191 1903 fora
206 1837 329 1899 tuerint
351 1836 576 1898 ecclesiastico
596 1835 684 1897 iutra
699 1836 814 1897 Elnen.
831 1834 915 1897 ‹lim-

119 1936 188 2001 cesi
205 1935 385 2007 ventilata,
402 1935 593 2011 juramenta
616 1933 792 1995 calumnie
811 1933 915 1995 iacias

44 2084 47 2089 .
119 2034 282 2099 exbiberi.
299 2032 564 2094 contradictores
583 2031 612 2091 si
628 2031 685 2109 qui
699 2031 916 2108 apparuerint

119 2132 174 2195 vel
199 2132 350 2203 rebelles,
371 2146 430 2207 per
455 2146 629 2191 censuram
654 2130 916 2191 ecclesiasticam

120 2228 342 2309 appellatione
357 2228 537 2305 postposita
552 2228 801 2305 compescendo.

160 2328 279 2391 Datum
294 2326 461 2397 Laterani,
480 2326 589 2386 idibus
604 2325 727 2398 martii,
742 2324 918 2403 pontilica-

122 2428 177 2491 tus
188 2423 293 2489 uostri
305 2439 394 2487 anno
405 2424 523 2503 primo.

440 2645 624 2732 cdlxix

123 2819 176 2883 Ad
189 2820 482 2891 archiopiscopatu
499 2815 533 2877 ct
551 2816 831 2877 archidiaconum
847 2817 918 2877 Rc-

164 2918 286 2978 dcnscs
321 2913 354 2975 ct
379 2913 565 2975 sacrtstam
588 2914 624 2973 S.
659 2914 763 2973 Pauli
789 2915 921 2975 lt'arho-

165 3026 320 3075 ttcttscttt.

408 3141 443 3199 15
456 3148 540 3198 mart.
557 3140 635 3198 itit.

169 3269 278 3335 [liegest.
294 3266 339 3317 lib.
353 3267 373 3325 l,
384 3266 459 3331 epist.
470 3266 525 3316 322.
537 3267 595 3317 llss.
607 3267 644 3317 La
653 3266 730 3316 Porto
741 3266 776 3317 du
787 3266 881 3332 rhein]

127 3416 164 3475 lit
175 3412 304 3472 ltaeredes
313 3412 399 3481 Petri,
415 3410 482 3469 dicti
495 3411 582 3468 Gauci
595 3410 631 3468 de
646 3412 782 3483 Pirpian.,
799 3412 848 3483 qtri
861 3413 922 3484 lpse

162 3503 314 3563 eeclesiam
336 3502 488 3559 Eluensem
510 3501 604 3557 usuris
619 3508 782 3569 vexaverat,
800 3508 863 3573 post
878 3502 921 3573 ip·

162 3593 223 3650 sius
231 3593 258 3650 in
270 3590 526 3663 llierosolymitaua
536 3598 609 3647 terra
622 3588 782 3659 decessum,
791 3588 923 3646 eamdem

162 3682 324 3749 eeclesiam,
345 3680 532 3736 novisusuris
549 3678 739 3752 exagitantes,
756 3679 924 3736 auctoritate

163 3771 324 3845 apostolica
340 3775 514 3842 compescat.

168 3924 346 3993 Honorius,
365 3924 441 3991 etc,
464 3918 648 3981 venerabili
673 3919 768 3981 tratri
792 3920 926 3980 archie-

128 4021 275 4101 piscopo,
291 4022 325 4081 et
347 4018 484 4103 dilectis¹
499 4017 579 4077 filiis
603 4018 839 4078 archidiacono
860 4021 927 4079 Re-

129 4118 204 4179 deu.
219 4121 251 4178 et
265 4116 413 4178 sacristae
427 4113 533 4175 sancti
551 4115 646 4175 Pauli
662 4115 853 4176 Narbonen.

170 4215 315 4276 Dilectus
343 4214 432 4273 illius
464 4213 578 4273 llluen.
606 4213 731 4274 electus
756 4214 928 4291 proposuit

130 4328 241 4375 coram
258 4310 362 4373 uobis.
379 4309 466 4387 quod
481 4326 555 4370 cum
577 4310 742 4387 quondam
766 4314 802 4371 P.
820 4312 927 4373 dictus

131 4414 262 4473 Gaucus
279 4409 319 4469 ‹le
340 4409 487 4485 Pirpian.
511 4410 660 4470 mutuata
679 4410 829 4470 ecclesiae
859 4426 928 4470 suae

130 4509 272 4587 qrturlam
288 4523 415 4568 summa
437 4508 599 4582 pecunia,
618 4508 714 4583 plura
732 4508 929 4569 extorsisset

129 4608 171 4671 ab
192 4624 231 4669 ea
259 4622 318 4684 per
338 4606 529 4667 usurariam
548 4606 756 4682 pravitatem,
778 4604 929 4667 consecto

129 4706 349 4767 instrumento
363 4704 495 4781 publico
512 4703 551 4763 de
566 4703 724 4763 solvendo
736 4703 798 4764 sibi
811 4704 844 4764 et
858 4703 930 4764 bae-

129 4804 264 4866 sedibus
286 4804 366 4873 suis,
396 4804 428 4863 et
453 4817 518 4862 nou
542 4801 732 4877 repetendis
758 4802 880 4873 usuris,
898 4802 931 4862 et

129 4903 260 4962 extorto
282 4916 381 4977 super
405 4900 637 4961 observatione
654 4899 761 4976 ipsius
783 4916 803 4959 a
827 4912 932 4960 eano-

128 4997 214 5061 nicis
249 4997 395 5073 ejusdem
429 4998 579 5059 eeclesiae
608 4998 816 5073 juramento,
852 4996 931 5057 licet

129 5094 219 5156 omm
235 5093 396 5154 beuetlcio
412 5095 500 5169 jttris
515 5098 548 5155 et
566 5093 814 5156 constitutionis
836 5092 870 5152 in
890 5108 929 5154 eo

129 5191 526 5267 renuntieturexprosse3
544 5192 648 5268 ipsius
664 5192 795 5252 demum
811 5206 931 5266 corpus

130 5290 203 5351 sirie
216 5288 441 5349 satistitctioue
453 5306 552 5365 super
562 5290 604 5349 iis
615 5290 725 5366 aliqua
742 5289 931 5350 decedentis

129 5386 933 5462 heroum-mitanihospitalistratresmuenuioe-

131 5486 217 5549 cesis
241 5484 478 5545 etrelesiustime
498 5485 706 5545 tradiderunt
728 5487 761 5545 iu
783 5486 931 5561 ejusdem

131 5584 281 5647 ecclesia¹
296 5581 504 5657 dispendium
514 5583 704 5659 sepultura..
720 5586 821 5659 Cujus
832 5583 932 5643 etiam

131 5682 283 5751 haeredes
304 5682 337 5743 et
361 5680 556 5743 executores
570 5681 761 5741 testamenti
784 5679 932 5756 ejusdem

730 298 906 359 HONORII
927 298 972 357 111
994 299 1143 359 eruut.

1701 298 1759 357 332

959 456 1124 531 dioecesis,
1149 458 1213 521 bac
1236 460 1414 523 occasione
1431 474 1555 523 usurae
1577 456 1622 521 ab
1645 456 1757 519 eadem

959 555 1101 617 ecclesia
1113 558 1262 633 exigunt,
1277 560 1385 637 ipsam
1400 576 1504 637 super
1514 559 1579 621 boc
1592 555 1754 634 multipli-

960 655 1043 715 citer
1058 656 1284 719 molestantes.
1302 658 1464 720 {tolentes
1482 658 1589 734 igitur
1612 654 1753 717 eamdem

960 753 1136 815 ecelesiam
1152 755 1200 815 sic
1219 757 1402 818 enormiter
1420 755 1614 833 aggravari,
1631 753 1751 814 disc-re-

962 852 1043 913 tioni
1059 858 1179 915 vestrae
1195 871 1255 931 per
1267 855 1458 931 apostolica
1478 854 1605 931 scripta
1620 851 1750 913 mauda-

962 966 1035 1011 mus
1056 954 1230 1029 quatenus,
1252 954 1281 1013 si
1304 970 1375 1015 rem
1395 952 1594 1015 inveneritis
1616 952 1747 1019 itaesse,

963 1053 1120 1112 revocato
1143 1050 1178 1112 in
1205 1052 1338 1115 irritum
1364 1052 1525 1131 quidquid
1552 1052 1587 1112 in
1615 1049 1749 1111 fraudem

964 1164 1141 1210 usurarum
1163 1149 1359 1213 inveneritis
1380 1152 1594 1221 attentatum,
1615 1147 1748 1209 heredes

964 1248 997 1308 et
1010 1250 1205 1309 executores
1220 1248 1413 1325 praedictos,
1436 1250 1474 1311 ut
1487 1263 1612 1309 usuras
1634 1262 1654 1307 a
1675 1246 1749 1307 dicto

966 1349 1002 1407 P.
1019 1348 1167 1408 extortas
1181 1347 1370 1419 restituant,
1388 1349 1422 1409 et
1438 1346 1481 1407 ab
1498 1346 1648 1424 ipsarum
1663 1360 1749 1405 exac-

965 1445 1055 1506 tione
1077 1444 1249 1515 desistant,
1266 1460 1326 1523 per
1344 1461 1476 1523 poenam
1494 1446 1530 1506 in
1546 1444 1749 1505 Lateranensi

966 1544 1109 1605 concilio
1128 1546 1244 1605 contra
1266 1544 1439 1605 usurarios
1459 1543 1596 1613 editam,
1620 1558 1685 1603 non
1702 1540 1751 1602 ob-

967 1643 1075 1703 stante
1083 1644 1274 1719 juramento
1296 1643 1453 1719 praedicto
1468 1640 1511 1702 ab
1529 1640 1649 1701 iisdem
1664 1654 1752 1699 cano-

968 1740 1053 1801 nicis
1091 1740 1126 1802 in
1162 1740 1313 1802 ecclesiae
1352 1739 1520 1817 saepesatae
1555 1737 1753 1815 dispendium

969 1840 1067 1911 edito,
1093 1839 1316 1917 appellatione
1341 1840 1469 1900 remota
1497 1838 1638 1914 cogatis.
1662 1838 1755 1912 Super

969 1938 1046 1999 aliis
1057 1954 1148 2009 vero,
1159 1937 1309 2014 partibus
1320 1936 1511 1998 convocatis
1523 1935 1695 2003 iacientes,
1703 1936 1754 1993 etc.

969 2038 1085 2097 Testes
1100 2040 1223 2107 autem,
1246 2038 1309 2097 etc.
1331 2034 1423 2107 Quod
1444 2034 1474 2095 si
1494 2050 1561 2095 non
1586 2047 1710 2102 omnes,
1727 2032 1756 2091 tu

971 2134 1073 2196 trater
1085 2133 1345 2211 archiepiscope,
1360 2135 1422 2194 etc.

1014 2235 1133 2295 Datum
1149 2233 1317 2303 Laterani,
1333 2231 1443 2292 idibus
1458 2229 1582 2301 martii,
1602 2226 1759 2306 pontifica-

971 2332 1024 2393 tus
1038 2331 1142 2394 nostri
1157 2346 1245 2393 anuo
1258 2329 1376 2408 primo.

1291 2571 1453 2660 cclxx

972 2767 1025 2827 Ad
1069 2766 1363 2838 orclriepiscopum
1411 2760 1445 2822 ct
1493 2758 1762 2820 archidiaconum

1013 2866 1139 2923 Redeo.
1168 2862 1201 2923 ct
1234 2859 1422 2922 sacristam
1463 2858 1499 2919 S.
1534 2856 1640 2917 Pauli
1678 2854 1764 2913 Nat*-

1015 2965 1133 3025 hortere.

1264 3107 1298 3165 ld
1310 3113 1392 3163 mart.
1409 3104 1488 3163 titt.

1022 3246 1131 3312 [Regest.
1147 3244 1192 3295 lib.
1203 3243 1224 3299 l,
1236 3241 1309 3306 epist.
1321 3239 1377 3290 ata.
1397 3239 1452 3288 llss.
1469 3239 1579 3301 Luporte
1597 3234 1632 3285 du
1649 3231 1739 3297 ituit]

978 3394 1012 3450 Ut
1028 3387 1161 3447 Emensis
1175 3384 1304 3443 eoeleste
1319 3382 1403 3449 bona,
1427 3382 1460 3437 lt.
1477 3379 1611 3437 Elaensis
1632 3374 1764 3450 quondam

1012 3477 1138 3551 episcopi
1153 3475 1235 3547 culpa
1251 3472 1372 3530 alienata
1389 3470 1484 3527 illicita
1499 3468 1545 3525 vel
1559 3466 1694 3524 distracta
1712 3471 1763 3520 stu·

1013 3567 1099 3624 deam
1112 3564 1147 3622 ad
1165 3564 1252 3637 juset
1265 3560 1468 3635 proprietatem
1481 3556 1571 3631 ipsius
1586 3556 1714 3628 legitime
1727 3565 1764 3609 re·

1013 3670 1127 3713 vocata.

1019 3807 1199 3875 llouorius,
1219 3809 1295 3877 ete,
1316 3800 1502 3865 venerabili
1526 3799 1624 3861 fratri
1646 3796 1768 3859 archie-

980 3909 1126 3986 piscopo,
1142 3906 1174 3965 et
1187 3902 1424 3963 archidiacono
1439 3899 1563 3961 Reden.
1579 3900 1612 3959 et
1630 3896 1769 3958 sacrista

981 4005 1086 4068 saneti
1102 4003 1198 4064 Pauli
1213 3999 1403 4061 Narbonen.

1021 4100 1250 4165 Dilectitllii...
1273 4098 1399 4159 electus
1419 4093 1647 4171 etcapitulum
1663 4092 1777 4152 Elneu.

981 4219 1042 4263 sua
1067 4199 1161 4261 nobis
1180 4195 1407 4258 insinuatione
1431 4184 1670 4260 monstrarunt,
1695 4186 1778 4266 quod

982 4306 1020 4364 R.
1048 4300 1162 4361 bllneu.
1187 4294 1351 4373 quondam
1375 4292 1561 4369 episcopus
1588 4291 1621 4349 et
1648 4288 1785 4365 atridam

983 4399 1041 4461 alii
1056 4397 1318 4475 praedecessores
1332 4390 1449 4467 ipsius,
1470 4387 1722 4465 quampluribus
1742 4384 1782 4443 de

983 4497 1078 4559 bouis
1093 4494 1243 4556 ecclesiae
1256 4491 1372 4550 Elnen.
1389 4504 1448 4565 per
1463 4502 1521 4547 eos
1536 4485 1693 4546 alienatis
1715 4483 1784 4543 illi-

984 4597 1048 4657 cite
1063 4610 1102 4655 ac
1117 4589 1304 4658 distractis,
1319 4584 1495 4664 qxvamdam
1511 4583 1663 4660 pecuniae
1677 4596 1783 4658 quan-

984 4694 1122 4762 titatem,
1138 4704 1211 4767 quae
1225 4702 1290 4747 non
1305 4684 1402 4745 estin
1419 4681 1569 4743 ecclesiae
1583 4680 1676 4740 illius
1692 4680 1783 4740 utili-

984 4793 1084 4853 tatem
1116 4800 1287 4855 conversa,
1315 4783 1387 4858 ipso
1416 4779 1559 4856 captitulo
1593 4778 1783 4839 inconsulto

985 4891 1100 4951 mutuo
1120 4902 1139 4946 a
1157 4882 1298 4945 diversis
1323 4877 1542 4941 creditoribus
1569 4877 1782 4953 acceperunt,

986 4977 1485 5065 propterquamdictaecclesia
1512 4974 1553 5035 ab
1568 4975 1652 5051 ipsis
1675 4975 1783 5051 pluri-

987 5101 1077 5146 mum
1093 5081 1280 5149 infestatur,
1303 5092 1377 5153 quae
1394 5075 1494 5136 etiam
1514 5088 1573 5149 per
1597 5072 1723 5134 dictum
1747 5074 1783 5132 u.

986 5184 1070 5245 alias
1083 5182 1202 5241 damna
1216 5192 1281 5237 non
1296 5174 1425 5236 modica
1441 5174 1491 5232 est
1505 5187 1676 5248 perpessa.
1695 5174 1787 5242 Quae-

987 5283 1062 5343 dam
1080 5280 1180 5341 etiam
1197 5275 1295 5336 leuda
1319 5270 1470 5333 ecelesiae
1495 5285 1514 5329 a
1538 5269 1695 5329 vassallis
1715 5273 1785 5345 ejus

987 5379 1103 5440 illicite
1119 5376 1264 5436 alienata
1278 5374 1352 5432 sunt
1368 5371 1399 5430 et
1413 5368 1571 5428 distracta
1583 5367 1619 5426 iu
1635 5367 1783 5441 ipsorum

987 5479 1020 5538 et
1041 5474 1190 5536 ecclesiae
1215 5466 1444 5548 praejudicium
1474 5482 1539 5526 non
1563 5465 1730 5525 modicum
1754 5466 1786 5523 et

988 5588 1181 5652 gravamen.
1199 5569 1360 5643 Quocirca
1378 5563 1573 5626 discretioni
1586 5565 1707 5624 restrae
1730 5577 1787 5640 per

988 5669 1178 5751 Apostolica
1194 5669 1318 5745 scripta
1338 5663 1544 5731 mandamus,
1568 5662 1732 5739 qtratenus
1746 5676 1785 5721 ea
