3802 6166
133 292 194 356 113
554 295 611 359 lx.
624 322 666 341 -
680 293 726 357 IN
749 290 1044 357 CONVERSIONE
1066 292 1216 354 SANcrr
1237 292 1378 355 Pudor.
1732 288 1792 351 114

135 454 354 516 Clrrtstuslu
375 456 469 517 cobis
490 452 756 535 (delatrata).
779 454 819 517 nt
832 451 933 515 alibi:
990 456 1024 518 θῖ
1045 464 1174 532 passus,
1199 452 1323 516 frustra
1343 451 1528 515 resurrexit
1551 467 1570 514 a
1592 451 1733 514 mortuis
1756 450 1790 513 et

138 553 174 612 ln
201 550 333 612 Christo
357 553 438 613 Jesu
459 569 519 628 ego
544 568 603 615 vos
626 552 739 629 genui.
762 555 848 629 Ergo
875 550 936 612 ulii
990 552 1141 614 ascendit
1150 553 1185 614 in
1196 552 1308 614 coelos.
1322 551 1416 614 Absit
1428 552 1521 614 hoca
1537 551 1601 612 tide
1611 546 1787 612 catholica.

137 648 287 726 Apostoli
313 650 409 710 Pauli
435 651 523 713 sicut
549 651 688 713 novellae
710 642 873 713 olivarum
899 650 935 711 in
990 654 1185 729 Eccequam
1199 651 1364 728 pretiosus
1380 649 1517 712 fructus.

137 746 279 810 circuitu
295 763 418 809 meusne
433 751 505 825 ejus
527 750 614 820 sunt,
634 750 712 826 quia
735 764 848 810 omnes
863 749 935 825 ejus
1030 749 1146 811 Videte
1172 749 1257 810 alios
1274 764 1340 810 non
1356 749 1466 810 minus
1488 747 1663 827 pretiosos.
1689 745 1787 808 Psal-

138 844 335 905 reficiuntur
356 845 489 923 eloquio
510 848 543 909 et
570 847 823 909 auctoritatibus
845 845 936 923 sagi·
989 847 1088 908 mista
1116 846 1196 909 dicit
1221 847 1262 908 de
1289 845 1533 923 glorificatione
1566 847 1789 907 sauctorum:

140 944 272 1003 uantur.
294 942 370 1003 Ideo
389 958 468 1006 vero
483 945 638 1023 Epistulae
658 945 753 1006 Pauli
766 945 799 1006 et
810 943 934 1006 Psalmi
989 949 1135 1009 Dornluc
1149 948 1187 1007 tn
1201 948 1330 1008 lumine
1345 945 1462 1007 orcitus
1483 944 1534 1006 tul
1555 944 1787 1015 ambularunt,

142 1040 245 1100 David
268 1043 300 1102 et
320 1042 536 1118 Evangelium
560 1043 709 1105 Matthaei
722 1059 791 1120 prre
803 1040 935 1105 caeteris
989 1044 1023 1106 et
1037 1047 1074 1104 in
1088 1047 1228 1105 nominee
1243 1038 1519 1105 tuo‘cacultuouat
1536 1041 1608 1104 tota
1621 1043 1687 1112 die,
1703 1040 1737 1102 et
1751 1042 1788 1101 tn

142 1138 316 1215 scripturis
328 1139 364 1200 in
378 1140 528 1201 ecclesiis
538 1140 799 1219 frequentantur,
810 1140 846 1202 ut
857 1156 932 1202 cum
990 1140 1050 1204 ῖῖῖα
1057 1142 1200 1214 justitia
1213 1140 1461 1204 exultabuntur
1473 1138 1543 1220 (Ρε.
1558 1141 1607 1211 88,
1622 1137 1685 1219 16).
1699 1140 1791 1215 Mag-

142 1237 331 1313 peccatores
344 1236 710 1301 audierintllattlraeum
723 1237 935 1315 publicanum
990 1255 1052 1301 nus
1075 1238 1201 1302 fructus
1229 1238 1391 1301 bonorum
1413 1239 1463 1300 est
1484 1237 1656 1299 ambulare
1675 1236 1710 1297 in
1729 1236 1787 1298 lu-

142 1334 385 1408 Erangelistam
400 1334 534 1408 sactum,
553 1336 693 1397 Paulum
708 1335 934 1413 blasphemum
990 1338 1080 1399 mine
1106 1336 1236 1399 Domini
1260 1336 1295 1398 in
1321 1336 1511 1399 coelestibus
1539 1339 1573 1398 et
1595 1335 1630 1397 in
1654 1335 1789 1397 nomine

141 1432 170 1492 et
183 1434 429 1506 persecutorem
450 1432 573 1495 sactum
592 1449 665 1494 esse
683 1433 887 1511 Apostolum,
904 1435 937 1496 et
990 1435 1120 1497 Domini
1141 1436 1293 1498 exultare
1315 1434 1384 1497 tota
1406 1435 1472 1504 die,
1494 1434 1591 1507 idest,
1612 1433 1685 1494 sine
1710 1432 1787 1505 tine,

142 1528 242 1589 Darid
259 1529 447 1591 adulterum
466 1534 498 1592 et
513 1530 713 1593 homicidam
726 1530 850 1594 lactum
863 1548 936 1593 esse
991 1533 1069 1611 quia
1090 1533 1285 1609 glorificatis
1306 1533 1341 1593 in
1355 1548 1461 1608 regno
1475 1548 1542 1593 non
1557 1530 1608 1592 est
1627 1529 1692 1590 nisi
1716 1530 1787 1591 dies

144 1625 350 1702 Proplretam
379 1628 548 1690 confidunt
571 1645 631 1706 per
656 1630 716 1691 Dei
745 1630 937 1691 misericor-
991 1648 1067 1692 una.
1085 1632 1161 1692 Nox
1176 1630 1266 1692 enim
1278 1646 1345 1691 non
1357 1630 1420 1691 erit
1433 1628 1515 1700 illic,
1531 1631 1563 1690 ct
1581 1627 1791 1689 ideodioitur

147 1723 227 1784 diam
256 1740 324 1785 non
352 1724 460 1786 solum
490 1727 622 1788 veniam
655 1727 850 1804 promereri,
879 1727 934 1788 sed
991 1729 1026 1790 in
1040 1729 1180 1806 psalmo,
1197 1729 1274 1806 quia
1287 1728 1467 1790 meliorest
1482 1728 1553 1787 dies
1566 1742 1632 1787 una
1645 1726 1680 1786 in
1693 1724 1789 1785 atriis

140 1821 236 1882 etiam
258 1822 400 1897 gloriam
425 1824 566 1901 adipisci
584 1847 591 1885 ε
614 1825 687 1903 quis
707 1826 795 1886 euim
810 1825 937 1888 dubitet
992 1827 1123 1889 Domini
1138 1842 1239 1904 super
1251 1826 1368 1896 millia,
1385 1826 1463 1904 quia
1475 1841 1589 1887 omnes
1605 1823 1676 1885 dies
1691 1822 1791 1901 hujus

135 1919 219 1996 quin
239 1921 325 1980 Deus
341 1921 494 1982 misereri
511 1923 592 1985 velit
606 1923 707 1997 illius,
724 1939 822 2002 quem
837 1924 936 1986 talem
991 1925 1104 1987 mundi
1131 1924 1300 1987 habebunt
1325 1925 1436 1994 tinem,
1465 1924 1522 1986 sed
1544 1923 1604 1985 illa
1627 1922 1699 1984 dies
1724 1936 1791 1982 una

123 2032 185 2081 ac
195 2020 322 2079 mutum
333 2019 412 2081 lecit
424 2021 577 2093 creando,
593 2037 690 2098 quem
703 2023 803 2085 talem
819 2024 938 2084 actan-
991 2041 1057 2086 non
1073 2023 1217 2085 linietur.

103 2120 208 2179 tum
236 2115 315 2178 lecit
341 2118 440 2179 etiam
470 2119 680 2180 redimendol
704 2123 861 2196 Magnum
887 2120 937 2182 est
1032 2125 1100 2198 Ego
1124 2121 1211 2183 sicut
1233 2121 1322 2183 oliva
1350 2118 1559 2183 fructificavi.
1587 2118 1683 2180 Oliva
1705 2115 1790 2179 bene

102 2213 224 2292 quod
243 2215 380 2287 creavit,
404 2215 461 2276 sed
484 2220 591 2294 majus
613 2218 765 2294 estquod
785 2218 935 2280 redemit.
991 2219 1140 2281 radicata
1155 2235 1286 2296 semper
1300 2219 1397 2291 viret,
1413 2219 1446 2280 et
1464 2217 1580 2279 beatus
1598 2215 1787 2292 Apostolus,

102 2311 288 2373 creando
315 2312 422 2375 sactus
448 2318 498 2375 est
520 2315 619 2376 homo
639 2315 680 2376 ad
706 2314 883 2390 imaginem
905 2317 938 2378 θῖ
992 2335 1066 2379 cum
1081 2318 1226 2379 oleaster
1248 2317 1336 2378 esset
1354 2316 1499 2393 judaicae
1521 2314 1680 2392 perfidiae,
1704 2328 1789 2374 con-

102 2409 390 2471 similitudinem
426 2411 506 2487 Doi;
534 2412 727 2473 redimendo
755 2412 862 2473 lactus
888 2414 938 2475 est
991 2432 1109 2478 versus
1123 2416 1164 2477 ad
1187 2415 1284 2476 tidem
1299 2414 1422 2475 Christi
1442 2412 1640 2475 consecutus
1655 2412 1705 2474 est
1731 2410 1790 2470 mi·

102 2507 229 2567 Deus
238 2508 279 2568 ad
289 2507 469 2584 imaginem
480 2509 771 2572 etsimililudinem
780 2511 935 2572 hominis.
992 2513 1219 2587 sericordiam,
1236 2528 1296 2591 per
1310 2527 1408 2591 quam
1430 2510 1576 2573 insertus
1598 2508 1704 2571 estin
1726 2507 1793 2569 oli-

102 2599 194 2665 De
209 2605 262 2666 illo
286 2605 436 2668 dicitur:
464 2609 561 2669 Fecit
589 2612 681 2670 Deras
701 2611 875 2670 nerninem
894 2612 938 2670 ud
991 2628 1079 2685 vam,
1113 2611 1282 2673 radicatus
1312 2610 1345 2673 et
1369 2609 1527 2671 fundatus
1557 2608 1593 2668 iu
1626 2605 1790 2667 charitate

102 2698 326 2780 iampruem
348 2703 381 2767 et
395 2706 656 2768 manducaturus
676 2721 778 2768 suam
799 2704 896 2786 (Gen.
912 2722 935 2779 1,
992 2708 1126 2772 christi.
1142 2708 1235 2772 Unde
1247 2707 1339 2786 ipse:
1355 2707 1566 2771 Centaurum
1580 2706 1668 2780 arcad
1681 2716 1793 2777 acuam

111 2792 198 2871 26,
214 2799 277 2881 27).
294 2803 341 2862 Ι)θ
360 2800 423 2863 isto
438 2801 579 2865 dicitur:
598 2806 679 2865 curn
698 2803 733 2865 iu
752 2803 858 2866 forma
878 2803 937 2866 Dei
991 2822 1217 2883 mersaeque
1235 2807 1318 2879 otto,
1339 2818 1449 2881 acque
1465 2802 1667 2880 prasentia,
1681 2813 1791 2876 acqua

117 2897 231 2959 esset
260 2914 326 2959 nou
346 2899 497 2976 rapinam
524 2898 706 2964 aruitratus
724 2902 775 2965 est
807 2917 880 2964 esse
902 2918 937 2962 se
991 2906 1114 2980 pitina
1134 2905 1299 2980 potamau
1318 2919 1381 2967 aas
1394 2916 1563 2978 separare
1576 2915 1599 2961 a
1621 2897 1792 2963 οῖιανῖῖαῖθ
1836 2952 1842 2961 .

126 2995 304 3072 aequalem
320 2999 399 3058 Deo.
412 2999 847 3074 narlmurvrtsaneupsum
859 3002 937 3075 sor·
992 3007 1057 3066 Det
1066 3019 1143 3078 qzcae
1155 3003 1207 3065 est
1219 3006 1256 3064 in
1269 3002 1405 3065 sumto
1415 3005 1499 3064 lesu
1511 2998 1622 3078 (Rom.
1639 3012 1710 3069 rur,
1724 2993 1791 3075 39).

131 3100 238 3155 vnum
256 3099 353 3156 servu·
370 3097 604 3170 scriptumst
624 3099 660 3158 iu
678 3097 940 3161 staturianum
993 3102 1088 3164 Oliva
1101 3116 1231 3178 semper
1245 3099 1341 3162 viret.
1359 3100 1398 3161 st
1410 3098 1527 3160 beatus
1542 3094 1719 3173 Apostolus
1733 3093 1790 3155 vi-

137 3184 318 3253 leomarum
332 3194 457 3268 sactus,
480 3195 515 3256 et
530 3194 648 3257 habitu
663 3194 826 3257 iuventus
839 3199 939 3259 homo
993 3198 1061 3261 ruit
1074 3199 1109 3261 in
1130 3214 1207 3261 rore
1228 3213 1359 3275 semper
1382 3212 1536 3275 supernae
1551 3193 1686 3272 gratiae3
1707 3191 1794 3253 sicut

142 3279 278 3368 (Philip.
293 3306 332 3363 rr,
348 3289 395 3369 6).
993 3297 1064 3375 ipse
1079 3297 1146 3359 ait:
1164 3297 1289 3358 oratio
1302 3299 1367 3359 Det
1390 3311 1470 3357 sum
1486 3297 1521 3357 td
1539 3293 1628 3369 aaron
1649 3305 1739 3361 urm,
1761 3289 1795 3352 ct

188 3388 289 3468 Malus
311 3391 364 3450 est
386 3388 519 3467 quidem
543 3387 667 3452 habere
688 3388 939 3452 similitudinem
991 3396 1110 3470 pratia
1127 3396 1203 3467 ejus
1215 3397 1252 3454 la
1266 3408 1322 3455 mc
1337 3408 1452 3455 coccea
1465 3406 1534 3454 raon
1546 3390 1624 3465 fult,
1637 3391 1697 3450 scd
1708 3401 1797 3449 scm·

150 3476 214 3557 Del,
237 3502 336 3565 quam
358 3485 482 3548 hebere
504 3486 755 3549 similitudinem
776 3485 937 3563 honrinis;
991 3506 1056 3566 per
1066 3495 1167 3553 treme
1177 3491 1294 3552 manet
1307 3488 1336 3569 (Ι
1347 3492 1420 3551 Cor.
1434 3505 1489 3561 xv,
1501 3486 1564 3567 10).
1577 3487 1670 3548 Oliva
1679 3499 1795 3562 pacem

158 3581 203 3641 sel
216 3585 341 3645 tautiun
358 3586 466 3662 majus
486 3584 640 3663 estquod
661 3587 748 3646 Deus
768 3583 874 3646 lactus
889 3585 941 3646 est
994 3581 1792 3665 significat,etPauluspacemuobisannuntiavit,

160 3676 191 3738 ul
220 3680 397 3758 imaginem
430 3683 463 3744 et
497 3681 748 3745 similitudinem
782 3681 937 3757 hominis
994 3688 1073 3766 quia
1083 3687 1119 3748 in
1131 3687 1205 3765 ipso
1222 3685 1332 3764 posuit
1343 3687 1431 3747 Deus
1442 3682 1580 3745 verbum
1592 3678 1796 3742 reconcilia·

163 3788 240 3849 quam
253 3779 340 3858 quod
359 3780 457 3841 lromo
472 3779 579 3842 lactus
594 3781 645 3842 est
657 3780 698 3842 ad
714 3780 892 3856 imaginem
907 3781 941 3842 et
993 3786 1095 3848 tionis
1107 3786 1238 3847 vestrae.
1253 3783 1346 3846 Unde
1356 3783 1428 3860 ipse
1440 3804 1448 3844 z
1459 3779 1646 3854 laetificat-i
1658 3792 1705 3839 ea
1713 3778 1792 3850 lldc,

163 3872 394 3940 similitudinem
412 3876 483 3939 Dei.
510 3878 595 3940 Illud
615 3881 723 3957 majus
742 3881 792 3941 est
810 3877 940 3941 ratione
991 3899 1114 3960 pacem
1144 3885 1331 3945 luccamus
1365 3883 1410 3943 ud
1443 3884 1554 3942 Deum
1581 3891 1651 3952 per
1674 3878 1795 3936 lesum

163 3968 325 4049 liguriatis.
351 3975 443 4038 Istud
467 3979 575 4055 majus
600 3978 650 4038 est
672 3976 802 4038 ratione
821 3975 941 4054 ‹ligna-
995 3982 1170 4045 curtslum
1183 3978 1293 4060 (Rom.
1311 3995 1342 4052 v,
1358 3976 1402 4058 1).
1415 3973 1795 4039 ntalibi21³rocurlsto

162 4067 253 4135 lionis.
269 4074 351 4146 Quis
367 4089 448 4150 ergo
463 4074 612 4137 diffidere
626 4077 744 4153 potest,
759 4075 840 4154 quin
852 4077 940 4136 Deus
994 4082 1164 4158 copatione
1177 4081 1371 4155 montanica,
1395 4078 1561 4150 tonarium
1575 4078 1646 4136 Dco
1667 4076 1800 4134 cauar-

162 4167 342 4233 uisereatur
362 4171 466 4245 illius,
487 4188 584 4251 quem
604 4173 683 4235 iecit
701 4172 742 4234 ad
763 4172 941 4249 imaginem
999 4178 1094 4239 tanta
1116 4192 1185 4252 per
1212 4191 1286 4238 nos.
1316 4178 1539 4238 obsecramus
1559 4187 1626 4248 pro
1648 4169 1796 4243 consto,

102 4256 105 4325 ζ
162 4267 185 4327 rt
201 4270 452 4333 similitudinem
468 4287 575 4344 suam,
596 4287 693 4350 quern
715 4270 863 4349 praeiecit
877 4288 940 4333 vo·
994 4277 1278 4339 recornctliumtmt
1292 4277 1362 4335 Deo
1378 4271 1423 4352 (ll
1435 4272 1509 4333 Cor.
1523 4288 1555 4343 r,
1569 4266 1636 4347 20).

162 4358 609 4442 ladlihuscoeli,bestiister·roe
620 4368 811 4446 acpiscibus
821 4369 942 4429 marist
1036 4371 1130 4434 Oliva
1156 4370 1257 4433 habet
1287 4371 1323 4432 in
1348 4386 1384 4431 se
1408 4369 1475 4432 tria
1505 4363 1793 4435 commendabilia,

162 4459 229 4527 Nam
246 4467 358 4528 omnia
374 4466 516 4545 subjecit
530 4467 590 4528 sub
605 4466 743 4545 pedibus
760 4470 844 4544 ejus,
863 4483 942 4529 ores
996 4472 1149 4533 truncum
1164 4468 1301 4541 scilicet,
1316 4483 1427 4529 ramos
1442 4469 1477 4528 et
1488 4464 1641 4528 iructnm.
1656 4462 1696 4524 Et
1709 4465 1794 4523 Pau·

164 4562 187 4620 el
197 4561 292 4627 boves
302 4564 487 4637 universas,
499 4566 637 4642 iusuper
649 4566 682 4626 et
692 4581 812 4643 pecora
820 4565 940 4642 campi,
996 4569 1049 4629 lus
1066 4567 1181 4630 hahuit
1197 4569 1352 4630 truncum
1366 4567 1398 4628 et
1408 4580 1530 4630 ramos.
1543 4563 1619 4641 quia
1628 4559 1797 4621 radicatus

102 4652 105 4681 '
164 4659 297 4723 volucres
311 4663 387 4724 coeli
405 4665 438 4724 et
452 4663 562 4740 pisces
575 4663 677 4723 maris
692 4663 749 4741 qui
761 4662 941 4749 perambu-
997 4667 1030 4729 et
1054 4665 1210 4727 fundatus
1232 4665 1296 4727 ruit
1322 4664 1358 4725 in
1378 4664 1442 4724 ilde
1467 4658 1735 4739 patriarcharum
1761 4656 1795 4718 et

166 4751 218 4819 lunt
242 4761 378 4823 semitas
404 4761 518 4821 maris.
551 4761 630 4832 Quis
655 4762 766 4823 valeat
791 4761 943 4823 dubitare
998 4765 1235 4843 prophetarum
1259 4764 1292 4825 et
1315 4763 1511 4823 caeterorum
1531 4759 1673 4834 patrum.
1702 4753 1796 4816 Unde

167 4854 227 4927 lliss
247 4860 333 4919 Deus
354 4858 553 4920 misereatur
569 4858 672 4932 illius,
692 4862 827 4937 p1'0pter
846 4875 943 4937 quern
998 4863 1046 4925 ait
1059 4862 1185 4925 Judaeis
1198 4862 1234 4921 in
1248 4858 1384 4922 Actibus
1398 4855 1652 4934 Apostolorum:
1673 4853 1720 4914 ut
1733 4867 1797 4914 nos

168 4951 331 5018 exinanivit
341 4972 390 5026 se,
402 4955 542 5018 formam
553 4956 642 5018 servi
653 4957 832 5034 accipiens,
846 4957 882 5018 in
897 4956 944 5017 si·
998 4963 1092 5021 vobis
1105 4957 1355 5021 navarraearum
1375 4956 1644 5028 propassionem
1663 4966 1740 5025 preco
1753 4950 1800 5010 ad

169 5048 364 5116 militudinem
384 5054 556 5115 hominum
578 5053 685 5117 iactus
704 5057 737 5118 et
756 5054 942 5116 habituin-
993 5058 1117 5132 patres
1148 5056 1284 5116 orostrae
1311 5051 1404 5127 suctu
1432 5051 1485 5112 cst
1511 5049 1596 5129 (Act.
1627 5064 1701 5120 xrrr,
1727 5044 1795 5125 32).

170 5152 263 5211 ventus
284 5152 320 5215 ut
341 5152 576 5225 humefactus
595 5152 754 5215 obediens
776 5169 880 5230 usque
902 5153 943 5214 ad
999 5155 1122 5216 llabuit
1136 5152 1290 5223 fructum,
1308 5149 1404 5217 idest,
1419 5148 1530 5209 omnia
1546 5162 1646 5224 opera
1667 5144 1797 5222 perleu-

171 5251 295 5323 usuca,
308 5251 448 5312 mortem
459 5252 569 5313 autem
580 5251 701 5313 crucis.
713 5253 798 5314 Nam
810 5252 943 5329 proprio
999 5256 1117 5316 torum.
1136 5250 1230 5312 Unde
1244 5264 1332 5309 nunc
1343 5246 1507 5309 exclamat
1518 5261 1593 5305 curn
1609 5243 1793 5320 Propheta:

172 5338 222 5403 lilio
239 5364 295 5409 suo
314 5363 382 5409 non
402 5349 561 5425 pepercit,
579 5349 634 5412 sed
651 5365 711 5427 pro
725 5349 821 5411 nobis
836 5350 945 5411 omni·
999 5368 1017 5411 c
1040 5352 1107 5426 ligo
1133 5364 1206 5409 sum
1231 5345 1319 5408 oliva
1347 5343 1520 5406 fructifera
1546 5343 1581 5403 in
1605 5341 1702 5402 domo
1728 5342 1797 5401 Do-

172 5431 217 5499 lus
227 5445 357 5507 tradidit
370 5445 482 5521 illum;
499 5447 555 5524 qui
575 5448 703 5509 tautum
716 5447 834 5509 dilexit
848 5464 945 5508 mun·
1000 5447 1092 5508 mini.
1117 5463 1135 5505 s

173 5529 231 5600 dun
244 5546 277 5605 ut
295 5542 402 5605 illium
417 5560 513 5605 suurn
536 5545 744 5622 unigenitum
768 5545 863 5609 daret
885 5563 944 5626 pro
1039 5544 1190 5606 Diximus
1204 5542 1244 5603 de
1259 5540 1358 5611 oliva,
1376 5538 1472 5600 modo
1487 5538 1638 5599 dicamus
1656 5535 1696 5596 de
1710 5533 1795 5595 oleo.

172 5639 280 5703 mundo.
295 5640 452 5720 Alioquin
471 5642 594 5706 frustra
618 5644 715 5705 natus
730 5644 781 5706 est
794 5643 945 5707 Christus
999 5643 1077 5705 Tria
1094 5640 1174 5703 facit
1188 5640 1297 5703 oleum
1320 5660 1328 5699 ε
1354 5638 1457 5700 Sanat
1475 5635 1614 5697 vulnera
1632 5629 1792 5709 corporis,
