3794 6166
79 295 142 363 aas
310 278 315 283 ’
389 306 392 315 ·
538 290 715 355 ιιοιιοιιιι
736 292 782 355 ιιι
803 291 953 354 ornan.
967 321 1010 339 -
1024 282 1257 355 suanense.
1670 297 1731 356 ιιι

80 451 175 540 vobis
189 450 312 516 dictum
332 453 701 515 est:‹1.axesmanus
721 453 755 515 et
768 451 878 515 disso-
972 453 1157 530 sequamur
1177 451 1280 529 igitur
1294 465 1389 527 eum3
1410 450 1446 513 ut
1466 452 1598 529 quando
1620 452 1731 515 male-

79 569 98 613 «
119 551 189 615 luta
204 567 312 629 genua
334 550 464 628 erigite,
486 551 519 614 et
536 566 672 628 gressus
693 552 802 614 rectos
825 550 879 612 la·
930 548 1083 623 dicimur,
1098 566 1164 612 non
1186 548 1437 618 maledicamus,
1458 550 1515 612 sed
1544 550 1655 628 potins
1671 549 1731 613 he-

81 667 100 711 «
123 651 187 712 cite
210 648 349 727 pedibus
364 649 494 711 restris.
517 666 536 710 ι
556 648 688 711 hebetis
710 649 799 710 enim
817 664 877 710 vos
931 648 1134 717 dedicamus,
1147 650 1181 709 et
1190 647 1218 709 si
1233 647 1379 725 patimur
1387 647 1549 724 aliquoda
1564 648 1728 725 proximo,

83 747 248 808 firmiores
273 745 518 808 imbecillitates
541 745 748 807 infirmorum
773 745 877 806 susti·
931 761 997 807 nou
1019 745 1268 818 comminemur,
1292 744 1349 806 sed
1373 745 1539 821 patienter
1558 746 1730 809 sustinea-

81 860 173 916 nere,
189 846 223 906 et
237 861 304 906 non
321 843 565 920 vobismetipsis
580 844 723 920 placere,
740 844 787 915 ut,
802 859 876 905 cum
932 860 1017 904 mus.
1044 843 1137 905 Unde
1159 844 1362 919 Gregorius:
1386 860 1405 902 ιι
1426 843 1509 914 Quid
1534 844 1632 905 horno
1662 845 1731 921 pati

81 942 270 1003 infirmatur
284 941 405 1020 aliquis
421 941 455 1002 in
470 940 576 1014 vohis,
596 943 675 1004 tunc
687 944 803 1018 potens
820 940 879 1002 flat
932 957 991 1019 pro
1010 956 1045 1001 se
1060 940 1166 1012 dehet,
1184 941 1213 1001 si
1227 941 1319 1002 tanta
1343 956 1402 1017 pro
1418 940 1571 1002 omnihus
1596 943 1733 1018 pertulit

80 1056 141 1118 per
152 1056 222 1113 ros,
237 1043 271 1102 et
282 1039 422 1102 alterius
435 1055 537 1101 onera
552 1040 660 1117 portet
672 1038 762 1101 etsie
777 1039 879 1100 adim·
932 1040 1031 1110 Deus,
1056 1037 1134 1116 qnia
1165 1037 1236 1116 ipse
1268 1038 1413 1114 portarit
1445 1040 1580 1115 peccata
1615 1040 1733 1101 nostra

81 1134 173 1213 pleat
186 1135 292 1212 legem
307 1135 441 1196 Christi.
459 1137 527 1197 llas
542 1151 621 1197 oves
636 1134 772 1212 pascite,
785 1150 804 1196 o
819 1150 878 1194 vos
932 1151 1034 1213 super
1047 1136 1185 1212 lignum.
1202 1135 1325 1198 »Unde
1339 1135 1464 1196 lsaias:
1485 1139 1571 1198 Vere
1586 1141 1733 1214 ιαιιριιο-

83 1235 237 1309 pastores
251 1233 374 1306 orium,
392 1234 469 1311 quia
484 1234 518 1295 et
534 1232 661 1310 pastori
675 1232 787 1295 orium
806 1231 880 1293 dic-
931 1249 990 1295 res
1016 1234 1153 1296 nostros
1174 1236 1247 1309 ipse
1273 1235 1361 1306 tulit,
1377 1235 1411 1296 et
1432 1237 1565 1295 dotores
1591 1235 1730 1296 nostros

80 1331 151 1393 tum
166 1333 217 1393 est
230 1352 238 1391 ε
253 1336 364 1393 Pasce
379 1345 459 1393 oves
471 1346 578 1393 meos.
591 1330 653 1402 Qui
668 1330 756 1391 enim
766 1330 879 1407 pastor
932 1335 1005 1406 tpse
1026 1331 1181 1406 portavit
1198 1330 1266 1411 (Ps.
1290 1346 1361 1403 ιιιι,
1384 1328 1429 1408 4).
1451 1331 1600 1392 Portarit
1620 1333 1732 1392 autem

80 1429 132 1491 est
146 1429 269 1502 ovium,
286 1429 438 1507 proprias
453 1445 532 1490 ores
554 1430 652 1491 vocat
670 1427 877 1496 nominatim,
933 1445 999 1492 uon
1011 1430 1048 1490 ut
1059 1429 1131 1506 ipse
1144 1428 1291 1501 haberet,
1309 1427 1366 1489 sed
1377 1429 1413 1490 ut
1426 1444 1446 1489 a
1461 1427 1557 1490 nobis
1572 1429 1729 1490 auferret.

81 1527 115 1588 et
139 1527 250 1588 educit
269 1542 326 1589 eas
345 1527 381 1588 in
404 1527 477 1589 loco
497 1542 641 1604 pascuae,
664 1541 805 1603 pascens
820 1540 878 1586 eas
931 1527 981 1588 Ad
996 1526 1199 1604 sequendum
1210 1526 1376 1588 Christum
1390 1527 1501 1588 monet
1514 1543 1576 1587 nos
1589 1528 1733 1604 aposto-

81 1623 117 1685 in
132 1624 244 1686 herbis
256 1623 451 1698 virentibus,
466 1625 523 1702 qni
533 1624 633 1687 etiam
648 1623 754 1685 honus
764 1624 880 1701 pastor
932 1624 985 1686 lus
1008 1624 1141 1686 dicens:
1158 1625 1358 1687 imitatores
1379 1628 1449 1687 oret
1469 1625 1576 1686 estote
1593 1625 1684 1686 sicut
1697 1625 1731 1686 et

82 1722 141 1784 dat
161 1723 306 1784 animam
323 1739 418 1784 suam
433 1739 493 1800 pro
506 1722 623 1785 oribus
638 1721 721 1794 suis,
738 1736 780 1783 ne
795 1721 879 1783 sorte
932 1736 996 1799 epo
1010 1722 1138 1785 Cltrtsti
1160 1720 1189 1801 (Ι
1200 1723 1273 1783 Cor.
1287 1737 1334 1794 ιι,
1353 1719 1396 1800 1).
1411 1723 1458 1782 De
1470 1721 1533 1783 hac
1546 1721 1731 1783 imitatione

80 1818 880 1894 vobisdicatnr:Laccoroedebattscttontsope·
932 1819 1174 1897 Apocalypsis:
1194 1819 1383 1880 Eeercttus
1408 1822 1468 1894 put
1485 1820 1568 1880 sunt
1588 1823 1626 1880 ie
1648 1824 1732 1881 coelo

79 1921 275 1992 elebamini,
288 1934 432 1996 precem
443 1920 562 1981 autem
571 1921 712 1981 Domini
726 1932 880 1993 recnpos·
932 1918 1125 1991 sequentur
1140 1920 1234 1980 tuum
1255 1920 1292 1977 ιἰι
1313 1920 1409 1990 eputs
1423 1919 1506 1978 olbis
1522 1915 1637 1995 (Apcc.
1658 1933 1730 1989 ιιι,

81 2017 208 2078 cebetis
217 2015 474 2095 (Ezechxmr,
484 2015 531 2096 3).
545 2016 608 2078 Sed
619 2018 787 2094 tamquam
798 2031 881 2079 mer·
934 2014 998 2094 14).
1015 2015 1202 2086 Exercitus,
1216 2014 1274 2091 qui
1288 2015 1366 2076 sunt
1383 2014 1419 2074 in
1440 2014 1535 2087 coelo,
1552 2015 1630 2075 sunt
1651 2013 1732 2075 boni

81 2115 236 2176 cenarius
259 2115 293 2176 et
313 2115 452 2193 quinon
476 2117 527 2177 est
546 2115 660 2192 pastor
683 2114 797 2191 lupum
820 2130 881 2175 ve·
934 2112 998 2173 viri
1014 2113 1046 2176 et
1056 2113 1151 2191 Justi,
1168 2113 1225 2190 qui
1239 2112 1314 2173 ideo
1329 2111 1568 2173 dicunturesse
1584 2112 1619 2172 in
1632 2113 1729 2185 coelo,

81 2212 229 2274 nientem
242 2213 333 2274 videt
345 2214 379 2275 et
390 2213 526 2275 dimittit
540 2229 620 2274 oves
636 2212 669 2274 et
683 2212 778 2288 sugit.
935 2210 1013 2287 quia
1039 2210 1110 2273 sola
1132 2210 1280 2271 coelestia
1304 2209 1461 2285 dihgunt,
1483 2210 1555 2270 sola
1584 2210 1732 2271 coelestia

122 2310 176 2372 llli
192 2310 497 2388 benereniuntqui
519 2313 704 2390 sequuntur
718 2313 833 2382 Deum,
848 2310 882 2373 et
935 2310 1099 2386 quaerunt.
1129 2308 1171 2369 lli
1197 2307 1364 2368 exercitus
1392 2307 1577 2384 sequuntur
1603 2310 1728 2379 lesum,

82 2410 306 2485 assequuntur
327 2409 509 2471 secuudum
523 2409 713 2486 exemplum
727 2408 880 2484 magistri
935 2406 1067 2485 quando
1080 2407 1272 2484 expugnant
1282 2406 1318 2466 in
1333 2422 1368 2467 se
1382 2406 1464 2467 vitia
1477 2421 1537 2482 per
1550 2406 1733 2467 correctio·

82 2507 136 2568 sui
162 2505 254 2568 Petri
281 2507 421 2569 dicentis
445 2523 487 2568 :c
511 2507 664 2569 Christus
688 2522 808 2583 passus
832 2507 881 2568 est
935 2522 1022 2578 nem,
1050 2506 1084 2566 in
1111 2505 1272 2583 proximis
1301 2520 1360 2581 per
1383 2504 1651 2567 admonitionem.
1673 2505 1731 2566 lsti

84 2621 103 2663 c
125 2619 185 2681 pro
205 2602 313 2676 nohis,
337 2605 433 2666 robis
458 2604 652 2682 relinquens
678 2603 879 2680 exemplum,
935 2603 1102 2665 exercitus
1121 2603 1246 2665 suntin
1262 2602 1355 2679 equis
1375 2600 1473 2675 albis,
1490 2601 1586 2670 idest,
1600 2602 1636 2663 in
1651 2617 1731 2662 ccr-

82 2715 103 2762 ιι
124 2702 179 2779 qui
190 2701 881 2779 peccatumnonlecitnecdolusinventus
935 2700 1071 2778 poribus
1091 2701 1206 2761 castis.
1228 2701 1373 2776 Corpora
1391 2698 1552 2761 bonorum
1575 2699 1733 2761 dicuntur

82 2817 101 2859 c
122 2801 174 2861 est
195 2800 229 2860 in
257 2815 315 2861 ore
338 2803 422 2877 ejus,
445 2801 502 2878 qui
528 2815 602 2860 curn
626 2798 882 2860 malediceretur
935 2798 1023 2876 adul,
1042 2798 1132 2875 quia,
1148 2799 1235 2860 sicut
1249 2798 1437 2873 diriguntur
1455 2812 1515 2874 per
1528 2796 1731 2859 voluntatem

85 2913 192 2959 «non
220 2896 487 2969 remaledicebat,
516 2914 591 2958 cum
616 2896 787 2974 pateretur
814 2912 881 2956 non
935 2896 1067 2974 equitis,
1084 2896 1131 2957 ita
1148 2895 1315 2973 Justorum
1337 2910 1477 2972 corpora
1498 2895 1660 2971 reguntur
1676 2911 1732 2956 se-

84 3011 103 3055 «
125 2993 399 3057 comminabatur.
416 3013 434 3054 ιι
450 2992 479 3072 (Ι
492 2997 562 3057 Pet.
578 3010 615 3067 ιι,
629 2996 669 3055 23
681 2995 714 3056 et
729 2992 826 3072 serp).
844 2996 881 3054 ln
936 2992 1289 3055 cundumvoluntatem
1303 2993 1449 3069 spiritus.
1462 2992 1520 3054 leti
1530 2992 1732 3070 equidebent

83 3092 147 3155 hoc
161 3092 225 3155 tria
241 3109 364 3169 genera
380 3094 591 3171 peccatorum
610 3092 829 3168 designantur
849 3092 882 3153 et
937 3106 1012 3153 esse
1036 3090 1115 3165 albi,
1143 3091 1242 3163 idest,
1261 3106 1400 3167 corpora
1420 3091 1513 3152 casta
1538 3093 1571 3152 et
1596 3091 1731 3163 munda,

85 3190 253 3254 aChristo
273 3191 506 3267 removentur,
532 3190 703 3269 peccatum
726 3189 882 3251 videlicet
936 3188 1022 3265 quod
1046 3188 1075 3249 si
1095 3203 1161 3250 non
1175 3188 1309 3261 luerint,
1324 3188 1440 3249 mundi
1460 3203 1615 3251 essenon
1635 3190 1733 3265 pote-

87 3289 310 3365 cogitationis,
327 3305 402 3351 curn
415 3289 555 3352 dicitur:
568 3292 673 3350 Dolus
685 3302 753 3350 ιιοιι
768 3288 820 3349 est
832 3291 883 3349 ιἰι-
936 3287 1025 3348 runt.

82 3388 208 3450 ceratus
221 3391 258 3449 tn
271 3403 333 3450 cre
345 3392 430 3461 ejus
445 3387 547 3463 Dolus
566 3401 708 3462 namque
725 3402 769 3448 ex
783 3385 882 3447 corde
977 3385 1058 3447 ltem
1075 3401 1082 3445 :
1098 3387 1161 3451 out
1180 3384 1251 3446 vult
1272 3386 1392 3446 uertere
1409 3383 1486 3457 post
1508 3398 1575 3455 me,
1591 3384 1734 3460 abnepet

85 3486 256 3564 peccatum
271 3487 322 3548 est
336 3486 523 3559 locutionis,
539 3503 613 3548 cum
638 3486 781 3547 dicitur:
798 3487 883 3546 σιιιιι
936 3483 1171 3558 semetipsum,
1188 3482 1222 3543 et
1240 3482 1333 3543 tollat
1353 3496 1491 3543 crucem
1506 3495 1608 3542 suem
1624 3481 1657 3541 et
1676 3497 1733 3542 se·

81 3587 359 3657 razotediceretur‚
382 3600 451 3646 ιιοιι
465 3585 736 3647 reocutedicebct.
759 3585 884 3644 Pecca-
936 3581 1065 3654 paratur
1076 3595 1131 3641 me
1147 3578 1277 3658 (Matth.
1295 3575 1440 3656 xr1,24).
1459 3579 1521 3650 Qui
1535 3578 1605 3640 vult
1619 3578 1734 3639 venire

83 3684 153 3745 tum
169 3682 372 3760 operationis
386 3699 459 3744 cum
480 3683 612 3754 dicitur,
629 3685 687 3755 qut
703 3681 883 3755 peccatum
936 3677 1011 3752 post
1030 3693 1094 3748 me,
1117 3692 1176 3752 per
1198 3692 1261 3748 me,
1278 3677 1311 3737 et
1334 3676 1375 3737 ad
1396 3692 1459 3747 me,
1482 3676 1557 3753 post
1579 3691 1631 3736 me
1656 3675 1733 3752 qnia

82 3782 257 3854 rorefecit.
936 3773 1059 3835 veritas
1083 3789 1168 3844 sum,
1189 3789 1248 3850 per
1268 3789 1321 3834 me
1340 3775 1418 3851 quia
1433 3774 1487 3834 via
1511 3789 1594 3845 sum,
1611 3773 1651 3833 ad
1681 3789 1734 3833 me

123 3879 163 3938 nt
184 3877 256 3938 haec
278 3878 355 3938 sunt
382 3877 446 3938 tria
475 3874 680 3937 universalia
703 3873 739 3934 in
763 3872 881 3948 quihus
936 3869 1091 3946 quiarita
1108 3886 1191 3941 sum,
1208 3869 1350 3946 abneget
1363 3871 1575 3948 semetipsum
1592 3872 1625 3932 et
1639 3870 1735 3932 tollat

85 3975 231 4035 omnium
266 3976 475 4051 peccatorum
509 3988 632 4047 genera
663 3969 883 4045 comprehen-
936 3982 1067 4028 crucem
1087 3983 1181 4028 suam
1195 3968 1228 4028 et
1250 3971 1410 4046 sequatur
1423 3985 1486 4030 me.
1501 3969 1578 4030 Tria
1593 3970 1733 4045 possunt

83 4071 231 4133 duntur:
257 4073 427 4148 peccatum
447 4069 576 4130 scilicet
591 4067 813 4142 cogitationis,
831 4066 884 4127 lo·
936 4064 1058 4125 Christi
1079 4065 1139 4126 Dei
1161 4065 1267 4127 virtus
1287 4068 1320 4128 et
1341 4067 1401 4128 Dei
1427 4067 1600 4145 sapientia,
1618 4067 1730 4143 magni

84 4170 227 4232 cutionis
243 4171 276 4231 et
287 4167 502 4245 operationis.
517 4169 563 4227 De
583 4166 690 4243 primo
709 4165 831 4226 dicitur
846 4165 881 4225 in
936 4162 1067 4224 consilii
1091 4163 1231 4239 angelus
1246 4164 1366 4225 animae
1384 4165 1539 4226 rationali
1556 4165 1666 4225 lacere
1685 4164 1728 4225 ad

86 4269 194 4331 lsaia:
220 4267 365 4340 Auferte
388 4271 518 4327 ιιιιιιιιιιι
532 4266 779 4342 cogitationum
799 4279 881 4325 ces·
936 4260 1116 4336 imaginem
1140 4262 1330 4335 Trinitatis,
1357 4263 1500 4335 scilicet,
1524 4262 1728 4335 servitutem,

84 4367 275 4429 cremonae
285 4365 391 4425 cerdis
401 4365 489 4422 reseis
500 4359 556 4439 (ls.
572 4377 595 4433 l,
606 4359 669 4439 16).
682 4362 728 4421 De
737 4359 881 4420 secundo
935 4358 1097 4419 vilitatem
1112 4360 1380 4436 etasperitatem.
1394 4364 1430 4421 ln
1446 4360 1664 4437 abnegatione
1679 4361 1731 4420 sui

85 4458 883 4542 inpsalmo:Quorumcaratoledtcttoneetcmc·
936 4456 1090 4529 servitus,
1121 4457 1156 4518 in
1182 4458 1378 4519 toleratione
1404 4459 1514 4520 crucis
1539 4458 1667 4530 vilitas,
1695 4458 1730 4518 in

83 4564 235 4626 ritudtne
249 4563 387 4632 plectum
401 4558 453 4618 est
465 4555 535 4634 (Ps.
551 4558 599 4626 13,
615 4555 663 4634 3).
674 4557 720 4615 De
731 4554 796 4616 tert
811 4570 830 4614 o
846 4555 881 4614 in
937 4553 1121 4616 imitatione
1141 4555 1263 4617 Christi
1285 4556 1447 4633 asperitas
1470 4556 1671 4632 designatur,
1697 4556 1732 4615 ut

85 4660 260 4723 Salomone
275 4672 282 4711 :
299 4654 481 4716 testantur
494 4669 572 4714 ιιιιιι
586 4653 833 4726 ecclcseeertnt,
848 4653 881 4714 ct
936 4667 1009 4728 quae
1026 4668 1086 4728 per
1101 4652 1357 4714 inobedientiam
1371 4654 1411 4714 de
1424 4655 1512 4715 statu
1523 4656 1662 4715 terrenae
1676 4651 1731 4712 ie-

83 4755 242 4825 caueant
266 4755 303 4813 tu
326 4753 429 4812 rebus
441 4754 604 4825 pessimis
626 4749 739 4828 (Prcv.
759 4765 796 4821 ιι,
815 4748 879 4827 14).
936 4749 1072 4811 licitatis
1089 4751 1255 4813 ceciderat
1273 4751 1449 4813 humiliata
1471 4751 1646 4814 affectione
1660 4751 1733 4812 ter·

85 4855 205 4919 Contra
228 4850 398 4927 peccatum
420 4848 540 4920 cordis,
566 4849 676 4911 cordis
702 4848 879 4922 contritio;
935 4864 1026 4911 ranae
1057 4849 1202 4910 miseriae
1230 4865 1290 4927 per
1318 4850 1539 4912 obedientiam
1567 4849 1732 4925 resurgat.

83 4954 197 5019 contra
214 4946 384 5027 peccatum
398 4946 476 5017 oris,
492 4946 560 5007 oris
573 4946 754 5020 consessi03
766 4947 881 5007 contra
936 4946 1061 5008 Cecidit
1079 4947 1203 5007 enima
1222 4964 1258 5008 se
1274 4947 1356 5024 ipsa,
1374 4964 1393 5008 a
1412 4948 1570 5010 societate
1592 4948 1734 5023 angelo-

83 5048 253 5135 peccutum
275 5043 397 5121 operis
414 5044 525 5120 operis
547 5044 741 5106 satisfactio.
766 5046 882 5115 Quan-
935 5060 1022 5116 rum,
1047 5044 1210 5106 arisione
1225 5045 1333 5116 Deba
1358 5045 1522 5117 libertate,
1546 5062 1565 5106 a
1587 5044 1735 5106 heatitu-

84 5163 183 5233 quurn
201 5144 234 5205 ot
253 5142 287 5203 in
303 5141 449 5218 quolibet
467 5142 599 5203 mortali
615 5142 687 5203 haec
701 5141 765 5203 tria
782 5141 881 5202 simul
936 5142 1023 5203 dine.
1038 5142 1160 5204 Audiat
1182 5158 1262 5218 ergo
1277 5143 1463 5215 considum,
1481 5145 1518 5204 ut
1534 5142 1733 5218 abnegando

85 5248 153 5313 sint
166 5239 367 5306 necessaria.
384 5240 499 5315 Neque
515 5239 603 5300 enim
617 5239 740 5301 sufficit
754 5239 881 5301 homini
935 5241 1081 5316 seipsum
1097 5239 1206 5308 horno,
1218 5239 1314 5311 idest,
1330 5240 1499 5317 propriam
1514 5240 1734 5312 voluntatem,

84 5343 386 5431 quantumcumque
408 5336 520 5399 dolero
536 5337 576 5399 de
594 5338 740 5415 peccato,
755 5337 783 5398 si
799 5338 881 5398 illud
936 5337 987 5398 sui
1009 5337 1194 5399 libertatem
1220 5339 1405 5414 recuperet,
1427 5337 1572 5399 tollendo
1596 5352 1734 5399 crucem

33 5424 36 5433 ¹
84 5443 157 5529 quie
168 5435 340 5499 erubuerit
353 5434 514 5496 confiteri.
529 5436 598 5495 Nec
609 5435 709 5496 etiam
725 5435 881 5497 contritio
936 5451 1041 5508 suam,
1056 5435 1152 5502 idest,
1168 5451 1301 5496 carnem
1316 5451 1389 5495 cum
1406 5435 1497 5497 vitiis
1511 5436 1544 5497 et
1556 5435 1738 5510 concupis·-

50 5560 53 5565 ·
68 5564 71 5569 ·
84 5543 117 5611 et
129 5533 295 5599 ‹rrlrssossio
307 5533 487 5605 sufiiciunt,
501 5533 529 5593 si
540 5533 776 5611 contempserit
786 5533 882 5595 satis·
935 5533 1054 5595 centiis
1068 5533 1305 5610 cr·ucitlgendo;
1319 5549 1377 5610 per
1386 5533 1599 5595 continentiae
1611 5531 1736 5594 bonum

21 5622 28 5673 '-
69 5640 193 5713 ¹tacere
213 5633 311 5694 homo
322 5632 420 5711 Juxta
439 5631 612 5695 arbitrium
631 5631 798 5694 Ecclesiae.
934 5632 1109 5709 recuperet
1130 5631 1320 5694 societatem
1340 5631 1545 5709 angelorum,
1565 5630 1736 5708 sequendo
