3802 6166
121 276 180 337 467

162 433 377 498 Decernlmus
398 447 478 509 ergo
498 432 534 493 ut
549 428 632 491 nulll
649 428 784 490 omnine
803 427 916 489 homi-

123 550 201 595 num
224 532 322 593 liceat
345 529 518 609 praelatum
538 526 772 607 monasterium
792 527 916 587 temere

122 630 328 710 perturbare,
353 630 412 689 aut
437 631 509 703 ejus
524 626 751 703 possessiones
770 623 914 694 auferre,

122 730 177 790 vel
200 728 326 789 ablatas
349 726 503 796 retinere,
520 726 680 795 minuere,
702 739 761 783 seu
775 720 915 799 quibus-

122 826 201 888 libet
223 825 453 887 vexationibus
474 823 625 899 fatigare.
649 821 712 882 Sed
735 822 845 882 omnia
864 822 917 880 in-

121 927 215 1000 tegra
257 925 495 986 conserventur
530 937 644 982 eurum
681 936 739 997 pro
777 935 916 996 quorum

122 1022 362 1099 gubernatione
400 1036 439 1082 ac
482 1020 723 1081 sustentatione
759 1033 917 1079 concessa

123 1124 210 1190 sunt,
245 1120 358 1180 usibus
383 1119 580 1179 omnimodis
606 1117 788 1195 profutura.
816 1116 916 1176 Salva

124 1218 427 1295 sedisapostolicae
446 1218 635 1287 autoritate,
651 1216 684 1276 et
702 1215 737 1275 in
751 1214 916 1290 praedictis

123 1317 273 1378 ecclesiis
287 1316 549 1377 dioecesanorum
566 1314 795 1391 episcoporum
809 1328 915 1373 cauo-

123 1416 198 1476 nica
210 1415 352 1491 justitia.
366 1415 401 1475 Si
415 1429 479 1490 qua
493 1414 594 1489 igitur
606 1412 640 1472 in
656 1412 801 1472 futurum
814 1410 918 1471 eccle·

123 1513 260 1575 siastica
286 1512 489 1572 secularisve
517 1526 658 1586 persona
682 1509 769 1569 hanc
793 1511 916 1569 nostrae

123 1609 367 1672 constitutionis
389 1609 545 1685 paginam
561 1609 682 1680 sciens,
705 1608 819 1668 contra
843 1621 916 1666 eam

122 1710 247 1769 temere
268 1707 383 1769 venire
405 1707 592 1778 tentaverit,
616 1704 760 1766 secundo
778 1704 917 1765 tertiove

124 1805 334 1875 commonita,
357 1805 422 1865 nisi
441 1806 569 1866 reatum
591 1819 685 1863 suum
701 1817 847 1877 congrua
862 1815 919 1860 sa-

15 1978 20 1985 ,
123 1903 312 1965 tissactione
323 1903 516 1973 correxerit,
529 1900 702 1979 potestatis
715 1898 917 1976 honorisque

124 2003 176 2062 sui
191 2002 351 2077 dignitate
366 2002 488 2071 careat,
509 2015 667 2076 reamque
681 2014 716 2058 se
732 1997 842 2057 divino
861 2000 919 2074 ju-

124 2099 212 2160 dicio
230 2100 372 2161 existere
388 2099 428 2159 de
448 2099 633 2175 perpetrata
650 2097 824 2173 iniquitate
840 2111 919 2170 cog-

124 2194 917 2273 nuscatetasacratissimocorporeacsanguine

123 2295 183 2355 Dei
218 2296 251 2356 et
285 2295 414 2357 Domini
451 2294 680 2370 lledenrptoris
707 2292 811 2353 nostri
837 2293 917 2353 Jesu

124 2393 245 2454 Christi
270 2392 381 2454 aliena
405 2393 473 2464 flat,
495 2393 594 2469 atque
613 2391 646 2451 iu
663 2391 811 2451 extreme
835 2404 919 2449 ena-

123 2490 212 2551 mine
240 2489 398 2552 districtae
427 2489 597 2566 subjaceat
625 2489 754 2550 ultioni.
785 2488 918 2549 Cunctis

123 2591 233 2649 autem
256 2588 363 2648 eidem
378 2588 539 2664 locojura
558 2604 617 2647 sua
638 2586 859 2658 servantibus,
876 2586 919 2647 sit

123 2702 190 2763 pau
211 2686 341 2746 Domini
364 2686 468 2747 nostri
489 2688 568 2747 Jesu
590 2685 730 2756 Christi,
755 2686 917 2761 quatenus

123 2784 223 2845 ethic
242 2783 384 2845 fructum
398 2783 493 2845 bonae
511 2783 652 2843 actionis
673 2782 869 2859 percipiant,
886 2783 918 2843 et

124 2882 210 2958 apud
240 2880 425 2942 districtum
449 2880 595 2959 judicem
620 2880 756 2956 praemia
784 2880 917 2940 aetemae

125 2979 217 3055 pacis
230 2979 412 3041 inveniant.
427 2983 544 3039 Amen.

165 3079 282 3137 Datum
317 3078 486 3151 Anagnia,
511 3092 570 3153 per
602 3091 735 3135 manum
769 3073 917 3136 Rainerii

124 3177 247 3236 sanctae
281 3177 438 3236 Romanae
469 3174 623 3235 Ecclesiae
652 3172 918 3234 vicecancellarii

124 3273 232 3349 pridie
245 3273 320 3347 idus
328 3274 417 3349 julii,
431 3272 611 3333 indictione
626 3272 752 3349 quinta,
766 3274 920 3332 lucarna-

125 3370 918 3446 tionisDominicaeannclssll,pontificatusvero

124 3466 250 3529 domini
266 3470 404 3530 lionorii
417 3486 510 3547 papae
525 3469 614 3529 tertii
626 3483 712 3528 anno
729 3467 846 3543 primo.

165 3568 232 3641 Ego
253 3567 430 3639 Honorius,
447 3565 625 3627 Catholicae
643 3565 799 3626 Ecclesiae
815 3565 917 3642 episc.

165 3666 233 3740 Ege
250 3665 417 3741 Pelagius,
429 3664 625 3725 Albaneusis
640 3663 825 3739 episcopus.

166 3764 233 3836 Ego
244 3762 362 3831 (luido,
378 3762 592 3823 Prenestinus
605 3760 791 3837 episcopus.

165 3861 233 3935 Ego
252 3860 409 3932 Cinctius,
434 3859 626 3921 Pertuensis
643 3861 676 3919 et
698 3859 821 3919 sanctae
848 3859 919 3918 Ru-

125 3956 237 4034 pbinae
252 3957 437 4034 episcopus.

166 4056 234 4129 Ego
251 4058 379 4127 Petrus,
398 4053 590 4115 Sabinensis
605 4053 790 4131 episcopus.

164 4155 231 4227 Ege
260 4154 337 4223 Leo,
374 4154 503 4213 Sanctae
530 4152 643 4213 Crucis
675 4152 708 4212 in
733 4150 919 4213 Jerusalem

126 4249 299 4327 presbyter
311 4249 501 4311 cardinalis.

167 4351 234 4423 Ego
256 4347 430 4419 Robertus,
456 4347 551 4409 titulo
576 4348 682 4409 sancti
705 4346 864 4426 Stephani
886 4346 920 4407 in

127 4449 237 4508 monte
252 4447 354 4507 Coeliu
371 4445 541 4523 presbyter
555 4445 747 4506 cardinalis.

167 4545 234 4620 Ego
249 4544 447 4621 Stephanus,
460 4543 613 4604 Basilicae
627 4542 799 4603 duodecim
814 4545 922 4619 apos-

127 4642 269 4704 tolorum
280 4642 454 4719 presbyter
468 4642 659 4702 cardinalis.

167 4742 235 4815 Ege
261 4740 377 4810 Guido,
409 4740 515 4800 sancti
545 4738 700 4799 Nicholai
719 4739 754 4799 in
787 4752 921 4798 carcere

127 4838 280 4898 Tulliano
291 4838 451 4898 diaconus
464 4836 655 4899 cardinalis.

168 4938 235 5010 Ego
249 4937 460 5005 Octavianus,
474 4936 662 4996 sanctorum
675 4934 782 5010 Sergii
794 4933 826 4995 et
838 4934 922 4993 Bac-

128 5032 182 5092 chi
198 5032 357 5095 diaconus
372 5033 565 5094 cardinalis.

169 5132 235 5204 lage
267 5133 446 5203 Romanus,
481 5131 586 5192 sancti
612 5129 729 5205 Augeli
761 5129 921 5190 diaconus

128 5227 320 5289 cardinalis.

168 5327 235 5399 Ego
260 5325 457 5402 Stephanus,
474 5325 579 5387 sancti
602 5324 737 5385 Adriani
761 5324 922 5385 diaconus

128 5422 320 5485 cardinalis.

743 267 919 329 uoaonu
942 266 1154 359 urornnn.

1281 450 1462 539 cathal

970 604 1023 664 Ad
1033 605 1236 675 albericum,
1253 606 1457 665 Remeauem
1471 605 1764 677 arcntcptsoopum

1170 701 1203 761 ct
1217 700 1457 777 suffraganeos
1472 703 1560 772 ejus.

1271 832 1304 889 ll
1316 830 1379 904 julii
1395 831 1474 888 1217.

1013 947 1147 1011 [bouquet.
1171 946 1271 997 Recueil
1286 945 1330 995 des
1345 946 1489 1004 historiens,
1505 950 1526 995 t.
1540 945 1610 1001 XlX,
1622 961 1648 1010 p.
1659 944 1725 1010 usit

971 1053 1062 1121 orrum
1082 1054 1266 1110 innocentius
1284 1055 1360 1125 Papa
1379 1051 1560 1110 buchardum
1579 1051 1617 1109 de
1638 1053 1763 1121 Avesnis,

1006 1140 1221 1207 subdiaconum,
1244 1141 1548 1199 excommunicationis
1567 1139 1687 1197 viuculo
1705 1140 1762 1197 sub·

1003 1229 1128 1302 jecisset,
1141 1229 1216 1303 quod
1227 1231 1274 1287 ille
1288 1230 1469 1287 matrimonio
1484 1230 1584 1287 illicito
1595 1229 1652 1286 sibi
1663 1229 1763 1302 junxis-

1006 1325 1050 1374 sel
1061 1319 1264 1391 Margaretam,
1275 1317 1456 1375 Flandrensis
1467 1319 1625 1375 comitisse
1633 1332 1762 1385 sororem,

1007 1408 1150 1463 Honorius
1168 1408 1297 1463 censuris
1311 1404 1386 1463 baud
1402 1406 1611 1479 obsequentem
1629 1420 1698 1462 euru
1716 1406 1759 1462 ite

1007 1503 1068 1552 rato
1079 1494 1262 1552 anathemate
1274 1495 1357 1567 plecti
1370 1494 1460 1568 jubet.

1012 1623 1178 1683 Honorius
1194 1622 1404 1699 episcopus...
1430 1620 1682 1683 venerabilibus
1704 1620 1762 1681 tra·

971 1719 1077 1781 tribus
1102 1720 1352 1796 archiepiscopo
1373 1719 1528 1781 Remensi
1548 1721 1582 1781 et
1604 1719 1761 1795 suflraga-

971 1817 1086 1893 ganeis
1102 1820 1184 1894 ejus,
1199 1818 1351 1889 salutem,
1365 1819 1427 1878 etc.

1013 1916 1145 1976 Utinam
1160 1916 1310 1991 apostata
1326 1915 1382 1976 ille
1396 1918 1433 1976 B.
1449 1914 1489 1975 de
1503 1915 1659 1985 Avesnis,
1676 1913 1760 1990 perd·

972 2012 1044 2083 dus,
1070 2012 1268 2089 impudicus,
1288 2013 1341 2073 vel
1361 2028 1538 2088 percussus
1556 2011 1696 2081 doleret,
1716 2009 1758 2070 vel

973 2111 1103 2171 attritus
1127 2110 1293 2186 acciperet
1315 2109 1545 2186 disciplinam!
1570 2110 1608 2169 ut
1635 2107 1757 2168 vexatio

973 2207 1036 2267 sibi
1065 2209 1200 2283 pareret
1228 2207 1448 2278 intellectum,
1479 2208 1512 2267 et
1540 2207 1669 2282 repleta
1697 2207 1758 2281 ejus

973 2304 1057 2365 facie
1076 2304 1272 2381 ignominia,
1296 2306 1482 2365 verteretur
1502 2304 1627 2381 impius
1648 2306 1680 2363 et
1702 2318 1755 2362 non

973 2405 1070 2474 esset,
1101 2419 1143 2463 ne
1169 2402 1413 2479 vituperaretur
1434 2416 1493 2478 per
1514 2417 1590 2461 eum
1619 2400 1755 2460 ministe-

973 2501 1059 2561 rium
1083 2500 1209 2562 ordinis
1232 2498 1409 2571 clericalis,
1436 2514 1497 2560 nec
1515 2498 1664 2575 operiret
1685 2512 1754 2557 con·

972 2597 1058 2659 fusio
1074 2598 1202 2659 vultum
1217 2599 1300 2674 ejus,
1325 2597 1382 2658 sed
1400 2612 1420 2656 a
1438 2612 1519 2656 voce
1533 2594 1751 2672 exprobrantis

972 2697 1005 2756 et
1028 2694 1235 2771 obloquentis
1262 2696 1349 2755 esset
1376 2694 1552 2763 immunis,
1584 2708 1684 2768 quum
1707 2704 1753 2767 per

973 2793 1065 2852 illum
1087 2808 1206 2853 nomen
1222 2791 1376 2852 clericale
1398 2791 1433 2851 in
1446 2789 1601 2865 gentibus
1613 2788 1751 2864 blasphe

973 2892 1090 2961 metur,
1108 2893 1140 2951 et
1154 2906 1211 2950 vus
1225 2906 1284 2966 pro
1296 2905 1336 2949 eo
1351 2888 1392 2948 de
1409 2887 1551 2964 quadam
1567 2884 1751 2961 negligentia

972 2987 1152 3048 videamini
1166 2986 1338 3063 arguendi.
1357 2986 1414 3046 llle
1427 3001 1581 3061 namque,
1597 2982 1752 3045 comesset

973 3084 1196 3146 subdiaconus
1231 3086 1264 3145 et
1297 3086 1413 3145 cantur
1446 3082 1597 3144 ecclesiae
1633 3079 1753 3142 baudu-

974 3183 1099 3252 nensis‚
1117 3184 1215 3259 prout
1234 3181 1399 3243 notorium
1423 3196 1496 3241 esse
1517 3180 1656 3250 cunstat,
1680 3179 1752 3237 totus

974 3279 1103 3339 dicatus
1128 3278 1229 3349 vitiis,
1256 3277 1434 3339 virtutibus
1456 3276 1630 3347 abdicatis,
1654 3271 1752 3352 prodi·

974 3378 1098 3437 tionem
1130 3375 1228 3437 simul
1265 3376 1430 3437 cummisit
1460 3376 1492 3437 et
1520 3375 1668 3449 raptum,
1691 3371 1752 3431 dun

974 3474 1117 3535 nobilem
1136 3474 1298 3535 nulierem
1322 3472 1557 3549 Margaretam,
1579 3482 1753 3547 germanam

974 3572 1095 3632 nobilis
1115 3572 1265 3633 mulieris
1288 3571 1450 3633 Johannae
1471 3569 1649 3630 comitissae
1668 3566 1752 3629 Flau-

974 3670 1117 3740 drensis,
1138 3686 1206 3729 suae
1225 3668 1300 3729 tidei
1323 3666 1599 3733 commendatam,
1622 3666 1661 3726 de
1685 3678 1752 3741 quu-

974 3766 1048 3827 dam
1066 3768 1173 3828 castro
1189 3765 1416 3827 fraudulenter
1428 3767 1460 3825 et
1480 3763 1646 3825 violenter
1661 3761 1752 3823 abdu-

974 3879 1063 3935 cens,
1087 3879 1160 3924 eam
1181 3863 1382 3925 matrimonii
1399 3862 1598 3933 velamento,
1616 3859 1698 3938 quud
1712 3872 1753 3917 ne

974 3977 1138 4039 quaquam
1167 3961 1364 4023 contrahere
1392 3961 1531 4036 poterat,
1560 3959 1678 4021 illicite
1701 3952 1752 4015 sibi

975 4059 1173 4120 commercio
1186 4057 1372 4134 copulavit:
1394 4073 1502 4133 quam,
1519 4058 1556 4117 ut
1572 4054 1755 4134 apostasiam

975 4156 1154 4233 proditioni
1176 4158 1209 4218 et
1232 4155 1342 4233 raptui
1365 4154 1561 4226 cumularet,
1590 4156 1699 4230 spreto
1716 4150 1757 4209 di·

975 4254 1053 4314 vino
1081 4254 1200 4315 timere
1223 4254 1255 4314 et
1275 4252 1403 4330 abjecta
1431 4251 1621 4312 reverentia
1645 4246 1755 4312 ordinis

975 4352 1151 4423 clericalis,
1169 4352 1310 4412 detinuit
1329 4349 1493 4426 impudice
1513 4349 1549 4409 in
1565 4349 1687 4409 animae
1704 4360 1759 4407 sua

976 4449 1159 4527 periculum
1183 4450 1217 4511 et
1241 4463 1377 4509 enorme
1394 4446 1588 4507 scandalum
1610 4446 1761 4522 plurime-

976 4563 1060 4606 rum.

1017 4643 1120 4715 Unde,
1146 4659 1245 4719 quum
1273 4642 1336 4703 hoc
1364 4641 1405 4701 ad
1432 4639 1640 4701 audientiam
1670 4636 1765 4701 felicis

976 4741 1143 4802 memoriae
1177 4739 1360 4801 Innocentii
1391 4740 1489 4813 Papae
1518 4734 1767 4813 praedecessoris

976 4838 1080 4900 nostri
1106 4838 1311 4915 pervenisset
1335 4852 1377 4897 ex
1399 4833 1562 4896 relatione
1586 4836 1766 4901 multorum,

976 4938 1075 4997 immo
1091 4952 1134 4997 ex
1148 4935 1336 4998 testimonio
1350 4932 1598 5010 quamplurium
1616 4935 1767 5010 praelato-

977 5051 1060 5105 rum,
1078 5035 1110 5094 et
1130 5033 1273 5093 alierum
1295 5032 1359 5092 tide
1374 5030 1551 5105 dignorum
1577 5031 1635 5107 qui
1657 5032 1697 5091 ad
1713 5045 1766 5105 ge·

977 5131 1089 5193 nerale
1124 5130 1306 5191 Concilium
1342 5128 1586 5197 convenerant,
1628 5125 1768 5205 plenarie

978 5228 1191 5299 constitisset,
1222 5228 1259 5287 in
1293 5226 1467 5304 praefatum
1502 5227 1693 5300 apostatam
1722 5237 1768 5285 ore

977 5326 1110 5403 propriu
1125 5322 1479 5385 excommunicationis
1492 5324 1696 5383 seutentiam
1711 5335 1769 5399 pre

983 5423 1142 5499 mulgavit
1154 5420 1212 5502 (1),
1223 5422 1306 5482 dans
1322 5419 1414 5482 vobis
1429 5419 1499 5479 suis
1515 5418 1640 5481 litteris
1654 5420 1686 5481 in
1696 5435 1769 5499 prae·

164 5625 590 5704 (l)1nnoceutiililterasvide,
608 5626 681 5683 iuter
699 5624 762 5699 ojus
779 5623 924 5683 Pontitlcis
942 5625 1089 5700 epistolas.
