3802 6166
118 347 179 407 557

119 523 140 567 a
155 505 275 582 majori
290 505 323 566 et
336 504 462 566 saniori
485 504 579 580 parte
598 504 736 581 capituli
759 506 919 567 canonice

120 603 332 675 celebratam,
362 602 538 664 dummodo
564 602 669 665 electo
696 603 744 664 nil
770 602 920 665 obviaret

119 703 161 763 de
195 702 366 762 canonicis
394 702 571 774 institutis,
602 701 732 763 sublato
765 701 919 779 appella-

119 801 222 861 tionis
245 800 416 861 obstacnlo
441 799 686 872 confirmarent,
715 801 761 862 ita
786 800 870 877 qrrod
892 800 921 860 si

120 900 342 973 contingeret,
370 897 566 960 electionem
594 900 768 975 utramque
788 899 921 976 justitia

121 997 278 1072 exigente
299 997 438 1068 cassari,
464 996 634 1058 studerent
655 996 761 1058 eidem
785 1012 920 1057 monas-

120 1095 207 1157 terio
236 1094 277 1155 de
300 1110 443 1172 persona
466 1094 584 1156 idonea
607 1095 792 1173 providere,
821 1095 920 1156 iidem

121 1193 301 1254 electiones
316 1194 408 1269 ipsas
424 1209 490 1254 non
506 1208 733 1270 personarum,
751 1193 808 1254 sed
828 1193 920 1255 elec·

121 1292 250 1353 tionum
269 1290 352 1352 vitio
363 1292 494 1367 justitia
509 1291 664 1367 exigente
679 1292 860 1364 cassantes
881 1291 921 1351 de

123 1390 283 1466 praedicto
303 1388 432 1459 abbate,
452 1405 512 1467 per
528 1405 625 1467 quem
645 1388 824 1467 sperabant
838 1390 921 1449 Ful-

123 1487 218 1548 deusi
243 1488 444 1548 monasterio
469 1487 571 1548 multa
593 1487 765 1550 commoda
779 1504 923 1565 proven-

122 1587 212 1657 tura,
229 1585 336 1646 eidem
359 1586 560 1647 monasterio
576 1586 802 1663 providerunt.
829 1585 922 1648 Unde

124 1686 191 1744 tam
217 1684 280 1760 ipsi
305 1700 404 1762 qnam
428 1684 608 1761 capitulum
636 1685 800 1746 Fuldense
825 1684 923 1745 nobis

123 1781 298 1844 lnnniliter
323 1782 563 1859 supplicabant,
590 1784 626 1845 ut
649 1782 786 1860 praelato
812 1781 923 1845 abbati

128 1881 295 1942 licentiam
318 1881 513 1942 transeundi
537 1882 577 1942 ad
600 1881 766 1943 Fuldeuse
789 1897 924 1943 monas-

125 1979 246 2041 terium
284 1979 466 2041 concedere
498 1981 725 2057 dignaremur.
762 1981 923 2053 Quocirca

123 2077 311 2153 dignationi
341 2079 460 2139 vestrae
493 2093 552 2155 per
578 2079 769 2156 Apostolica
799 2080 923 2157 scripta

123 2174 331 2247 mandamus,
360 2178 522 2253 qnatenus
537 2174 696 2253 inquisita
718 2192 818 2253 snper
832 2192 923 2254 prae-
974 2211 981 2223 ·

123 2274 237 2333 missis
266 2273 457 2349 diligentius
486 2275 646 2342 veritate,
676 2275 705 2336 si
730 2290 801 2337 rem
824 2276 923 2336 inve-

123 2371 244 2432 neritis
281 2371 327 2433 ita
362 2388 455 2444 esse,
486 2373 682 2449 praedictum
719 2372 870 2436 abbatem
904 2389 923 2435 a

124 2485 206 2530 cura
236 2469 465 2546 Elwangensis
498 2470 737 2532 monasterium
768 2471 924 2533 tribuatis

123 2568 156 2628 ei
181 2567 402 2644 appellatione
417 2569 543 2630 remota
559 2568 698 2630 liberam
721 2568 921 2631 facultatem.

125 2664 218 2738 Quod
239 2666 350 2726 sinon
377 2681 491 2727 onmes
511 2667 553 2727 iis
576 2666 796 2743 exsequendis
820 2668 926 2728 inter-

125 2780 199 2824 esse
226 2764 416 2841 potueritis,
453 2764 518 2825 duo
554 2765 699 2826 vestrum
728 2781 767 2826 ea
796 2765 923 2827 nihilo-

125 2861 235 2923 minus
251 2863 486 2939 exsequantur.

166 2964 283 3021 Datum
300 2961 455 3022 Laterani
478 2962 604 3025 decimo
624 2964 741 3025 octavo
758 2962 925 3024 Kalendas

121 3058 275 3136 januarii
294 3059 504 3136 pontificatus
521 3062 625 3122 nostri
640 3076 728 3122 anno
740 3062 897 3123 secundo.

166 3161 225 3218 Ea
241 3159 385 3233 chcsto
397 3162 489 3219 Arist
500 3161 539 3219 ll
553 3160 768 3221 Litterarum
782 3160 927 3233 Aposto-

125 3260 274 3318 licorum
283 3259 513 3318 HouorttPP.
523 3260 583 3317 III
596 3260 688 3319 Toni.
701 3260 729 3317 1.
743 3256 841 3332 epse.
853 3258 923 3318 762.

127 3355 168 3415 15
181 3357 260 3415 Dcc.

459 3505 598 3593 LXXX

136 3659 190 3718 Ad
202 3658 379 3719 ecclesiam
391 3660 426 3719 S.
443 3660 593 3721 Andreae
606 3660 645 3719 H
645 3658 913 3720 iderscmcasts.

421 3786 457 3843 ld
471 3785 533 3843 dec.
552 3786 630 3843 liii.

273 3908 447 3973 [Sonnemanu
460 3909 585 3969 Defensio,
601 3908 697 3974 registr.
709 3908 781 3973 n.6.]

145 4016 305 4073 Ecclesiam
329 4016 357 4075 S.
375 4016 497 4074 Andress
522 4016 768 4075 hildensemensis
787 4015 840 4073 sub
858 4030 910 4073 sua

190 4106 367 4177 protectione
382 4106 482 4179 recipit
497 4113 525 4163 ct
539 4105 614 4163 bona
629 4106 691 4179 ejvs
701 4104 860 4163 confirmat.

169 4241 338 4302 Honorius
374 4241 567 4319 episcopus,
602 4257 718 4303 servus
755 4255 926 4301 servorum

128 4339 198 4411 Dei,
214 4338 343 4400 dilectis
359 4338 448 4412 tiliis,
472 4340 598 4401 decano
613 4340 645 4399 et
657 4337 801 4415 capitulo
817 4336 927 4398 ecole-

129 4437 310 4500 siaeSancti
321 4438 462 4501 Andreae
478 4436 775 4507 llildensemensis,
786 4436 929 4497 salntem

129 4538 162 4597 et
178 4536 394 4612 apostolicam
408 4535 689 4597 benedictionem.

171 4634 261 4696 Solet
273 4650 423 4696 annuere
434 4633 537 4696 Sedes
551 4633 740 4710 Apostolica
756 4631 827 4709 piis·
840 4630 928 4693 votis

130 4734 163 4795 et
179 4732 327 4794 honestis
341 4732 522 4810 petentium
537 4730 691 4809 precibus
704 4730 851 4791 favorem
866 4729 927 4789 be·

129 4832 283 4891 nevolnm
295 4830 469 4907 impertiri.
483 4833 529 4890 Ea
541 4832 684 4906 propter,
697 4828 809 4889 dilecti
820 4827 855 4889 in
866 4829 928 4889 Du·

130 4930 221 4990 mino
246 4929 317 5001 lilii,
338 4928 459 4989 vestris
475 4929 576 5006 justis
599 4926 752 5004 precihus
776 4925 928 4986 inclinati

130 5043 291 5105 personas
307 5027 435 5088 vestras
448 5029 480 5087 ot
494 5025 671 5087 ecclesiam
684 5025 800 5102 ipsam,
813 5024 849 5085 in
864 5038 928 5100 qua

131 5126 245 5186 divino
259 5126 341 5186 estis
352 5124 510 5201 obsequio
524 5123 714 5199 mancipati,
727 5138 801 5183 cum
816 5121 928 5184 omni-

131 5223 192 5284 bns
210 5223 317 5293 bouis,
334 5239 407 5299 tprae
423 5223 457 5284 in
473 5222 725 5298 praesentiarum
746 5219 931 5282 rationabi-

132 5323 210 5383 liter
223 5321 409 5399 possidetiS,
424 5322 483 5381 aut
505 5321 539 5380 in
555 5320 700 5383 laturum
710 5319 812 5395 jnstis
824 5317 929 5378 modis

131 5421 232 5481 (tante
257 5418 395 5479 Durnino
414 5418 567 5495 prderitis
589 5417 741 5495 adipisci,
763 5415 824 5477 sub
841 5414 930 5477 beati

132 5519 224 5580 Petri
236 5519 269 5578 et
281 5519 394 5578 nostra
411 5518 614 5595 protectione
625 5515 836 5592 suscipimus.
854 5517 933 5591 Spe-

113 5616 265 5703 cialiter
294 5618 404 5677 antem
433 5616 590 5687 decimas,
619 5628 766 5685 mansos,
798 5610 930 5673 molen-

132 5712 224 5787 dina,
242 5714 348 5791 prata,
366 5711 398 5775 et
417 5713 648 5791 possessiones
663 5711 750 5773 sicut
764 5725 805 5772 ea
819 5708 931 5772 omnia

748 345 980 407 EPISTOLAE.
1003 346 1081 407 L113.
1106 348 1146 407 11.

1713 346 1773 408 558

973 522 1047 583 quae
1057 508 1148 583 juste
1158 521 1197 567 ac
1209 505 1347 582 pacitice
1358 505 1545 583 possidetis,
1557 504 1651 570 vobis
1667 508 1701 569 et
1714 522 1774 584 per

973 620 1032 665 vos
1054 604 1160 665 eidem
1183 604 1333 666 ecclesiae
1361 605 1560 667 auctoritate
1582 604 1775 683 Apostolica

975 702 1208 763 confirmamus
1230 705 1263 765 et
1291 704 1466 780 praesentis
1490 703 1605 780 scripti
1626 703 1775 779 patroci-

976 800 1031 861 nio
1056 802 1297 864 communibus.
1321 802 1414 862 Nulli
1437 818 1517 878 ergo
1535 800 1707 863 hominum
1730 801 1793 862 li-·

975 901 1049 962 caat
1067 898 1154 961 hanc
1174 901 1329 977 paginam
1355 904 1477 962 nostrae
1504 900 1720 978 protectionis
1742 902 1775 963 et

976 997 1237 1060 confirmationis
1248 999 1442 1075 intringere,
1457 1000 1509 1059 vel
1527 999 1558 1060 ei
1573 1015 1657 1060 ausu
1669 1000 1776 1061 teme-

975 1096 1066 1157 rario
1081 1098 1259 1159 contraire.
1276 1098 1310 1159 Si
1322 1097 1397 1175 quis
1412 1098 1521 1159 autem
1535 1097 1598 1158 hoc
1611 1098 1775 1161 attentare

977 1196 1235 1272 praesumpserit,
1258 1196 1522 1272 indignationem
1540 1195 1788 1273 omnipotentis,

976 1293 1036 1355 Dei
1050 1295 1084 1355 et
1092 1293 1265 1356 beatorum
1280 1295 1372 1357 Petri
1387 1296 1420 1356 et
1437 1295 1535 1355 Pauli
1550 1294 1776 1370 apostolorum

976 1394 1005 1469 ej
1011 1408 1050 1453 ns
1061 1408 1097 1453 se
1110 1393 1242 1455 noverit
1256 1393 1481 1455 incursurum.

1016 1492 1134 1552 Datum
1144 1492 1312 1563 Laterani,
1327 1494 1433 1553 XVlll
1443 1490 1772 1569 kalendasjanuarii,

977 1589 1189 1665 pontificatus
1202 1590 1308 1652 nostri
1322 1606 1410 1651 anno
1426 1589 1584 1651 secundo.

1297 1777 1454 1865 LXXXI

977 1930 1030 1989 Ad
1043 1932 1082 1989 F.
1099 1929 1254 1991 abbatem
1266 1930 1470 1991 artonosterti
1481 1931 1594 2001 Ovttae,
1607 1932 1776 1991 archidia-

1000 2042 1124 2089 con-um
1137 2027 1171 2088 ct
1180 2028 1366 2091 sacristam
1378 2030 1585 2089 oxoniensis
1594 2031 1753 2090 ecctcstcc.

1268 2150 1308 2207 15ι
1320 2149 1383 2208 dec.
1405 2151 1484 2208 tili.

1134 2264 1285 2329 [blanrique
1295 2265 1388 2316 huual.
1399 2264 1513 2325 Cisterc,
1521 2265 1565 2323 tv,
1576 2264 1642 2327 liu]

978 2374 1028 2431 Eis
1045 2373 1162 2431 mundet
1183 2380 1212 2431 ut
1230 2375 1259 2431 in
1274 2387 1361 2431 causa
1385 2373 1561 2433 conchensis
1581 2372 1708 2445 episcopi
1727 2372 1776 2444 qni

1013 2464 1162 2531 simoniis,
1185 2463 1399 2520 incontinentia
1418 2462 1596 2535 aliorumque
1617 2461 1775 2519 laciuornrn

1014 2561 1165 2610 accusatus
1179 2558 1249 2621 crat,
1264 2551 1340 2625 quod
1351 2553 1522 2609 canonicum
1533 2550 1626 2620 luerit,
1638 2557 1774 2609 statuunt.

1020 2680 1165 2751 vocatis,
1183 2679 1239 2756 qui
1258 2678 1400 2740 vocandi
1415 2678 1536 2750 essent,
1560 2679 1593 2740 et
1613 2677 1773 2755 inquisita

980 2776 1144 2854 superbis
1160 2776 1363 2852 diligentius,
1382 2778 1415 2839 et
1429 2776 1561 2852 cognita
1576 2775 1729 2846 veritate,
1741 2776 1774 2837 ot

981 2891 1081 2953 super
1100 2875 1176 2935 aliis
1192 2874 1355 2946 omnibns,
1375 2874 1415 2935 de
1444 2873 1562 2951 quibus
1586 2873 1777 2935 admonitus

980 2973 1107 3043 suisset,
1124 2973 1385 3049 dignosceretur,
1398 2971 1484 3049 quod
1495 2972 1692 3033 canonicum
1705 2970 1779 3031 ine-

980 3073 1034 3142 rit,
1056 3072 1244 3147 Apostolica
1271 3070 1469 3131 anctoritate
1491 3070 1698 3141 statuerunt,
1722 3069 1774 3129 la-

980 3170 1117 3241 cientes,
1153 3184 1226 3246 quae
1256 3167 1501 3239 decrevissent,
1529 3183 1590 3244 per
1617 3182 1777 3229 censuras

981 3267 1231 3329 Ecclesiasticas
1266 3267 1405 3327 tirmiter
1444 3265 1628 3327 observari.
1658 3264 1777 3324 Datum

961 3432 964 3437 ,
981 3365 1137 3427 Laterani
1156 3366 1262 3426 XVlll
1284 3364 1445 3425 kalendas
1461 3362 1622 3441 januarii,
1643 3362 1778 3439 pontiti-

981 3466 1074 3525 catns
1087 3479 1175 3525 anno
1190 3463 1346 3525 secundo.

1067 3797 1119 3857 Ad
1129 3796 1422 3871 archiepiscopum
1434 3790 1689 3869 nrapununam.

1275 3918 1309 3975 ts
1323 3916 1385 3974 dcc.
1403 3918 1482 3975 iili.

1044 4031 1220 4096 [Wnrdtvcim
1232 4033 1303 4083 Novo
1314 4026 1382 4082 subs.
1394 4032 1436 4085 111.
1445 4030 1490 4095 ,lte
1502 4031 1601 4095 liegest.
1615 4028 1660 4081 lib.
1672 4028 1705 4091 ll,

1301 4112 1376 4177 epist.
1394 4111 1462 4177 ida]

981 4214 1105 4273 Clericus
1119 4215 1144 4270 l.
1160 4219 1305 4285 promotus
1320 4227 1370 4283 per
1389 4209 1492 4267 saltum
1503 4209 1538 4267 ad
1554 4209 1780 4283 presbyteratum

1042 4302 1182 4360 ministret
1197 4309 1306 4358 tuntum
1322 4300 1351 4357 in
1366 4299 1465 4357 ordine
1480 4297 1713 4356 subdiaconatus.

1022 4429 1200 4501 Honorius,
1220 4430 1296 4500 eto,
1315 4425 1499 4490 venerabili
1519 4424 1614 4486 tratri
1617 4467 1704 4485 .......
1720 4438 1780 4484 ar-

982 4529 1193 4605 chiepiscopo
1210 4528 1374 4601 Magoni,
1392 4524 1544 4585 salutem.

1022 4626 1167 4688 Veniens
1192 4624 1367 4685 adsedem
1382 4620 1606 4699 Apostolicam
1627 4623 1657 4682 J.
1679 4617 1781 4680 cleri-

983 4724 1165 4787 castrator
1186 4720 1362 4799 hospitalis
1390 4715 1685 4795 hierosolymitani
1711 4717 1779 4777 hu-

983 4823 1054 4884 mili
1085 4822 1180 4883 nobis
1209 4819 1417 4881 consessione
1446 4816 1663 4888 monstravit,
1695 4816 1807 4892 quod·

983 4937 1057 4982 cnm
1071 4919 1149 4980 olim
1164 4918 1356 4995 priusquam
1373 4914 1665 4992 hospitalariorum
1680 4913 1781 4974 habi-

984 5023 1052 5082 tum
1065 5018 1219 5089 sumeret,
1238 5016 1272 5076 in
1286 5014 1544 5076 subdiaconatus
1559 5012 1675 5073 ordine
1689 5028 1784 5074 cons·

984 5119 1098 5181 iltutus
1114 5131 1151 5177 se
1164 5114 1234 5187 tibi,
1247 5114 1302 5191 qui
1318 5129 1393 5174 eum
1409 5112 1451 5173 ad
1462 5112 1548 5173 alios
1564 5110 1697 5172 ordines
1709 5126 1783 5188 pro·

984 5230 1147 5286 moveras,
1173 5211 1394 5291 praesentarit,
1421 5211 1510 5271 idem
1538 5210 1616 5271 tunc
1639 5210 1781 5270 terrenae

985 5312 1123 5390 cupidus
1141 5310 1312 5388 dignitatis
1334 5310 1367 5372 et
1388 5324 1483 5371 vanae
1499 5307 1615 5384 gloriae
1632 5309 1783 5368 contem-

984 5413 1103 5491 plator,
1126 5411 1162 5472 ut
1185 5407 1317 5470 facilius
1332 5409 1443 5485 posset
1458 5407 1499 5467 ad
1515 5406 1653 5483 gradum
1670 5419 1784 5465 sacer-
1801 5432 1804 5437 ·

985 5510 1070 5571 dotis
1083 5507 1281 5585 promoveri,
1292 5522 1328 5566 se
1341 5504 1545 5567 mendaciter
1556 5502 1703 5565 asseruit
1714 5501 1783 5561 dia·

986 5608 1123 5671 conatus
1144 5604 1295 5666 ordinem
1314 5602 1545 5680 assumpsisse,
1563 5603 1657 5678 cujus
1672 5614 1784 5659 asser-

985 5704 1124 5769 tinnitu
1151 5702 1249 5765 iidem
1270 5701 1433 5765 adhibens
1453 5700 1562 5777 ipsum
1582 5696 1660 5761 iacti
1682 5696 1783 5775 hujus
