3794 6166
126 303 158 364 a
486 256 1388 359 1v'.-mAnnunrmrmivnannrmmlmm.
1433 364 1435 369 ,
1685 290 1764 358 ‘50

125 457 417 525 abscedendum
422 453 733 535 pmcperemiprov.
741 453 909 534 rumbo).
966 455 1074 518 medie
1095 456 1206 529 terrae,
1229 455 1327 529 idest,
1348 455 1382 516 ln
1402 453 1551 532 Virginis
1571 455 1677 517 utero.
1699 454 1763 518 Sed

127 563 213 636 inops
227 558 261 617 et
274 570 404 633 pauper
422 557 472 616 est
486 554 624 632 quilibet
638 553 736 615 homo
752 553 911 631 quamdiu
966 555 1043 616 licet
1057 554 1100 615 sit
1114 554 1270 632 operatus
1286 552 1439 625 salutem,
1456 555 1569 614 tamma
1587 553 1765 616 custodivit

74 716 77 733 ,
127 656 268 719 differtur
286 669 306 714 a
324 668 439 728 regne,
461 651 517 713 ubi
532 652 724 713 divitiarum
740 668 819 712 vera
835 652 910 728 ple·
966 652 1169 730 paradisum,
1186 652 1282 723 idest,
1301 653 1432 713 uterum
1447 651 1597 727 Virginis
1615 650 1655 712 ab
1673 650 1764 712 omni

74 738 76 791 ἶ
126 753 241 816 nitude.
257 752 318 812 Cui
334 752 436 812 Beata
450 751 557 811 Maria
570 766 688 811 manus
704 749 822 826 aperit,
839 749 912 825 pal·
966 750 1188 828 corruptione,
1205 750 1392 811 etmacula.

125 867 187 913 mas
200 849 361 921 extendit,
384 848 447 910 bec
467 848 526 921 est,
543 847 637 924 larga
651 847 813 909 beneficia
831 861 913 907 con·
1005 851 1087 910 Item
1109 851 1177 909 Eva
1199 849 1335 924 decepta
1356 847 1420 909 suit
1441 847 1604 923 serpentis
1626 847 1761 920 astutia,

125 950 210 1012 cedit.
966 962 1064 1023 quiam
1085 962 1147 1007 nec
1162 945 1324 1023 praevidit,
1345 962 1405 1006 nec
1421 945 1576 1007 resistere
1592 947 1623 1007 ei
1644 946 1761 1008 veluit.

155 1047 254 1107 Beata
279 1044 386 1105 Maria
410 1044 461 1104 est
480 1043 620 1104 Domina
645 1058 704 1119 per
719 1040 911 1104 aeternalem
967 1045 1061 1106 Unde
1080 1045 1277 1120 Apostolus:
1295 1048 1405 1105 Adara
1429 1045 1569 1106 recteest
1591 1045 1763 1115 seductus,

122 1139 307 1222 potentiam,
326 1140 412 1218 qued
433 1141 467 1201 in
483 1140 609 1201 coelesti
625 1140 703 1201 sede
722 1139 819 1200 beata
835 1155 910 1199 om·
965 1146 1092 1204 eiaadier
1112 1143 1229 1203 aretem
1252 1144 1393 1204 seducta
1413 1146 1450 1203 ia
1472 1142 1765 1217 prevaricatione

122 1243 191 1302 nine
203 1239 364 1317 quidquid
379 1238 450 1299 vult
459 1239 576 1315 potest.
592 1237 713 1299 Potens
726 1237 788 1298 fuit
800 1237 836 1296 in
848 1237 912 1298 boc
965 1242 1032 1317 ficit
1056 1239 1085 1319 (l
1101 1241 1184 1302 Tim.
1198 1256 1235 1312 n,
1251 1238 1315 1319 14).
1342 1241 1435 1301 Unde
1457 1240 1490 1302 et
1511 1256 1648 1316 serpens
1668 1239 1764 1317 quasi

121 1337 235 1400 munde
248 1337 290 1399 ad
307 1335 505 1413 extirpanda
519 1335 613 1407 vitiu,
631 1335 797 1412 potentior
808 1335 860 1395 est
876 1334 910 1394 in
966 1340 1186 1414 interrogavit
1202 1338 1377 1400 mulierem
1393 1339 1527 1399 dicens:
1547 1341 1618 1400 Cur
1628 1352 1765 1412 prace-

121 1437 196 1501 coelo
217 1435 258 1495 ad
275 1434 448 1509 largienda
463 1433 634 1494 beneficia.
656 1433 778 1494 Potens
793 1429 856 1492 tuit
870 1431 911 1493 ad
960 1439 1016 1511 pii
1028 1440 1122 1499 conis
1135 1441 1239 1509 Deus,
1252 1437 1290 1498 ui
1301 1452 1369 1498 nou
1383 1437 1606 1498 cmneacrctts
1616 1439 1657 1497 de
1670 1437 1765 1496 omisi

122 1532 353 1597 conterendum
366 1530 543 1602 diabolum,
559 1531 658 1608 corut
672 1530 819 1592 omnium
834 1545 911 1590 ma·
965 1539 1057 1612 caprio
1068 1538 1227 1609 paruam
1242 1532 1337 1613 (oen.
1352 1550 1401 1608 111,
1418 1534 1462 1614 1).
1479 1534 1539 1594 cui
1554 1533 1695 1594 muna:
1712 1536 1763 1594 ac

122 1634 234 1702 lerum,
246 1630 290 1692 ad
302 1629 540 1693 ostendendum
551 1628 649 1689 nobis
660 1631 775 1700 Deum,
788 1629 913 1689 creato·
965 1634 1083 1708 [sumtu
1110 1637 1284 1710 ligatorum
1316 1649 1392 1707 auce
1423 1632 1505 1694 salut
1538 1635 1577 1692 tu
1599 1633 1765 1706 paeadise

121 1746 182 1792 rem
201 1728 353 1790 emnium
371 1727 545 1788 bonorum.
567 1726 689 1788 Potens
703 1725 764 1787 fuit
779 1726 819 1786 ad
833 1725 912 1786 des·
966 1735 1156 1803 coccineum
1195 1734 1236 1792 aa
1278 1732 1392 1804 fructu
1434 1744 1517 1791 earo
1554 1731 1639 1805 tigisi
1677 1730 1765 1801 quod

122 1826 284 1905 piciendas
299 1824 452 1886 carnales
471 1824 658 1897 illecebras,
678 1824 794 1900 potens
812 1823 911 1884 estin
966 1831 1019 1892 est
1055 1834 1093 1891 m
1126 1832 1238 1890 medio
1270 1833 1431 1902 paradisi
1464 1830 1632 1904 praecepa
1669 1831 1766 1890 uobis

124 1925 197 1986 coelo
216 1924 258 1984 ad
277 1922 495 1984 conferendas
519 1921 614 1983 nobis
632 1921 807 1983 aeternales
823 1921 911 1981 (leli-
966 1933 1112 1991 Deeesue
1125 1931 1394 1999 comederemus,
1409 1943 1451 1988 ue
1465 1927 1556 2001 sorte
1569 1930 1767 1991 aemulamur
1889 1915 1892 1921 ’

124 2023 195 2083 cias.
224 2020 320 2083 Unde
343 2019 499 2081 Salomon
518 2021 617 2081 vocat
643 2035 716 2081 eam
740 2018 912 2079 mulierem
968 2025 1064 2106 (oen.
1081 2042 1131 2099 m,
1148 2026 1193 2105 2).
1214 2029 1298 2088 nece
1314 2025 1434 2085 mulier
1449 2041 1514 2086 nen
1529 2025 1681 2102 praevidit
1697 2040 1766 2085 ser-

124 2119 231 2180 iertem
246 2119 361 2179 dicens
376 2139 382 2177 :
399 2121 584 2179 Adulteram
592 2119 719 2192 sertem
732 2121 808 2192 pacis
821 2121 913 2178 trave·
967 2125 1075 2202 pontis
1104 2124 1245 2185 astutias
1279 2123 1479 2201 inquirentis
1509 2123 1619 2183 uirum
1646 2122 1766 2183 mulier
1865 2146 1869 2155 ·

125 2220 207 2279 uicti
227 2216 367 2278 Delebat
383 2231 526 2292 namque
549 2216 636 2293 qued
657 2231 723 2276 non
742 2215 914 2276 invenire-
968 2225 1055 2284 esset
1080 2223 1175 2283 firma
1199 2223 1233 2282 in
1258 2238 1371 2282 amoro
1395 2221 1465 2282 Dei.
1499 2223 1537 2282 Et
1558 2220 1633 2281 ideo
1658 2220 1761 2280 dixit:

125 2316 216 2376 turin
231 2331 292 2376 suo
307 2316 466 2393 tempore.
968 2324 1038 2382 Cur
1050 2320 1216 2394 precepit
1230 2323 1324 2380 uobis
1342 2324 1484 2379 Decus...
1508 2320 1538 2377 N
1541 2334 1582 2378 on
1603 2317 1691 2377 enim
1710 2318 1766 2376 in-

156 2416 225 2474 Aee
243 2415 361 2474 Maria
377 2413 495 2489 aratia
511 2417 664 2485 pieria...
688 2411 763 2471 Non
780 2411 830 2471 est
844 2409 912 2470 mi·
966 2416 1149 2492 terrogavit
1175 2416 1269 2493 quasi
1291 2415 1446 2488 nesciret,
1473 2415 1585 2475 sedat
1610 2413 1764 2490 probaret

127 2511 257 2571 lindum
287 2511 315 2570 Si
346 2510 448 2570 Βθᾶῖᾶ
478 2509 585 2570 Malia
612 2507 778 2583 ⁰0tdi¹³b³t
804 2507 912 2584 dualis
967 2519 1039 2594 ejus
1062 2514 1266 2577 veluntatem
1290 2514 1323 2575 et
1351 2512 1591 2574 crudelitatem.
1618 2513 1764 2588 Cumque

126 2612 204 2670 esset
221 2609 285 2670 ista
306 2606 474 2679 salutatio,
497 2622 536 2668 eo
558 2606 643 2684 quod
664 2605 736 2667 haec
756 2605 913 2667 salutatio
967 2614 1105 2677 vidisset
1125 2629 1198 2675 eam
1219 2613 1259 2673 de
1279 2613 1338 2673 Dei
1358 2612 1522 2673 sententia
1542 2610 1693 2671 dubitare
1708 2609 1763 2670 di·
1884 2618 1888 2629 ’

128 2707 276 2784 usquead
292 2708 422 2783 tempus
438 2705 521 2766 iilud
538 2705 688 2766 inaudita
708 2705 821 2765 multis
841 2720 914 2765 1110-
968 2714 1070 2774 cendo
1084 2734 1091 2772 ε
1106 2727 1149 2774 ae
1160 2713 1251 2786 forte
1264 2715 1472 2782 adoriamur,
1490 2709 1600 2770 statim
1613 2708 1767 2784 negatio-

127 2804 171 2864 dis
185 2806 351 2866 invenitur
365 2803 540 2864 mirabilis.
566 2803 628 2863 Sed
645 2802 731 2879 quod
749 2803 789 2863 de
805 2803 914 2863 omni·
967 2827 1042 2872 nem
1065 2809 1236 2887 subjunxit
1257 2808 1390 2869 dicens:
1411 2811 1637 2881 Nequaquam
1651 2806 1765 2868 morte

125 2901 178 2962 ΜΒ
191 2903 302 2964 dicem
321 2903 455 2979 ΡΓΟΡῘΘΡ
469 2901 658 2977 angustiam
672 2901 832 2978 iflfflPOPiS
847 2916 912 2961 1¹0ss
966 2911 1176 2971 revertemini.
1199 2909 1271 2970 Scit
1290 2910 1382 2969 claim
1404 2910 1497 2967 Decus
1517 2909 1605 2980 pared
1626 2907 1663 2965 iu
1681 2918 1766 2978 qtae
1874 2951 1878 2955 ,

126 3000 310 3073 sufficimus,
336 2999 378 3061 (Ῑθ
403 3016 470 3060 uno
495 3001 606 3061 tamen
632 3015 739 3077 Pauca
767 2999 914 3060 breviter
967 3023 1110 3081 callisque
1125 3010 1180 3068 die
1198 3006 1416 3066 cenaedertlis
1432 3019 1478 3065 eae
1493 3019 1542 3071 co,
1561 3003 1766 3077 aperientur

124 3097 316 3174 digeramus.
342 3098 506 3159 blirabilis
526 3099 576 3159 est
597 3098 659 3159 ista
682 3098 848 3170 salutatio,
872 3113 912 3159 ee
968 3105 1054 3164 oculi
1079 3101 1198 3172 vestm,
1233 3099 1388 3161 eteritis
1412 3098 1501 3159 sicud
1525 3100 1588 3168 dii,
1618 3096 1766 3158 seieutes

126 3196 202 3272 qued
213 3196 358 3257 nominis
369 3198 446 3256 Evae
456 3197 491 3257 ut
501 3197 535 3255 in
547 3197 618 3272 ipsa
631 3196 822 3270 cenversi03
835 3211 913 3255 nam
969 3199 1136 3262 bortelmet
1150 3201 1280 3259 nuatum
1297 3193 1392 3275 (Gen.
1407 3211 1456 3266 111,
1471 3193 1516 3274 5).

123 3292 178 3354 boc
202 3309 321 3355 nemen
354 3296 430 3355 Eva
458 3309 655 3356 conversum
679 3293 803 3354 dicitur
828 3296 910 3355 Aee.
1008 3300 1091 3358 Ecce
1121 3299 1190 3357 Eva
1216 3294 1357 3356 credidit
1384 3293 1495 3354 verbis
1529 3291 1703 3368 serpentis
1733 3292 1767 3353 et

126 3392 258 3452 Proinde
289 3391 407 3453 merito
439 3391 501 3452 hac
533 3392 733 3452 salutatione
765 3392 913 3466 Angelus
968 3395 1112 3472 primum
1128 3394 1309 3464 hominem,
1326 3392 1412 3452 idest
1424 3391 1539 3462 Adam,
1555 3390 1595 3451 de
1610 3388 1765 3467 paradiso

126 3490 256 3550 ususest
266 3489 307 3550 ad
319 3489 460 3550 Mariam
473 3489 509 3549 in
520 3505 589 3550 suae
603 3488 779 3565 legationIs
791 3489 912 3557 cilicio,
968 3493 1106 3569 expulit.
1134 3492 1197 3552 Sed
1221 3492 1324 3551 Beata
1352 3490 1459 3549 Maria
1493 3487 1635 3549 credidit
1655 3485 1766 3547 verbis

124 3587 200 3662 qued
216 3588 319 3649 Beata
333 3587 441 3647 Maria
459 3589 535 3648 Evae
551 3586 817 3646 maledictionem
833 3601 914 3646 con·
967 3590 1100 3665 Angeli;
1127 3587 1309 3648 seeundum
1332 3586 1514 3656 bominem,
1541 3583 1625 3644 idest
1647 3583 1765 3643 Chris-

123 3685 212 3745 vevtit
237 3685 272 3745 in
301 3684 585 3758 benedictionem
613 3685 646 3745 et
671 3683 828 3760 quidquid
855 3699 914 3760 per
969 3691 1048 3759 tum,
1072 3687 1241 3748 hominem
1258 3700 1373 3745 verum
1393 3683 1426 3744 et
1440 3686 1544 3744 Deum
1560 3697 1686 3753 verum,
1703 3696 1768 3740 nu·

123 3781 205 3842 illam
226 3784 277 3844 esi
296 3782 419 3844 sactum
441 3781 641 3853 damnabile,
664 3783 768 3842 tetum
791 3797 851 3858 per
867 3782 913 3841 is·
967 3787 1061 3849 trivit
1075 3783 1291 3862 inparadis0,
1306 3782 1402 3854 idest,
1417 3782 1452 3842 in
1465 3784 1560 3842 utere
1573 3780 1626 3842 vel
1640 3780 1675 3840 in
1691 3778 1767 3839 sinu

122 3880 182 3940 nm
199 3896 395 3942 conversum
413 3883 463 3941 est
481 3881 515 3940 in
539 3879 716 3941 laudabile.
735 3882 802 3940 Eva
818 3897 914 3940 nam·
968 3901 1039 3956 suo,
1053 3884 1085 3944 et
1100 3881 1262 3959 serpentis
1276 3881 1417 3942 astutias
1427 3880 1558 3957 penitus
1571 3875 1764 3939 confutavit.

122 3994 177 4054 que
199 3978 343 4056 primum
365 3978 532 4038 hominem
557 3977 655 4055 ejecit
676 3976 716 4037 de
743 3978 910 4054 paradiso.
968 3983 1007 4044 Et
1021 3982 1096 4043 ideo
1117 3982 1285 4057 tamquam
1308 3979 1411 4040 turris
1433 3975 1637 4039 fortitudinis
1661 3974 1768 4052 potuit

121 4076 221 4138 ilaria
255 4092 336 4138 vero
377 4075 558 4137 secundum
600 4076 790 4146 bominem,
827 4076 913 4137 idest
967 4079 1157 4157 impugnari
1173 4077 1214 4139 ab
1237 4078 1374 4154 antiquo
1389 4076 1485 4137 besto
1504 4074 1562 4135 sed
1579 4090 1646 4134 non
1661 4072 1768 4150 potuit

121 4174 294 4247 Christum,
324 4174 464 4235 nutrivit
489 4174 523 4234 in
551 4173 722 4250 paradise,
753 4173 848 4245 idest,
877 4174 912 4234 in
968 4176 1165 4254 expugnari.
1190 4174 1283 4235 Unde
1306 4173 1477 4233 benedixit
1503 4170 1673 4246 Angelus:
1696 4173 1768 4230 Aee

120 4276 208 4333 utere
222 4273 276 4333 vel
296 4272 373 4332 sinu
392 4287 463 4332 sue.
487 4270 581 4332 Unde
603 4271 687 4332 bene
709 4287 768 4348 per
784 4274 912 4349 myste-
967 4277 1084 4352 pratia
1102 4280 1218 4348 plena,
1242 4271 1328 4348 qviod
1344 4269 1436 4332 tanta
1459 4270 1521 4330 luit
1542 4269 1576 4329 in
1596 4284 1634 4328 ea
1650 4268 1767 4343 gratiae

119 4370 199 4430 mum
225 4369 349 4431 dicitur
376 4369 410 4429 in
440 4369 590 4430 Genesi:
625 4371 711 4430 Tulit
746 4373 913 4431 Derideas
968 4370 1150 4450 plenitude,
1167 4371 1204 4431 ut
1221 4369 1304 4428 nihil
1320 4368 1352 4428 in
1366 4383 1403 4428 ea
1421 4366 1601 4444 profecerit
1614 4365 1768 4426 inimicus

117 4472 205 4529 Deus
227 4471 404 4530 baratinam
427 4468 461 4528 et
482 4467 598 4541 posted
622 4470 658 4526 iu
677 4471 853 4541 perediae,
875 4469 913 4528 ut
967 4469 1135 4540 tentanda,
1156 4467 1209 4530 vel
1222 4466 1392 4527 blanditiis
1408 4464 1588 4536 suadendo,
1602 4464 1654 4524 vel
1668 4462 1768 4523 minis

118 4567 323 4640 operaretur
337 4565 370 4626 et
382 4564 570 4625 maledicet
583 4569 678 4626 ditem
688 4564 782 4643 (Gen.
796 4582 831 4637 11,
848 4564 911 4644 15).
968 4567 1138 4631 terrendo.

153 4666 241 4725 Deus
252 4663 364 4741 posuit
376 4663 543 4724 bominem
554 4664 589 4723 in
603 4663 769 4739 paradiso,
782 4664 913 4741 quando
1009 4669 1089 4728 Item
1109 4665 1216 4726 Maria
1239 4663 1301 4725 suit
1316 4663 1413 4740 plena
1430 4661 1549 4737 gratia,
1566 4662 1633 4720 Eva
1648 4672 1766 4718 vacua.

117 4761 282 4824 Christum
311 4761 391 4822 iecit
416 4762 546 4838 concipi
572 4761 605 4820 in
630 4761 777 4837 Virginis
802 4764 911 4836 utero;
969 4769 1015 4826 De
1047 4763 1254 4841 plenitudine
1282 4762 1397 4823 blaciae
1426 4774 1540 4820 omnes
1566 4755 1766 4831 accepimus

118 4860 170 4935 qui
188 4859 337 4936 Virginis
357 4862 472 4920 uterus
487 4859 609 4920 dicitnr
623 4860 809 4935 paradisus,
826 4861 912 4936 quaed
968 4867 1014 4925 De
1026 4863 1191 4923 vacuitate
1203 4864 1279 4922 Evae
1290 4857 1556 4919 maledictionem
1567 4852 1766 4930 accepimns

118 4957 267 5028 mundus„
291 4957 497 5035 impollutus,
521 4957 553 5018 et
576 4957 665 5017 emni
685 4956 913 5019 benedictione
970 4961 1032 5022 Sed
1050 4960 1151 5021 Beata
1168 4959 1273 5019 blaria
1289 4959 1456 5032 tamqnam
1473 4953 1588 5013 domus
1603 4951 1663 5013 Dei
1678 4951 1769 5012 omni

118 5055 280 5131 repletus:
296 5055 574 5131 lnlrocparadiso
589 5056 698 5131 posuit
712 5058 798 5115 Deus
815 5057 914 5116 Pater
968 5060 1075 5135 grellia
1097 5059 1130 5118 et
1151 5054 1379 5116 benedictione
1405 5051 1543 5122 referta,
1565 5053 1641 5112 Evae
1664 5050 1769 5110 male-

118 5152 294 5213 secundum
309 5153 490 5224 hominem,
508 5156 543 5214 ut
561 5155 756 5229 operaretur
770 5154 912 5214 salntem
968 5157 1145 5218 dictionem
1162 5152 1323 5215 convertit
1344 5150 1378 5211 in
1397 5150 1672 5220 benedictionem,
1690 5148 1767 5208 dum

119 5254 272 5322 nostram,
286 5254 383 5328 juxta
404 5251 486 5311 illud
503 5251 705 5312 Psalmistae:
730 5255 822 5313 Deras
836 5257 913 5314 Reae
968 5255 1053 5334 quaed
1074 5254 1132 5313 illa
1152 5251 1287 5312 abstulit
1307 5250 1372 5311 ista
1397 5248 1551 5310 reddidit.
1567 5251 1653 5307 Bene
1668 5247 1770 5321 igitur

120 5350 232 5410 niuster
264 5349 430 5421 operatus
464 5350 516 5409 est
550 5350 696 5409 saliatem
733 5352 769 5408 ia
803 5355 912 5412 rvucdio
967 5354 1052 5414 dixit
1074 5351 1220 5427 Angelus
1240 5371 1246 5409 :
1264 5354 1335 5410 fiee
1358 5350 1476 5424 praem
1495 5352 1609 5421 picata,
1626 5343 1768 5421 eoquod

122 5446 221 5506 terrae
251 5445 355 5524 (Psal.
386 5462 508 5516 nxxnr,
543 5445 604 5524 12).
635 5447 737 5517 Quasi
764 5448 910 5510 ‹liceretz
967 5453 1038 5528 ipsa
1055 5451 1097 5511 sit
1112 5449 1285 5526 paradisus
1304 5444 1558 5514 benedictionis,
1576 5442 1678 5503 turris
1695 5441 1767 5501 ser-

122 5545 264 5618 quamvis
289 5544 333 5604 sit
356 5546 427 5604 Rex
453 5547 565 5604 noster
584 5546 660 5605 ante
680 5546 802 5605 saecnla
825 5549 911 5607 Deus
967 5548 1129 5618 titvnliniS,
1158 5549 1190 5609 et
1215 5547 1331 5607 domus
1361 5543 1555 5605 sanctitatis.
1586 5539 1768 5600 Paradisus

122 5640 307 5715 sineinitie,
335 5644 445 5703 tamen
470 5644 626 5719 operatus
649 5643 699 5704 est
721 5644 861 5706 salutem
877 5646 909 5704 ln
967 5646 1218 5717 benedictionis,
1242 5643 1327 5722 (lived
1351 5659 1450 5720 snper
1470 5655 1583 5702 omues
1608 5636 1768 5700 mulieres
1882 5706 1887 5715 Ι
