3802 6166
79 356 143 418 309
424 356 556 420 XXVII.
572 356 672 421 -IN
694 357 1036 420 Fhsrlvrratisstis
1056 357 1378 420 APOSTOLORUM.
1664 360 1725 422 310

80 514 197 577 tontes
218 513 353 577 beatam
374 529 471 588 spent
495 512 530 577 et
549 515 735 578 adventum
757 517 878 592 gloriis
932 517 965 580 et
991 514 1159 578 immobile
1190 512 1440 578 tundamentum
1465 513 1634 586 Ecclesia,
1668 516 1725 595 qui

78 609 423 691 mgnihctffltn,
443 610 506 691 13).
527 613 878 676 Civitasistaiernsa-
932 614 1039 692 inquit
1061 631 1069 671 :
1100 615 1228 676 Parati
1254 616 1400 677 reddere
1429 614 1605 675 rationem
1629 617 1726 676 omni

80 710 145 771 lem
172 709 281 770 cincta
304 711 378 771 erat
404 710 529 788 triplici
549 726 719 773 murorum
739 710 875 773 ambitu.
927 716 1079 785 poscenti
1106 716 1147 773 dc
1183 728 1225 774 ea
1247 728 1324 786 quoe
1347 715 1384 773 tri
1407 714 1501 773 vobis
1526 712 1577 773 est
1602 713 1669 785 (ide
1692 712 1727 773 et

81 806 176 870 Unde
196 807 318 883 legitur
336 808 372 868 in
395 807 478 870 libro
496 810 634 884 Regum,
663 808 748 886 quod
771 807 877 869 Holda
931 824 990 883 spe
1013 809 1042 888 (Ι
1068 810 1155 871 Petr.
1181 824 1231 882 ru,
1260 806 1324 886 15).
1349 809 1469 871 Contra
1493 825 1624 870 murum
1654 808 1726 886 spei

80 904 293 983 prophetissa
307 920 393 966 uxor
408 905 532 966 Selium
547 905 718 967 habitabat
727 906 762 965 in
776 908 877 968 Jeru-
932 906 1068 983 opponit
1082 906 1183 968 falsos
1200 906 1330 978 tratres,
1345 907 1554 969 dissuasores
1567 908 1599 967 et
1614 906 1727 967 adula-

81 1001 186 1064 salem
204 1002 239 1063 in
258 1002 414 1075 secunda,
437 1002 523 1064 idest
539 1004 575 1063 in
596 1003 741 1065 secundo
765 1018 878 1064 muro·
931 1004 1031 1065 tores.
1048 1003 1144 1066 Multi
1159 1003 1247 1066 enim
1260 1021 1304 1065 ex
1317 1004 1383 1065 illis
1398 1004 1530 1066 dicunt:
1551 1020 1569 1063 c
1585 1005 1664 1076 Quis
1677 1019 1728 1066 os-

81 1115 157 1162 rum
171 1097 309 1172 ambitu,
325 1098 366 1160 de
377 1116 441 1177 qua
453 1099 638 1176 sophonias
652 1100 781 1177 inquitr
800 1103 878 1162 Uia-
932 1119 950 1162 c
972 1102 1076 1164 tendit
1103 1101 1199 1163 nobis
1223 1101 1309 1163 hona
1335 1101 1406 1175 illa,
1432 1118 1505 1179 quae
1525 1117 1587 1165 nec
1611 1101 1727 1162 oculus

80 1198 172 1259 tetris
192 1212 216 1258 a
233 1199 393 1259 secunda.
413 1199 502 1259 Bene
517 1197 598 1259 dicit
614 1199 764 1259 tardatus
776 1213 799 1259 α
817 1212 877 1258 εθ-
932 1216 951 1259 c
971 1199 1065 1268 vidit,
1081 1215 1142 1261 nec
1156 1200 1247 1261 auris
1262 1199 1400 1272 audivit,
1425 1216 1486 1262 nec
1506 1198 1605 1262 etiam
1620 1199 1655 1259 in
1670 1213 1729 1260 cor

81 1297 206 1367 merida,
227 1294 304 1371 qnia
319 1294 441 1373 triplici
456 1310 552 1355 muro
567 1293 744 1357 roboratur
764 1294 878 1356 nostra
932 1312 951 1355 c
972 1294 1116 1356 hominis
1139 1294 1344 1357 ascendite?
1366 1292 1395 1372 (Ι
1414 1295 1488 1356 Cor.
1514 1310 1550 1368 11,
1576 1292 1622 1372 9.)
1647 1296 1728 1371 Spes

81 1389 289 1455 Jerusalemr
314 1390 390 1464 tide,
420 1407 477 1468 spe
499 1393 533 1453 et
555 1390 728 1452 charitate.
756 1392 794 1451 In
821 1406 878 1468 spe
933 1409 1006 1470 quae
1028 1392 1190 1465 differtur,
1213 1390 1334 1468 aflligit
1352 1392 1508 1453 animam.
1534 1394 1617 1453 Itcce
1639 1389 1729 1452 ocull

83 1488 194 1551 autem
215 1489 266 1550 est
287 1487 438 1566 planctus
460 1488 493 1551 et
513 1487 670 1561 ululatus,
692 1475 769 1565 qrria
794 1488 879 1550 sicut
934 1490 1038 1552 nostri
1059 1490 1144 1551 nihil
1165 1490 1278 1552 vident
1303 1489 1343 1551 de
1369 1489 1422 1550 his
1448 1505 1520 1566 quae
1543 1502 1727 1564 speramus.

82 1586 163 1647 dicit
184 1585 340 1647 Salomon
353 1607 361 1648 ε
376 1589 462 1662 Spes
476 1602 553 1661 quw
572 1586 736 1663 differtur
753 1586 880 1662 affligit
935 1588 998 1649 Sed
1014 1588 1048 1648 in
1062 1587 1125 1649 hoc
1138 1603 1232 1648 muro
1246 1588 1317 1649 tuta
1327 1587 1377 1648 est
1387 1586 1557 1649 etmunita
1567 1584 1726 1646 Ecclesia.

83 1688 242 1747 animum
257 1682 370 1762 (Pror.
385 1699 459 1755 1111,
477 1682 540 1764 12).
558 1685 601 1746 Ut
622 1699 701 1760 ergo
720 1682 876 1756 diximus,
933 1684 1040 1747 Habet
1059 1685 1148 1747 enim
1172 1684 1366 1761 magistrum
1390 1683 1549 1746 custodiae
1573 1684 1728 1760 peritum,

84 1797 200 1843 murus
215 1781 342 1859 primus
357 1782 407 1842 θεῖ
420 1780 500 1842 tides
513 1796 611 1858 quam
634 1796 765 1858 semper
779 1781 880 1842 debe-
933 1786 1093 1846 ioannem
1108 1782 1264 1844 videlicet
1276 1782 1370 1843 illum
1382 1782 1439 1860 qui
1452 1798 1527 1843 cum
1537 1797 1638 1858 supra
1647 1796 1729 1857 pec-

82 1895 157 1939 mus
167 1878 345 1941 anteferre.
358 1878 452 1940 Unde
462 1878 637 1955 Apostolus
650 1895 657 1934 :
670 1883 712 1940 ln
723 1881 879 1940 omribim
932 1883 986 1943 tus
1003 1881 1134 1942 Domini
1149 1880 1183 1941 in
1199 1895 1293 1942 coena
1312 1880 1475 1953 recubuit,
1494 1879 1535 1941 de
1553 1879 1625 1956 ipso
1642 1878 1731 1938 tonte

79 1975 312 2057 praeformatos
323 1977 460 2038 scutram
473 1977 553 2049 ridet
569 1975 665 2055 (Eph.
681 1992 726 2048 vr,
744 1974 807 2054 16).
824 1978 881 2036 Se·
934 1979 1098 2040 Dominici
1114 1979 1256 2055 pectoris
1269 1977 1464 2056 profundius
1480 1992 1603 2038 aroana
1616 1976 1730 2037 divina

83 2075 211 2135 candus
227 2089 341 2136 murus
351 2074 402 2136 θεῖ
416 2089 502 2150 spes.
516 2075 591 2136 Non
601 2074 689 2136 enim
704 2089 879 2151 possumus
934 2075 1069 2152 patavii,
1093 2077 1127 2138 et
1147 2075 1187 2137 de
1210 2074 1263 2135 his
1282 2091 1355 2152 quae
1371 2074 1516 2151 gnstavit
1537 2073 1631 2135 nobis
1653 2087 1733 2150 pro-

83 2172 195 2249 aliqua
208 2186 354 2249 sperare,
367 2171 433 2232 nisi
444 2172 536 2248 prius
551 2171 716 2233 credimus
727 2170 877 2232 illaesse.
935 2173 1028 2250 pinat
1048 2172 1223 2251 inquiens:
1246 2176 1368 2244 lilioli,
1393 2175 1544 2233 romum
1567 2170 1733 2246 apparuit

84 2272 131 2331 De
151 2269 215 2330 hoc
236 2285 331 2330 muro
350 2269 460 2346 inquit
475 2269 651 2346 Apostolus
673 2289 681 2328 ε
703 2271 771 2341 Spe
793 2283 881 2344 gari·
934 2273 1022 2344 quod
1046 2273 1189 2332 erimus.
1207 2274 1291 2331 Ciam
1315 2269 1531 2345 apparuerit,
1547 2271 1678 2329 simttcs
1699 2268 1733 2327 ei

82 2368 215 2429 devites.
230 2367 361 2428 tertius
381 2382 496 2427 murus
512 2367 584 2443 post
601 2366 701 2427 istum
722 2366 772 2426 est
795 2365 879 2426 cha·
935 2371 1068 2429 emmas
1083 2365 1113 2446 (Ι
1127 2369 1223 2429 Joan.
1240 2382 1290 2439 111,
1306 2365 1351 2445 2).

83 2466 179 2526 ritas.
202 2465 283 2525 Cum
305 2463 393 2525 enim
415 2463 580 2526 credimus
604 2462 717 2540 aliqua
738 2478 823 2534 esse,
849 2462 882 2524 et
976 2465 1097 2525 Contra
1112 2479 1242 2524 murum
1256 2463 1428 2526 charitatis
1442 2461 1636 2523 manifestos
1651 2474 1732 2536 per-

85 2577 259 2640 speramus
276 2577 336 2623 nos
350 2560 534 2633 habituros,
551 2560 729 2636 incipimus
746 2575 786 2621 ea
804 2559 883 2621 dili·
936 2562 1112 2624 secutores·
1134 2560 1287 2638 opponit,
1322 2560 1350 2620 si
1386 2558 1471 2621 torte
1497 2573 1592 2636 aquae
1620 2558 1733 2618 multae

85 2676 177 2737 gere.
194 2659 233 2721 nt
245 2660 308 2721 iste
322 2675 436 2721 murus
458 2659 508 2720 est
520 2658 720 2720 eminentior
736 2658 769 2719 et
782 2657 883 2719 altior
937 2659 1133 2734 extinguere
1165 2658 1300 2720 valeant
1334 2656 1542 2719 charitatem.
1573 2655 1666 2717 Unde
1698 2654 1734 2716 in
1864 2656 1867 2667 '

85 2759 236 2837 reliquis.
252 2757 346 2819 Unde
356 2756 533 2835 Apostolus
549 2773 555 2812 :
572 2755 716 2817 «Adhuc
726 2755 881 2816 eminen-
937 2755 1064 2833 psalmo
1087 2776 1095 2816 ε
1124 2759 1223 2831 Saepe
1243 2754 1533 2831 emprrgrmoerurit
1555 2768 1611 2815 mo
1634 2767 1657 2813 a
1672 2754 1735 2825 ju·

85 2873 105 2915 s
126 2856 247 2917 tiorem
270 2855 358 2916 riam
377 2854 471 2916 vobis
486 2853 685 2915 demonstro.
706 2852 740 2913 Si
759 2853 882 2928 linguis
937 2855 1076 2915 venitote
1090 2868 1168 2916 mea
1184 2853 1253 2932 (Ρε.
1271 2854 1339 2925 128,
1364 2850 1407 2931 1).
1430 2852 1493 2913 Sed
1515 2852 1548 2913 et
1561 2849 1624 2911 hoc
1639 2863 1734 2910 muro

87 2970 106 3013 c
128 2953 300 3014 hominurn
316 2951 436 3029 loquar
454 2953 487 3013 et
507 2950 713 3027 angelorum,
736 2951 884 3011 charita·
938 2951 1134 3026 magistrum
1148 2951 1307 3012 custodiae
1326 2949 1487 3012 habemus
1502 2947 1733 3010 exercitatum.

87 3050 323 3110 «tornantem
338 3064 405 3108 non
420 3047 572 3120 habeam,
588 3046 694 3108 iactus
709 3046 885 3108 snmvelut
939 3049 1048 3110 Fortis
1071 3047 1212 3110 bellator
1239 3048 1300 3119 est,
1330 3049 1364 3109 et
1388 3047 1538 3109 rictoriae
1567 3045 1735 3106 multoties

88 3161 175 3207 «ses
204 3160 340 3218 sonans,
379 3148 437 3206 aut
468 3143 644 3206 cimbalum
678 3144 836 3205 tinniens.
866 3160 884 3203 s
939 3146 1106 3222 expertus.
1124 3145 1245 3206 Saulus
1267 3144 1324 3205 ille
1343 3143 1399 3221 qui
1416 3143 1496 3205 olim
1518 3142 1581 3204 luit
1602 3143 1734 3219 spirans

90 3241 120 3322 (1
134 3245 207 3305 Cor.
232 3257 293 3314 xrr,
318 3240 385 3321 34.)
404 3242 467 3303 llic
488 3232 725 3325 est'hrniculus
748 3240 883 3319 triplex,
939 3242 1105 3303 minarum
1132 3245 1166 3304 et
1188 3233 1288 3304 caedis
1314 3241 1350 3302 in
1377 3241 1558 3318 discipulos
1591 3238 1734 3312 Domini,

89 3340 146 3417 qui
157 3341 256 3417 juxta
271 3339 454 3414 sapientem
464 3337 599 3399 difficile
613 3337 789 3413 rumpitur.
940 3340 1056 3416 postea
1071 3340 1196 3400 Paulus
1207 3339 1313 3400 iactus
1328 3338 1459 3399 sortiter
1476 3337 1637 3414 pugnavit
1652 3352 1736 3397 cen-

127 3436 234 3499 Habet
247 3436 281 3498 et
298 3436 369 3497 haec
392 3434 509 3497 civitas
529 3433 716 3497 Jerusalem
739 3433 887 3510 quatuor
940 3437 991 3499 tra
1007 3436 1130 3497 bestias
1150 3437 1378 3513 Ephesiorum.
1403 3435 1512 3512 lnquit
1525 3435 1636 3495 enim:
1656 3436 1738 3500 Quis
1871 3502 1875 3509 ,

90 3534 208 3606 latera,
237 3532 417 3594 secundum
444 3533 530 3610 quod
559 3530 642 3592 vidit
674 3532 821 3593 ioannes
851 3529 886 3590 in
941 3549 1004 3595 rios
1017 3534 1226 3609 separabile
1240 3532 1409 3594 clariritate
1424 3532 1575 3594 Obristtt
1590 3532 1738 3591 tribum·

90 3630 301 3709 Apocalypsi.
314 3632 422 3692 Unum
433 3629 519 3690 latus
532 3631 583 3691 est
592 3627 778 3706 prudentia,
795 3627 886 3688 aliud
943 3631 1001 3703 tio,
1013 3646 1058 3691 an
1068 3631 1241 3706 angustio,
1255 3646 1301 3691 ari
1314 3629 1574 3703 persecutione
1583 3627 1738 3704 gladius?

89 3732 141 3792 est
151 3728 384 3807 temperantia,
400 3727 534 3789 tertium
548 3726 715 3799 tortitudo,
733 3726 885 3803 quartum
941 3731 1050 3805 (Rom.
1071 3743 1142 3799 rur,
1163 3724 1230 3806 35.)
1257 3729 1408 3803 Ipsorum
1431 3726 1540 3787 autem
1568 3736 1739 3784 murorum

87 3826 231 3906 justitia.
256 3824 305 3887 Ad
331 3824 418 3886 hanc
441 3825 695 3901 expugnandam
724 3823 888 3884 venerunt
942 3823 1192 3886 tundamentum
1214 3824 1265 3886 est
1285 3822 1380 3896 illud,
1406 3823 1446 3884 de
1470 3837 1534 3900 qno
1562 3820 1738 3897 Apostolus

91 3923 277 4002 Babylonii,
306 3922 393 3984 idest
419 3921 596 3983 daemones.
623 3920 769 3998 Babylon
797 3921 886 3983 enim
942 3922 990 3983 ait
1021 3920 1331 3983 :Fundamentum
1366 3922 1460 3982 aliteri
1493 3932 1595 3980 izemo
1624 3917 1741 3992 potest

91 4019 244 4083 conlusio
272 4020 519 4097 interpretatur.
557 4019 650 4080 Unde
685 4017 885 4095 Apostolus:
941 4020 1278 4094 rememorarem
1295 4017 1547 4092 otrodpositum
1570 4016 1632 4086 est,
1649 4016 1739 4089 quod

91 4136 111 4179 ‹
133 4119 207 4179 Non
220 4119 271 4179 est
280 4117 374 4178 nobis
387 4115 576 4179 colluctatio
586 4116 714 4177 tantum
728 4116 887 4177 adversus
944 4116 995 4178 est
1008 4117 1165 4178 Christro
1174 4119 1276 4178 Jcsus
1287 4114 1316 4194 (Ι
1326 4117 1400 4176 Cor.
1413 4130 1462 4186 111,
1477 4112 1540 4192 11),
1551 4113 1646 4184 idest,
1658 4111 1740 4172 tides

92 4233 112 4276 ‹
135 4231 268 4278 carnem
283 4215 316 4276 et
328 4214 535 4290 sanguinem,
552 4213 608 4274 sed
626 4213 785 4275 adversus
801 4213 890 4290 prin·
943 4213 1078 4274 Christi.
1095 4213 1183 4274 hturi
1203 4213 1347 4274 civitatis
1367 4212 1443 4274 sunt
1462 4212 1610 4272 universi
1625 4209 1740 4271 fideles

91 4331 111 4373 c
134 4313 225 4390 cipes
239 4313 273 4374 et
291 4313 471 4389 potestates
492 4310 704 4374 tenebrarum
723 4310 889 4371 harum.»
921 4306 1199 4388 'superaediflcati
1219 4325 1319 4387 super
1333 4308 1581 4371 tundamentum
1595 4308 1741 4384 Aposto-

93 4410 193 4492 (Eph.
209 4424 254 4481 vr,
270 4407 332 4480 12.)
346 4409 387 4470 ΙΙΙ
406 4410 516 4470 autem
534 4424 664 4484 semper
678 4408 719 4469 ad
741 4409 889 4469 nostram
944 4409 1051 4470 lorum
1072 4408 1105 4470 et
1125 4407 1376 4485 Prophetarum.
1393 4409 1439 4468 De
1464 4406 1582 4484 quibus
1598 4406 1645 4466 alt
1663 4419 1743 4482 pro-

92 4506 323 4570 coniusionem
338 4505 488 4567 tendunt.
504 4507 625 4566 Contra
639 4520 720 4582 quos
734 4505 782 4566 ait
795 4507 891 4567 Jere-
945 4506 1045 4583 pheta
1062 4525 1070 4566 ε
1098 4507 1212 4580 Super
1225 4519 1345 4566 muros
1366 4505 1442 4566 tuos
1461 4507 1658 4565 Jerusalem
1672 4516 1740 4575 pe-

91 4604 199 4666 mias:
215 4601 888 4677 contendunturouiriepcrseqruntur,
943 4605 1001 4665 sut
1020 4603 1177 4665 amioum
1202 4601 1259 4681 (ls.
1278 4618 1360 4674 nxn,
1383 4600 1428 4682 6).
1446 4601 1509 4663 Sed
1534 4600 1567 4662 et
1590 4598 1740 4659 Christus

91 4702 127 4765 et
153 4716 223 4762 riori
241 4703 435 4775 coristtndor
449 4714 547 4777 epo...
574 4701 707 4774 (ierem.
731 4715 800 4771 xvi,
825 4697 888 4777 18).
946 4701 996 4762 est
1016 4716 1130 4761 murus
1151 4716 1332 4772 murorum,
1355 4700 1473 4777 dequo
1497 4697 1640 4773 legitur:
1658 4698 1744 4756 Urbs

92 4800 216 4861 Contra
229 4797 316 4858 hanc
330 4797 497 4860 civitatem
511 4797 623 4858 varias
637 4796 811 4858 machinas
830 4811 893 4858 ex·
945 4798 1162 4874 fortitudinis
1188 4799 1319 4859 nostrie
1344 4799 1436 4857 Sion.
1459 4795 1617 4857 Ponetur
1637 4795 1674 4855 tit
1697 4807 1743 4853 ca

91 4896 173 4961 tulit
195 4895 327 4958 Lucifer
346 4895 414 4967 ille,
432 4895 488 4972 qui
508 4895 558 4957 est
578 4909 640 4956 rex
656 4911 756 4972 super
777 4909 891 4956 omnes
945 4895 1123 4956 marserei
1144 4896 1361 4957 antemurale
1383 4891 1440 4971 (Is.
1463 4906 1557 4962 xxvi,
1584 4889 1628 4969 1).
1650 4889 1743 4951 Inter

93 4994 264 5073 principes
291 4992 455 5071 superbiae
481 4992 515 5055 at
544 4991 760 5053 contusionis.
792 4994 893 5053 lam·
947 4993 1007 5053 hos
1022 5007 1137 5053 muros
1159 4991 1254 5068 qnasi
1275 4990 1377 5052 turris
1396 4988 1570 5051 elevantur
1590 4986 1740 5065 perlecti,

93 5107 194 5171 quam
216 5091 357 5152 callidus
378 5090 586 5166 expugnator
606 5089 756 5153 diversos
786 5104 894 5169 expu·
946 5088 1199 5166 praeeminentes
1212 5087 1410 5149 excellentia
1424 5102 1606 5158 murorum,
1619 5086 1658 5147 de
1673 5084 1744 5163 qui·

93 5195 252 5267 gnatores
267 5187 413 5265 opponit.
434 5187 555 5249 Contra
578 5203 709 5248 rourum
731 5186 807 5249 fidei
832 5202 894 5264 op·
946 5186 1007 5248 bus
1022 5187 1129 5264 inquit
1145 5186 1322 5248 Psalmista
1341 5187 1443 5247 :Fiat
1458 5199 1535 5261 par
1553 5187 1591 5245 iri
1611 5183 1743 5245 virtute

95 5286 189 5366 ponit
212 5285 405 5356 haereticos,
431 5283 487 5361 qui
509 5282 697 5345 subintrant
716 5282 892 5360 explorare
947 5286 1008 5346 tua
1020 5285 1275 5347 etabunciaritia
1287 5284 1490 5345 interritus
1503 5283 1572 5344 tuis
1588 5280 1656 5361 (Ρε.
1673 5282 1741 5353 121,

94 5384 282 5446 libertatem
295 5382 453 5443 nostram.
471 5381 564 5443 Unde
581 5380 616 5441 in
630 5381 795 5443 Canticis:
811 5384 894 5443 Filii
946 5380 992 5461 7).
1019 5382 1082 5443 Sed
1107 5384 1139 5444 et
1154 5382 1303 5443 Christus
1329 5383 1380 5443 est
1399 5380 1502 5442 turris
1520 5380 1676 5450 turrium,
1702 5378 1744 5440 de

92 5483 223 5544 matris
263 5494 351 5541 mccc
389 5479 633 5554 picpriaocramt
673 5480 796 5540 eontra
837 5492 894 5540 mc
948 5496 1012 5557 quo
1027 5479 1167 5556 legitur:
1184 5481 1311 5541 Factus
1328 5480 1378 5542 est
1393 5493 1471 5552 spes
1484 5478 1616 5548 nostro,
1631 5478 1744 5538 turris

96 5580 204 5659 (Cant.
220 5594 246 5650 1,
261 5574 306 5657 5).
324 5575 437 5639 sedin
456 5576 518 5638 hoo
532 5591 628 5638 muro
643 5576 801 5652 Magister
816 5592 895 5638 cus-
947 5579 1162 5651 fortitudinis
1174 5592 1196 5637 a
1210 5579 1298 5653 socie
1310 5579 1443 5638 inimici
1458 5574 1527 5654 (Ρε.
1543 5577 1593 5647 60,
1608 5572 1653 5653 t).

96 5677 195 5741 todiae
214 5674 268 5739 est
288 5675 419 5747 Petrus,
439 5672 604 5746 videlicet,
629 5673 782 5751 peritum,
808 5671 893 5736 torte
989 5675 1096 5737 Portae
1120 5674 1265 5737 civitatis
1291 5674 1369 5737 sunt
1399 5673 1551 5736 doctores
1574 5670 1741 5742 Ecclesia,
