3802 6166
60 244 119 303 ool

692 245 921 307 EPISTOLAE.
944 246 1023 309 nm.
1047 248 1089 309 11.

1652 258 1714 327 002

60 416 317 479 recognoscens,
330 401 362 464 et
372 400 522 476 matrem,
532 400 628 465 nobis
638 400 773 468 obedire
782 420 863 483 pro-
915 406 1264 483 diam,beatolacoho‚
1274 409 1463 477 attestante.
1472 413 1544 476 Dat.
1553 413 1709 479 lateran.

60 501 170 577 ponis,
199 501 284 563 sicut
307 501 444 563 devotus
474 501 563 563 illius
585 518 645 580 pro
668 503 766 581 patri.
795 507 861 566 Pro

60 598 181 676 quibus
208 598 416 661 devotionem
431 600 522 662 tuam
543 600 579 661 in
602 602 742 664 Domino
766 618 860 664 com-

60 697 267 770 mendantes,
292 699 324 758 oi
347 714 367 759 a
383 713 447 776 quo
462 699 513 761 est
533 714 630 760 omne
645 699 758 762 datum
775 702 862 778 opti-

59 812 163 868 mum,
181 796 213 857 et
227 811 324 856 omne
337 795 458 856 donum
480 797 662 872 perlectum
677 798 861 874 gratiarum

59 892 237 954 referimus
253 893 412 966 actiones,
441 895 637 972 suppliciter
649 897 858 973 postulando,

60 993 98 1051 ut
121 991 204 1067 ipse,
221 990 278 1067 qui
298 990 371 1053 haec
392 991 453 1053 tibi
478 992 738 1056 misericorditer
762 994 862 1071 inspi-

60 1090 160 1159 ravit,
186 1089 241 1150 ‹let
264 1092 296 1151 et
324 1089 494 1167 perlicere.
522 1106 562 1151 ac
586 1106 802 1168 perseverare
825 1092 860 1152 in

58 1188 103 1248 iis
136 1203 241 1264 nsque
273 1187 309 1248 in
339 1187 427 1249 diem
455 1188 588 1250 Domini
615 1191 696 1252 Jesu
725 1189 858 1251 Christi.

60 1288 249 1363 Superque
273 1288 306 1349 et
325 1287 362 1348 tu
381 1286 453 1363 ipse
468 1286 567 1349 debes
590 1287 760 1348 humiliter
774 1304 859 1349 exo-

60 1400 150 1455 rare,
176 1383 313 1444 eumad
336 1383 425 1445 idel
453 1384 534 1446 fides
558 1384 733 1457 catholica,
762 1400 859 1463 quam

61 1486 165 1554 tenes,
194 1482 231 1542 nt
254 1481 430 1554 credimus,
458 1484 491 1544 te
511 1482 657 1555 inducat,
683 1484 716 1546 et
735 1482 860 1546 fructus

59 1596 128 1641 non
146 1579 305 1652 modicus,
324 1581 379 1658 qui
395 1597 438 1642 ex
452 1581 515 1643 hoe
538 1582 715 1660 provenire
729 1581 790 1645 tibi
805 1598 861 1660 po·

57 1678 150 1751 terit,
181 1678 214 1739 in
244 1679 400 1757 praesenti
429 1682 551 1757 praeter
582 1681 716 1742 aeternae
744 1680 859 1757 gloriae

59 1775 225 1849 diadema,
245 1776 329 1853 quod
351 1777 411 1839 tibi
433 1777 462 1837 si
483 1778 763 1855 perseveraveris,
781 1778 860 1839 red-

61 1875 118 1936 det
132 1875 290 1936 Dominus
300 1874 411 1953 justus
422 1875 537 1953 jndex.

102 1973 181 2035 lude
194 1976 243 2035 est
257 1974 342 2051 qrred
354 1989 414 2035 nos
425 1977 557 2051 recepto
570 1989 631 2052 pro
642 1976 676 2036 te
690 1973 860 2036 abeodem

59 2072 227 2149 episcopo,
244 2072 321 2133 sunt
339 2072 370 2133 ei
386 2081 445 2150 per
459 2074 533 2134 tuas
549 2073 689 2145 litteras,
706 2089 788 2151 quas
803 2089 862 2135 co-

58 2184 133 2229 ram
158 2167 253 2229 nobis
268 2168 334 2245 legi
359 2168 508 2241 fecimus,
534 2170 721 2246 praecepisti
737 2185 859 2246 corpo-

59 2266 126 2327 rali
148 2267 356 2344 juramento,
380 2267 466 2344 quod
491 2267 686 2345 praedictum
705 2267 862 2329 cardina-

59 2365 126 2426 lem
151 2365 348 2428 omnimodae
369 2366 524 2428 restitues
550 2366 694 2429 libertati
719 2368 752 2428 et
770 2365 860 2427 filins

59 2462 221 2525 obediens
237 2463 332 2525 nobis
348 2464 425 2536 eris,
441 2481 482 2527 ex
498 2465 656 2527 consueta
671 2464 858 2536 clementia,

59 2578 127 2639 qna
151 2562 298 2624 Ecclesia
325 2563 497 2624 consuevit
522 2563 563 2625 ad
587 2579 623 2625 se
646 2562 861 2625 redeuntibus

60 2661 226 2736 gremium
247 2662 389 2738 aperire,
407 2662 439 2723 te
461 2661 748 2723 annumerandum
763 2661 863 2723 duxi-

60 2776 135 2820 mus
150 2759 239 2821 inter
253 2760 409 2822 Ecclesiae
430 2760 515 2821 lilios
531 2760 703 2837 speciales,
720 2761 753 2822 et
776 2759 862 2836 peli-

60 2858 182 2931 tiones,
209 2874 291 2935 quas
313 2858 400 2919 idem
422 2858 596 2936 episcopus
621 2874 665 2921 ex
689 2860 783 2936 parte
803 2858 861 2920 tna

61 2955 159 3017 nobis
181 2956 342 3034 porrexit,
357 2957 391 3017 in
407 2958 565 3034 quantum
581 2972 654 3019 cum
668 2959 736 3018 Deo
751 2956 863 3034 potui-

60 3072 137 3116 mus
158 3054 198 3115 de
222 3055 361 3119 fratrum
377 3057 564 3117 nostrornm
588 3055 728 3116 consilio
751 3070 861 3116 exau-

60 3154 134 3215 dire
151 3152 352 3224 curavimus,
365 3153 450 3214 sicut
460 3168 520 3229 per
529 3152 681 3214 ellectum
692 3151 863 3213 evidenter

61 3252 217 3330 apparet,
249 3252 388 3312 firmiter
414 3250 628 3323 aestimantes
658 3249 744 3328 quod
768 3250 801 3311 et
825 3250 862 3310 tu

61 3350 184 3412 debeas
211 3349 392 3427 adimplere
420 3348 600 3427 promissa,
633 3348 731 3426 prout
757 3349 861 3409 Deum

61 3450 233 3511 timentem
249 3450 282 3510 et
297 3448 496 3511 catholicum
509 3447 617 3509 virum
633 3446 737 3509 decet.

103 3549 209 3620 erum
229 3548 332 3624 igitur
354 3547 425 3608 sola
440 3546 689 3625 perseverantia
711 3544 862 3606 bravium

63 3646 207 3723 accipiat
231 3645 366 3707 virtutis
391 3644 426 3706 in
456 3644 613 3716 Domino,
639 3644 802 3721 quatenus
827 3641 863 3704 in

63 3744 250 3817 devotione,
268 3760 307 3805 ac
329 3743 517 3805 obedientia
538 3741 861 3820 apostolicaesedis,

63 3843 96 3904 et
112 3843 226 3904 nostra
245 3842 293 3903 sic
309 3842 450 3903 firmiter
468 3856 672 3918 perseveres,
700 3839 732 3901 id
754 3840 863 3917 potius

64 3957 124 4018 per
143 3940 382 4003 exhibitionem
402 3941 524 4017 operis,
550 3956 648 4017 qnam
664 3954 723 4016 per
741 3938 863 4015 scripta

63 4039 290 4110 monstrando,
319 4040 404 4116 quod
420 4040 453 4100 el
468 4038 616 4099 divinam
635 4037 778 4113 gratiam
794 4052 865 4099 me-

63 4138 183 4209 rearis,
200 4140 232 4199 et
247 4137 392 4198 savorem
412 4136 637 4215 apostolicum
654 4135 784 4213 plenius
800 4134 863 4196 ob-

64 4237 183 4298 tinere.
207 4238 386 4308 Praeterea,
407 4251 507 4312 quum
531 4251 573 4297 ex
597 4235 747 4312 injuncto
768 4233 864 4294 nobis

63 4334 276 4413 apostolatus
288 4333 407 4407 officio,
420 4337 452 4395 te
462 4350 501 4394 ac
512 4333 597 4393 alios
608 4331 767 4393 Ecclesiae
778 4331 864 4392 illios

65 4432 244 4495 debeamus
262 4432 303 4493 ad
319 4432 450 4509 pietatis
465 4447 566 4509 opera
584 4428 739 4501 invitare,
766 4428 865 4490 nobi·

66 4533 194 4594 litatem
210 4534 300 4593 tuam
315 4545 470 4607 rogamus
483 4529 618 4600 attente,
647 4528 680 4589 et
692 4542 865 4589 monemus

66 4630 346 4692 inremissionem
363 4627 423 4691 tibi
436 4627 664 4705 peccaminum
685 4626 865 4703 injungen-

66 4732 127 4799 tes,
140 4730 302 4805 quatenus
313 4726 435 4787 divinae
449 4726 583 4803 pietatis
596 4724 729 4797 intuitu,
747 4725 779 4785 et
794 4740 866 4785 nos-

64 4828 195 4889 trarum
223 4841 356 4902 precum
381 4824 531 4895 obtentu,
566 4822 707 4900 captivis
735 4822 865 4899 aperias

65 4926 197 4986 viscera
218 4923 364 5000 pietatis,
390 4925 422 4984 et
438 4937 600 4999 pauperes
616 4921 811 4998 praesertim,
834 4921 867 4981 et

65 5023 164 5095 alios,
181 5020 356 5099 dequibus
372 5020 499 5081 nullum
522 5019 629 5096 potest
640 5018 701 5080 tibi
716 5033 865 5081 commo-

65 5122 145 5183 dum
174 5119 365 5198 provenire,
396 5118 553 5180 restituas
580 5116 740 5188 libertati,
771 5118 807 5178 ut
834 5118 867 5178 et

65 5217 260 5280 misericors
282 5215 441 5278 Dominus
464 5215 496 5277 te
521 5232 541 5275 a
563 5216 695 5275 tuorum
714 5212 867 5275 absolvat

65 5315 211 5381 vinculis
227 5316 448 5391 peccatorum,
465 5313 521 5390 qni
537 5329 572 5374 se
586 5312 655 5372 illis
671 5327 736 5373 non
751 5310 868 5373 dimis-

916 507 991 567 Vlll
1006 506 1088 580 kal,
1104 506 1181 581 leh,
1196 508 1287 587 pont.
1303 510 1409 573 nostri
1424 527 1512 574 anno
1527 514 1683 576 sectando.

1255 689 1377 777 CXIV

955 842 984 899 Α
1001 841 1216 902 (araldellorum
1230 844 1425 915 episcopam
1442 845 1476 905 cl
1493 846 1675 907 carzorrlros

1223 942 1405 1002 Crcrrrenos.

1218 1062 1253 1119 26
1260 1062 1320 1135 jan.
1334 1063 1413 1120 ltlss.

1072 1174 1192 1239 [Ughellh
1204 1175 1261 1226 ltal.
1272 1178 1357 1237 Sacra,
1366 1184 1386 1231 t.
1400 1180 1428 1239 V,
1438 1194 1464 1243 p.
1475 1180 1543 1245 298]

950 1280 1252 1341 Coullrmatstatnlum
1278 1284 1314 1342 de
1332 1301 1453 1343 numero
1474 1286 1678 1349 canonicorum

1150 1371 1180 1429 in
1195 1374 1316 1430 ecclesia
1336 1376 1474 1433 Cumana.

955 1489 1122 1551 Honorius
1132 1491 1307 1568 episcopus
1322 1509 1439 1555 servus
1453 1511 1624 1558 servorum
1638 1497 1711 1571 Dei,

915 1586 1098 1647 venerabili
1119 1588 1214 1650 iratri
1242 1593 1355 1652 nostro
1370 1591 1536 1671 episcopo,
1553 1595 1586 1656 et
1604 1611 1710 1660 cano-

916 1683 999 1744 nicis
1014 1685 1181 1759 Cumanis
1199 1688 1351 1760 salutem,
1364 1690 1426 1751 etc.

955 1784 1061 1855 Quum
1077 1800 1135 1860 per
1150 1784 1280 1859 iratres,
1302 1788 1335 1848 et
1349 1787 1561 1865 coepiscopos
1581 1792 1714 1851 nostros
1793 1824 1799 1833 ·

915 1879 955 1940 ad
970 1880 1154 1956 proiectum
1167 1883 1397 1956 ecclesiarum,
1417 1886 1450 1948 et
1471 1902 1587 1963 pacem
1599 1888 1713 1965 aliqua

915 1977 1116 2051 statuuntur,
1131 1996 1203 2057 quae
1219 1980 1260 2041 ab
1280 1981 1442 2045 institutis
1466 1999 1636 2046 sacrorum
1653 2002 1712 2047 ca-

915 2090 1039 2136 nonum
1062 2092 1129 2137 non
1145 2077 1345 2157 discrepant,
1358 2082 1455 2159 juxta
1472 2083 1709 2159 postulantium

915 2173 1116 2235 voluntatem
1132 2176 1389 2239 consentaneam
1404 2179 1526 2240 rationi
1541 2181 1708 2253 convenit,

915 2269 1029 2331 eadem
1041 2270 1341 2348 apostolicaesedis
1352 2276 1710 2340 munimineroborari.

917 2370 1003 2429 Sane
1026 2368 1121 2431 nobis
1145 2370 1301 2446 innotuit,
1318 2373 1404 2450 quod
1424 2373 1519 2436 bonae
1541 2376 1711 2438 memoriae
1768 2430 1778 2443 .
1805 2426 1808 2431 .

915 2468 952 2526 A.
971 2467 1136 2527 Cumanus
1147 2469 1320 2545 episcopus
1335 2471 1450 2531 volens
1465 2488 1534 2533 suae
1549 2472 1712 2549 prosecti-

915 2560 977 2622 bus
999 2563 1150 2625 ecclesiae
1170 2565 1354 2642 providere,
1374 2569 1571 2631 anctoritate
1589 2571 1714 2631 sanctae

916 2661 1156 2723 recordationis
1170 2664 1323 2739 Gregorii
1340 2668 1439 2742 Papae
1459 2666 1715 2743 praedecessoris

916 2759 1021 2820 nestri
1034 2759 1074 2821 de
1088 2760 1270 2833 voluntate,
1294 2763 1327 2824 et
1350 2778 1491 2826 assensu
1505 2765 1558 2826 sui
1573 2765 1712 2843 capituli

917 2856 1041 2929 statuit,
1061 2858 1096 2920 ut
1121 2858 1155 2919 in
1171 2859 1320 2921 Cumana
1344 2862 1487 2923 ecclesia
1508 2863 1628 2939 viginti
1649 2880 1711 2925 ca-

917 2956 1111 3017 nonicorum
1127 2972 1285 3018 numerus
1298 2960 1408 3021 certus
1424 2961 1556 3033 existat,
1573 2962 1606 3023 et
1620 2977 1711 3023 sem-

917 3069 976 3130 per
999 3055 1132 3116 maneat
1154 3054 1312 3129 illibatus
1333 3058 1366 3119 et
1393 3058 1481 3119 idem
1503 3058 1661 3122 statutum
1676 3060 1711 3121 in

917 3151 1075 3230 scriptum
1091 3152 1257 3228 redigens,
1274 3154 1325 3213 sui
1337 3155 1440 3231 sigilli
1455 3157 1638 3218 munimine
1651 3173 1711 3219 ro-

917 3248 1525 3327 boravit,quodcumlelicismemoriae
1535 3255 1713 3317 coelestino
1805 3240 1808 3245 ¹

918 3362 1010 3425 papae
1035 3346 1273 3425 praedecessori
1299 3348 1417 3412 luisset
1440 3350 1604 3423 oblatum,
1625 3352 1713 3414 idem

918 3445 1094 3521 diligenter
1119 3445 1258 3507 audiens
1281 3447 1487 3524 approbavit.
1510 3452 1556 3509 Ea
1577 3453 1716 3527 propter

918 3543 1038 3605 vestris
1047 3543 1148 3620 justis
1163 3544 1441 3620 postulationibus
1456 3549 1654 3619 annuentes,
1671 3548 1712 3609 ad

919 3642 1090 3718 exemplar
1105 3641 1359 3719 praedecessoris
1372 3644 1542 3706 Coelestini
1554 3646 1714 3707 statutum

918 3740 1038 3817 ipsum,
1055 3740 1141 3801 sicut
1154 3740 1399 3802 rationabiliter
1414 3740 1535 3805 sactum
1552 3744 1612 3815 est,
1629 3745 1662 3805 el
1675 3744 1711 3805 in

919 3838 1056 3917 praelato
1073 3839 1195 3915 scripto
1214 3840 1405 3902 authentico
1420 3841 1620 3911 continetur,
1634 3858 1717 3903 auc-

918 3938 1052 3999 toritate
1061 3937 1249 4013 apostolica
1261 3938 1506 4008 confirmamus,
1516 3942 1549 4001 et
1561 3956 1713 4016 praesen-

918 4036 961 4097 tis
989 4036 1105 4113 scripti
1138 4035 1323 4113 patrocinio
1357 4036 1610 4099 communimus.
1636 4039 1716 4101 Sta-

918 4134 1059 4206 tuentes,
1068 4136 1103 4195 ut
1113 4134 1299 4211 praebendae
1308 4134 1458 4197 ecclesiae
1468 4136 1588 4198 vestrae
1599 4137 1714 4199 contra

919 4233 1076 4294 statutum
1092 4233 1329 4293 lateranensis
1346 4233 1483 4295 Concilii
1501 4234 1593 4295 salva
1619 4235 1715 4297 Sedis

918 4330 1117 4407 apostolicae
1141 4331 1339 4391 auctoritate
1362 4329 1402 4391 de
1431 4331 1552 4393 caetero
1578 4331 1715 4393 minime

920 4427 1163 4505 permittantur.
1181 4428 1229 4488 hd
1241 4430 1401 4504 majorem
1416 4443 1495 4489 vero
1512 4428 1714 4499 firmitatem,

921 4526 1024 4604 ipsius
1040 4525 1154 4602 scripti
1168 4526 1317 4587 tenorem
1333 4526 1373 4587 de
1393 4524 1493 4587 verbo
1509 4526 1550 4587 ad
1574 4527 1713 4587 verbnm

921 4622 1138 4702 praesentibus
1158 4622 1313 4683 duximus
1343 4622 1565 4695 inserendum,
1588 4624 1718 4699 quiesi

920 4721 1014 4783 talis:
1608 4764 1615 4776 .

960 4817 1147 4885 hnselmus,
1160 4817 1219 4879 Dei
1228 4818 1336 4895 gratia
1348 4819 1513 4878 Cumanus
1528 4817 1715 4895 episcopus,

921 4916 998 4977 licet
1012 4915 1206 4987 immeritus,
1221 4916 1351 4976 dilectis
1363 4915 1397 4976 in
1413 4915 1543 4977 ChrIsto
1558 4915 1717 4979 iratribus

922 5013 1092 5076 canonicis
1117 5015 1272 5074 Cumanae
1290 5013 1439 5074 matricis
1464 5013 1626 5086 ecclesiae,
1653 5018 1716 5077 etc.

922 5115 1026 5184 ernm
1043 5127 1085 5172 ex
1100 5110 1248 5188 injuncto
1268 5110 1364 5172 nobis
1378 5111 1587 5188 episcopatus
1607 5113 1717 5175 ostiolo

922 5209 1049 5271 cunctis
1064 5213 1178 5271 nostro
1192 5209 1348 5285 regimini
1365 5209 1550 5271 commissis
1566 5212 1718 5273 ecclesiis

922 5308 1081 5386 pastorali
1112 5310 1285 5369 teneamur
1321 5307 1496 5385 vigilantia
1529 5310 1715 5385 providere,

66 5431 184 5477 surum
199 5415 351 5486 testatur,
366 5412 422 5489 qui
434 5410 591 5473 iratribus
603 5426 668 5471 non
682 5408 865 5485 dimittunt3
922 5406 1094 5484 indignum
1109 5406 1190 5468 satis
1219 5406 1326 5468 videri
1352 5408 1473 5483 posset,
1495 5408 1529 5468 el
1543 5406 1717 5481 absonum,

67 5512 211 5575 sollicite
229 5510 417 5582 recolendo,
434 5509 520 5587 quod
533 5507 696 5586 jndicium
709 5508 781 5569 sine
798 5507 866 5568 mi·
922 5505 987 5567 nisi
1002 5504 1200 5583 episcopalis
1216 5504 1366 5567 ecclesias
1381 5522 1507 5578 curam,
1525 5506 1559 5567 et
1571 5506 1717 5579 diligen-

67 5610 251 5673 sericordia
268 5610 324 5671 liet
345 5610 388 5679 ei,
414 5608 470 5686 qui
490 5623 555 5669 non
579 5606 658 5668 facit
677 5605 869 5667 misericor-
921 5604 1003 5667 tiam
1017 5604 1194 5666 sollicitius
1215 5603 1426 5665 haberemus.
1448 5604 1541 5665 lllius
1556 5603 1719 5680 siquidem
