3802 6166
102 303 153 366 177
720 298 949 359 EPISTOLAE.
973 297 1049 358 LIB.
1074 298 1114 359 11.

102 465 166 539 bei,
182 465 341 542 magistro
355 464 388 526 et
405 460 562 525 fratribus
581 458 755 537 hospitalis
768 458 890 519 Hieru-

102 563 213 637 salem,
240 562 380 624 salutem
404 562 436 624 et
455 558 670 639 apostolicam
686 556 891 618 benedictio-

102 676 182 723 aem.

134 762 240 831 Quum
250 756 421 819 benefieiis
438 755 623 834 principum
634 752 791 829 religiosa
804 752 887 821 loca,

102 861 189 934 grata
218 856 252 917 in
282 855 518 932 temporalibus
548 852 753 929 susceperint
782 851 892 909 incre-

102 956 226 1027 nenta;
244 970 338 1030 aequa
352 954 400 1013 eis
413 951 642 1013 uicissitudine
661 948 888 1026 respondetur,

102 1054 126 1114 si
153 1052 303 1129 religiosi
330 1050 395 1111 riri
424 1049 548 1111 eisdem
579 1048 736 1109 assistant
760 1046 832 1106 loco
859 1045 891 1104 et

102 1164 243 1227 :empore
256 1150 460 1227 oppertun0;
476 1148 509 1208 in
525 1147 577 1208 bis
590 1147 745 1216 maxime,
763 1145 796 1204 in
817 1143 892 1219 qui-

102 1252 157 1309 bus
174 1250 207 1309 e't
222 1246 524 1323 servaturjustitia,
542 1249 574 1306 et
586 1232 691 1321 pietas
705 1243 888 1302 exercetur.

102 1349 203 1418 Quum
219 1344 321 1420 igitur
338 1343 477 1405 dilectus
499 1343 586 1403 illius
606 1339 727 1402 nobilis
740 1338 792 1400 vir
807 1337 890 1399 ilai-

102 1443 239 1504 mnndus
264 1441 397 1518 Rupini,
427 1441 580 1517 princeps
603 1436 830 1498 Antiochenus
851 1434 891 1494 de

102 1542 209 1601 restra
233 1539 295 1599 fide
317 1555 356 1599 ac
376 1538 537 1613 religione
557 1536 737 1605 confidere,
758 1550 777 1594 a
797 1531 891 1593 nobis

102 1637 267 1698 numiliter
292 1636 481 1713 postulavit,
497 1634 591 1695 vobis
614 1631 811 1711 Apostolicis
831 1628 889 1690 lit·

102 1736 176 1797 :cris
201 1733 446 1807 commendari3
470 1731 722 1793 universitatem
748 1729 891 1790 vestram

102 1848 264 1907 rogamus,
290 1847 472 1901 monemus,
496 1832 530 1890 et
548 1829 721 1890 hortamur
748 1827 889 1898 attente;

102 1945 160 2006 per
184 1929 373 2005 Apostolica
402 1926 495 1989 vobis
527 1927 649 2003 scripta
683 1924 889 1995 mandantes,

102 2027 183 2103 guod
207 2026 248 2086 ob
273 2026 493 2086 reverentiam
514 2021 836 2101 apostolicaesedis,
860 2022 893 2081 et

102 2125 260 2197 uostram3
282 2123 390 2197 ipsum
415 2121 574 2182 babentes
593 2121 718 2197 injure
738 2134 798 2179 sue
820 2134 893 2193 pro·

102 2215 890 2296 iensiuscommendatnmmonpermittatiseum,

102 2320 254 2394 1uantnm
270 2317 304 2376 in
320 2315 413 2377 vobis
428 2314 537 2385 luerit,
553 2314 594 2375 ab
610 2313 776 2391 aliquibus
798 2312 893 2373 inde-

102 2415 162 2476 cite
188 2414 370 2484 molestari,
399 2413 504 2474 eidem
527 2412 642 2473 contra
665 2396 892 2472 molestatores

102 2516 167 2591 ejus
182 2512 347 2573 indebitos
360 2509 503 2572 viriliter
517 2509 715 2577 assistendo,
732 2524 847 2585 preces
861 2508 894 2568 et

102 2610 250 2670 mandata
284 2611 398 2669 nostra
435 2607 546 2669 taliter
583 2606 772 2676 admissuri,
806 2604 891 2681 qnod

102 2707 182 2768 idem
194 2723 234 2767 ea
248 2706 310 2767 sibi
323 2705 444 2766 sentiat
455 2705 640 2783 fructuosa3
653 2704 685 2765 et
695 2719 781 2781 spes,
795 2718 893 2779 (pram

102 2805 137 2865 le
150 2804 245 2864 vobis
268 2804 475 2879 conceperat,
495 2802 559 2878 ipsi
575 2801 700 2862 clareat
712 2817 772 2877 per
788 2800 892 2860 effec-

102 2903 178 2971 tum,
201 2902 232 2962 et
252 2918 311 2961 nos
334 2900 540 2961 devotionem
562 2900 706 2960 vestram
730 2898 893 2974 possimus

102 3014 139 3059 ex
161 3000 223 3058 lloc
242 2998 359 3059 merite
377 2997 618 3058 commendare.
637 2998 754 3057 Datum
769 2998 895 3057 Feren-

102 3096 171 3166 tini,
196 3099 312 3156 oetavo
337 3094 496 3155 kalendas
517 3094 667 3169 Augusti,
684 3092 894 3170 pontificatus

102 3193 202 3255 nostri
215 3208 304 3253 anno
315 3191 471 3253 secundo.

479 3378 514 3463 V

243 3542 295 3600 Ad
309 3543 492 3616 Hupencm
506 3552 623 3614 regem
640 3539 754 3611 opert.

400 3670 434 3728 27
451 3669 502 3742 jnl.
521 3669 599 3725 1217.

245 3794 310 3859 [llas
319 3793 413 3852 Latris,
425 3794 489 3842 llist.
500 3792 531 3841 de
542 3792 651 3857 Chyprc,
659 3791 690 3849 ll,
704 3790 757 3855 dd]

1682 304 1742 366 478

945 455 1049 518 sentis
1061 457 1175 535 scripti
1188 456 1373 535 patrocinio
1381 460 1633 521 communimus.
1648 463 1741 526 Nulli

945 570 1036 632 ergo,
1053 557 1129 628 eto,
1146 556 1232 616 banc
1248 556 1403 633 paginam
1419 559 1541 621 nestrae
1557 561 1740 637 protectio·

944 652 996 714 nis
1025 654 1058 715 et
1095 654 1355 716 confirmationis
1384 654 1577 731 infringere,
1605 660 1666 720 etc.
1705 659 1740 721 Si

944 751 1018 827 quis
1043 752 1164 823 autem,
1189 753 1386 813 elebatum
1412 754 1591 826 Ferentini,
1615 757 1658 817 VI
1673 742 1739 817 ka-

944 848 1060 908 lendas
1084 850 1235 923 Augusti,
1273 849 1483 926 pontificatus
1512 852 1616 913 nostri
1652 868 1739 914 anno

945 946 1102 1007 secundo.

949 1223 1160 1284 fidelitatem
1186 1227 1227 1285 de
1249 1226 1424 1298 Josapnit,
1450 1228 1483 1287 et
1515 1230 1683 1289 decenum
1707 1231 1741 1291 et

1083 1326 1326 1383 caemeterium
1342 1324 1599 1386 carnotensem.

1247 1453 1280 1511 27
1290 1453 1342 1526 jn.
1358 1435 1435 1512 lin.

1147 1577 1269 1640 [Regest.,
1281 1576 1325 1627 lib.
1339 1577 1371 1635 ll,
1385 1577 1459 1641 epist.
1471 1579 1539 1640 833]

946 1694 1003 1750 Eos
1016 1691 1126 1764 judices
1140 1693 1287 1750 constituit
1304 1696 1377 1750 inter
1391 1696 1522 1767 reginam
1536 1698 1739 1771 berengariam

981 1786 1010 1838 et
1031 1781 1155 1837 nobilem
1181 1781 1217 1837 de
1245 1784 1289 1839 W.
1315 1797 1401 1855 super
1426 1782 1570 1852 dotalitiis,
1595 1786 1650 1843 nisi
1668 1787 1741 1844 intra

981 1870 1133 1926 terminum
1148 1870 1174 1927 ei
1190 1871 1385 1944 prescriptum
1400 1870 1568 1946 archiepisc.
1588 1876 1692 1932 turon.
1706 1876 1741 1932 li·

981 1964 1039 2015 tem
1053 1958 1157 2015 tlnierit
1168 1956 1220 2031 (l).

986 2086 1163 2157 Honorius,
1181 2087 1257 2158 ete,
1275 2087 1404 2149 dilectis
1420 2088 1499 2149 liliis
1514 2088 1625 2150 abbati
1638 2090 1678 2151 de
1690 2092 1744 2153 Jo-

947 2182 1077 2259 saphat,
1090 2183 1123 2244 et
1137 2183 1263 2244 decano
1276 2186 1308 2245 et
1321 2186 1521 2247 cancellario
1532 2188 1739 2249 carnotensi.

987 2279 1743 2351 QuerelamcarissimaeianristolilieeBeren·

946 2376 1744 2456 gariaequondamAnglorumreginaeillustrisre·

948 2475 1094 2550 cepimus
1105 2476 1338 2548 continentem,
1352 2477 1437 2553 quod
1453 2494 1527 2538 cum
1543 2479 1667 2541 abonae
1679 2497 1745 2542 me·

948 2572 1061 2632 moriae
1074 2574 1265 2634 Innocentio
1279 2589 1363 2650 papa
1375 2575 1618 2651 praedecessore
1629 2580 1743 2640 nostro

948 2670 1061 2729 contra
1082 2668 1226 2730 nobilem
1245 2671 1356 2732 virum
1374 2674 1427 2733 W.
1444 2672 1484 2733 de
1505 2674 1663 2735 Werchia
1685 2675 1745 2736 de-

948 2766 1109 2827 tentorem
1138 2766 1237 2828 castri
1267 2768 1381 2843 segrei
1408 2769 1448 2829 ad
1478 2770 1584 2846 ipsam
1614 2772 1745 2834 ratione

948 2862 1090 2924 dotalitii
1111 2864 1319 2940 pertinentis,
1336 2882 1401 2942 que
1421 2882 1480 2943 per
1496 2883 1572 2928 eum
1597 2870 1650 2929 vel
1672 2872 1745 2947 ejus

949 2961 1125 3037 complices
1141 2962 1249 3023 suerat
1272 2965 1387 3024 contra
1407 2965 1571 3040 Justitiam
1589 2967 1742 3043 spoliata,

948 3075 1008 3136 pro
1028 3060 1236 3120 restitutione
1252 3061 1353 3120 castri
1373 3061 1521 3137 ejusdem
1544 3061 1585 3123 ad
1603 3079 1747 3126 venera-

949 3156 1048 3216 bilem
1064 3156 1199 3216 fratrem
1222 3158 1371 3217 nostrum
1391 3158 1690 3237 archiepiscopum,
1713 3163 1746 3226 et

949 3252 1086 3314 dilectos
1110 3253 1196 3315 filios
1224 3255 1385 3314 decanum
1413 3256 1446 3316 et
1474 3256 1745 3319 archidiaconum

949 3354 1115 3411 Turonen.
1135 3351 1263 3412 litterae
1285 3352 1484 3428 impetravit,
1511 3354 1544 3414 et
1566 3354 1653 3415 idem
1680 3371 1745 3416 no-

950 3448 1038 3520 bilis,
1056 3448 1193 3526 objectis
1206 3450 1400 3526 quibusdam
1416 3451 1666 3527 exceptionibus
1682 3452 1746 3512 iri-

950 3546 1046 3618 volis,
1062 3544 1298 3620 subterfugerit
1308 3546 1536 3621 malignando,
1554 3562 1679 3625 nosque
1690 3548 1746 3626 ip-

951 3644 997 3704 sis
1008 3643 1109 3704 semel
1120 3644 1153 3704 et
1165 3644 1285 3703 iterum
1296 3644 1418 3704 nostris
1430 3644 1617 3706 dederimus
1627 3645 1747 3707 litteris

951 3740 986 3801 in
1002 3740 1187 3817 praeceptis,
1203 3742 1249 3811 ut,
1268 3741 1334 3800 illis
1350 3739 1601 3818 exceptionibus
1616 3742 1747 3804 frivolis

952 3837 1250 3909 nonobstantibus,
1274 3838 1322 3898 sic
1343 3839 1473 3900 ratione
1488 3840 1612 3915 praevia
1628 3840 1663 3901 in
1683 3856 1747 3902 ne-

102 3922 254 3993 llugonem
270 3933 370 3993 regem
389 3918 482 3991 Cypri,
508 3917 628 3974 liliorum
644 3931 678 3972 ac
700 3915 820 3972 siliarum
836 3914 898 3988 ojus
952 3936 1041 4013 gotio
1075 3935 1191 3995 eodem
1225 3935 1443 4011 procederent
1470 3938 1566 4013 juxta
1600 3938 1748 4014 priorum

136 4023 275 4082 personas
289 4023 355 4064 cum
370 4022 461 4080 regno
476 4007 559 4078 Cypri
574 4013 603 4062 et
621 4003 755 4063 omnibus
768 4005 831 4061 aliis
846 4003 895 4060 bo·

135 4098 182 4153 nis
195 4096 247 4154 sub
259 4096 287 4153 b.
301 4094 376 4153 Petri
391 4102 420 4152 et
433 4109 484 4152 sua
500 4094 675 4167 protectione
689 4093 816 4166 suscipit.

953 4032 1189 4094 continentiam
1212 4032 1396 4094 litterarum
1416 4034 1501 4111 quod
1524 4034 1611 4096 dicta
1631 4036 1750 4111 regina

953 4147 1013 4209 pro
1028 4131 1157 4192 deiectu
1176 4146 1290 4192 eornm
1303 4146 1369 4191 non
1386 4133 1560 4208 cogeretur
1574 4133 1749 4195 iterumad

141 4231 310 4293 llonorius
353 4229 540 4306 episcopus
578 4243 694 4289 servus
728 4242 899 4288 servorum
954 4229 1072 4289 sedem
1086 4229 1307 4304 apostolicam
1329 4228 1500 4303 laborare3
1518 4231 1581 4306 ipsi
1597 4231 1751 4292 deferen-

103 4330 174 4402 Dei,
200 4328 373 4390 carissimo
398 4327 431 4387 in
460 4326 593 4387 Christo
617 4324 687 4386 nlio
711 4327 751 4385 H.
777 4325 900 4386 illustri
953 4327 1003 4388 tes
1019 4326 1145 4387 bomini
1159 4326 1233 4402 plus
1248 4342 1346 4402 quam
1366 4328 1445 4397 Deo,
1462 4327 1539 4403 quia
1562 4327 1668 4389 dictus
1683 4345 1748 4389 no-

102 4428 174 4503 rcgi
191 4427 300 4503 Cypri,
318 4424 505 4485 salutemet
519 4422 735 4500 apostolicam
751 4422 901 4483 benedic·
954 4422 1041 4496 bilis,
1060 4439 1116 4484 eos
1138 4423 1330 4500 posmodum
1351 4424 1547 4495 recusando,
1565 4426 1747 4501 proposuit,

102 4527 238 4590 tionem.
956 4521 1041 4598 quod
1069 4521 1133 4580 duo
1155 4520 1289 4580 illorum
1317 4520 1416 4581 clarae
1443 4521 1611 4582 memoriae
1637 4537 1749 4597 regem

143 4621 362 4684 sacrosancta
378 4621 526 4680 Romana
542 4618 702 4689 Ecclesia,
717 4616 793 4689 etc,
809 4618 901 4679 tuam
957 4618 1170 4687 Ricllardum,
1187 4618 1294 4679 virum
1309 4618 1414 4694 ipsius
1427 4619 1563 4694 reginae,
1582 4619 1615 4678 in
1631 4620 1749 4695 quarto

103 4723 137 4783 et
165 4720 310 4780 filiorum
336 4732 375 4778 ac
402 4717 545 4776 tiliarum
575 4718 708 4777 tuarum
741 4730 901 4792 personas
956 4715 1254 4791 consanguinitatis
1278 4716 1620 4791 gradncontigerant,
1642 4716 1675 4775 et
1702 4714 1751 4777 sic

103 4836 179 4883 cum
203 4832 306 4893 regno
328 4814 427 4891 Cypri
453 4814 486 4874 et
509 4813 662 4873 omnibus
689 4813 765 4873 aliis
794 4813 900 4884 bonis
957 4815 1052 4875 erant
1068 4814 1215 4891 ejusdem
1229 4814 1355 4889 reginae
1378 4814 1503 4883 alllnes,
1525 4811 1608 4873 adeo
1628 4811 1749 4889 inipso

102 4933 178 4996 quae
201 4916 236 4975 in
255 4912 507 4991 presentiarum
525 4910 768 4972 rationabiliter
790 4911 901 4989 possi·
957 4911 1089 4987 negotio
1105 4910 1215 4987 tepide
1231 4912 1473 4987 processerunt,
1491 4909 1577 4987 quod
1593 4909 1751 4986 licetjam

103 5016 174 5085 des,
192 5013 298 5074 autin
317 5011 462 5072 futurum
481 5010 581 5085 justis
600 5009 706 5069 medis
725 5010 903 5085 praestante
958 5008 1419 5084 annusetdimidiusaprimae
1428 5008 1595 5069 citationis
1604 5009 1751 5084 tempore

103 5113 245 5176 Domino
270 5109 419 5186 poteritis
439 5105 594 5184 adipisci,
621 5106 681 5167 sub
703 5106 791 5168 beati
813 5107 903 5168 Petri
958 5108 1001 5168 sit
1016 5106 1160 5182 elapsus,
1178 5104 1322 5165 nondum
1335 5106 1445 5166 tamen
1465 5105 1567 5166 estad
1584 5104 1652 5165 litis
1667 5120 1751 5169 con-

105 5213 139 5272 et
152 5211 265 5271 nostra
281 5206 485 5284 protectione
507 5204 717 5279 suscipimus.
742 5204 904 5280 Speciali-
958 5204 1166 5266 testationem
1183 5218 1388 5279 processum,
1407 5203 1440 5262 in
1461 5201 1607 5279 ejusdem
1627 5202 1751 5277 reginae

104 5310 157 5370 ter
175 5309 286 5368 autem
311 5304 504 5381 predictum
526 5318 665 5377 regnum
681 5303 713 5363 et
737 5301 803 5362 alia
817 5301 904 5362 bona
959 5317 1060 5379 grave
1074 5300 1302 5378 prejudicium
1313 5302 1345 5360 et
1360 5314 1552 5375 gravamen,
1564 5314 1637 5360 cum
1653 5314 1754 5375 prop-

105 5408 174 5471 tua,
193 5406 281 5465 sicnt
295 5418 335 5463 ea
352 5401 460 5463 omnia
474 5403 563 5477 juste
577 5399 770 5476 possideset
781 5399 902 5477 quiete,
958 5403 1010 5461 ter
1046 5398 1235 5476 bujnsmodi
1268 5412 1383 5460 eornm
1423 5395 1586 5458 desectum
1622 5395 1764 5457 labores.

108 5502 306 5567 auctoritate
321 5499 509 5577 Apostolica
521 5497 767 5569 confirmamus,
779 5498 812 5559 et
825 5513 905 5574 prae·
961 5498 1122 5575 plurimos
1142 5495 1280 5558 subierit
1297 5496 1330 5557 et
1343 5509 1517 5572 expensas.
1534 5497 1639 5566 ernm
1656 5492 1756 5569 igitur

143 5634 185 5711 tl)
202 5633 243 5695 Cs.
259 5632 355 5701 onim.
368 5629 499 5701 Compit,
512 5636 590 5686 tome
605 5631 627 5697 l,
644 5627 693 5685 lib.
709 5629 746 5700 ll,
760 5628 802 5685 tit.
819 5627 846 5697 Ξ,
857 5628 982 5687 celiel.
