3802 6166
656 304 833 367 uouoult
855 306 900 365 111
922 306 1071 367 OPERA.
1087 334 1126 351 -
1141 306 1374 369 SERMONES.

239 708 284 769 IN
306 704 601 768 CONVERSIONF.
623 703 773 766 SANCTI
794 706 934 767 PAULI.

226 888 300 963 llpo
313 885 402 945 simut
414 887 504 945 oliuu
516 883 726 957 deccttslcoct
738 886 778 944 ta
792 886 892 944 doato
912 886 983 944 llo-

186 986 285 1053 mtul,
310 984 453 1057 spernet
486 984 522 1041 tn
547 984 790 1043 arrisertcmriia
821 984 884 1043 Del
914 984 987 1043 urei

187 1080 257 1163 (Ps.
273 1082 323 1152 51,
339 1078 403 1157 10).

226 1174 984 1255 Audistisexprophetiaiiavidverbumbreve‚

186 1276 221 1339 in
238 1292 303 1354 quo
325 1274 475 1353 plenarie
490 1274 680 1335 continetur
694 1274 769 1335 laus
791 1275 941 1337 Doctoris
954 1276 988 1336 et

187 1373 339 1449 Magistri
352 1372 513 1449 gentium.
529 1374 651 1433 Beatus
672 1372 796 1432 Paulus
816 1372 987 1450 apostolus

187 1472 250 1533 fuit
274 1470 380 1543 oliva,¹
406 1470 492 1531 sicut
512 1469 593 1531 dicit
617 1469 781 1531 ieremias
802 1470 986 1547 prophetas

189 1572 322 1634 Olivam
354 1570 507 1642 tiberem,
534 1571 726 1642 pulchram,
753 1569 986 1643 fructiferam,

188 1670 380 1741 speciosam
398 1666 534 1728 coenat
551 1668 720 1727 Dominus
737 1680 862 1727 reomau
876 1665 986 1738 taratra,

193 1763 330 1843 (ierem.
359 1778 414 1836 ru,
444 1762 508 1841 16).
538 1763 633 1824 Oliva
660 1762 829 1837 siguificat
856 1764 991 1825 miseri-

192 1862 353 1930 cordiam,
382 1862 423 1922 de
451 1876 516 1938 qua
545 1860 774 1922 misericordia
806 1861 929 1923 dicitur
955 1861 990 1922 iu

191 1960 452 2021 Ecclesiastico:
477 1962 637 2033 Speciosa
657 1962 899 2020 arrisericordta
927 1963 991 2021 Det

191 2060 228 2119 tu
244 2058 398 2132 teurrporc
413 2057 654 2129 tribulationie,
680 2057 768 2118 sicut
786 2060 893 2118 acerbes
909 2062 990 2131 plo-

190 2159 259 2216 cicr
270 2158 308 2215 iu
332 2156 486 2229 tempore
499 2155 665 2216 siccitatis
680 2152 782 2234 (Eccl.
800 2170 903 2227 xxxv,
923 2153 989 2232 26).

191 2254 335 2330 Tempus
359 2252 519 2313 siccitatis
538 2255 589 2314 est
610 2253 739 2329 tempus
754 2250 990 2314 tribulationis.

194 2352 337 2428 Tempus
362 2349 589 2412 tribulationis
613 2350 675 2412 fuit
698 2350 733 2411 iu
767 2348 864 2412 bento
887 2350 991 2410 Paulo

193 2448 354 2526 apostole,
367 2447 499 2525 quaudo
508 2448 613 2524 uirgis
624 2448 675 2509 esi
684 2464 801 2520 caesus,
813 2447 990 2524 lapidatus,

193 2548 227 2607 et
238 2544 449 2621 naufragium
464 2562 593 2623 passus,
609 2546 642 2607 et
656 2546 691 2605 in
706 2560 842 2607 carcere
857 2545 991 2617 missus,

195 2645 228 2705 et
242 2643 355 2703 multis
369 2641 640 2703 tribulationibus
660 2644 693 2703 et
703 2643 878 2703 tormentis
890 2643 994 2704 affiic-

193 2742 248 2802 tus
258 2756 319 2818 pro
332 2740 466 2801 nomine
474 2744 553 2803 Jesu
561 2740 697 2813 Christi,
707 2741 872 2818 sicutipse
885 2742 993 2802 testa-

194 2841 249 2900 tus
260 2842 405 2900 est2Ter
415 2842 526 2915 cirpis
537 2854 742 2911 ecasussum,
754 2844 859 2900 smirci
868 2842 995 2913 lapidu-

195 2938 253 2997 tus
285 2952 374 3008 secare,
412 2937 467 2998 ter
500 2938 726 3013 recreta-optma
755 2937 898 3012 perfidi,
926 2951 994 3013 pro

197 3034 332 3098 cbristo
346 3037 493 3097 Doloriuo
513 3033 645 3111 (licor.
664 3050 711 3107 rr,
733 3033 800 3112 25).
826 3035 889 3097 Sed
906 3037 993 3096 Deus

196 3132 286 3195 dedit
295 3132 392 3193 beato
404 3132 508 3195 Paulo
517 3132 636 3197 nubem
652 3132 786 3209 pluviae,
799 3133 887 3195 idest
901 3132 995 3194 refri-

195 3230 324 3307 gerium
339 3231 455 3307 gratiae
466 3230 610 3307 Spiritus
622 3230 746 3303 Sancti,
765 3230 843 3307 quia
858 3230 948 3292 dedit
963 3231 994 3295 ei

196 3328 328 3409 plenam
343 3328 537 3405 patientiam
557 3328 592 3388 iu
611 3329 785 3389 tormentis
800 3328 833 3389 et
854 3328 996 3389 tribula-

195 3426 353 3499 tionibus,
369 3426 550 3487 secuudum
564 3426 753 3504 exemplum
764 3427 915 3503 magistri
928 3427 992 3500 sui,

195 3524 349 3602 quicum
376 3524 642 3596 malediceretur,
672 3540 739 3586 non
764 3524 993 3597 maledicebat,

196 3623 254 3683 sed
273 3623 381 3699 potius
400 3622 628 3696 benedicebat,
652 3640 726 3685 cum
750 3625 922 3700 pateretur
936 3640 997 3700 op-

196 3719 341 3797 probria,
370 3719 523 3792 verbera,
549 3719 677 3795 alapas,
704 3722 940 3785 crucifixiones
964 3723 997 3783 et

197 3833 264 3877 non
279 3815 554 3888 comminabatur,
578 3817 678 3877 immo
695 3818 826 3892 rogavit
849 3833 910 3894 pro
933 3819 994 3889 eis,

197 3914 311 3977 diceus
328 3935 336 3973 ε
359 3914 481 3985 Pater,
497 3917 635 3990 ipsiosce
651 3917 726 3982 tllts,
742 3917 825 3988 petto
839 3917 997 3979 nesciunt

197 4013 278 4085 guid
289 4011 421 4084 faciunt
432 4007 542 4089 (Joau.
555 4024 654 4083 xxm,
669 4009 735 4091 34).
749 4012 789 4072 ut
800 4011 848 4073 sio
863 4013 997 4074 secutus

198 4110 249 4169 est
282 4107 470 4183 exemplum
503 4107 655 4184 Magistri
676 4108 729 4172 sui
756 4108 792 4171 in
823 4109 995 4187 patientia.

240 4205 333 4266 Unde
354 4205 389 4265 iu
404 4205 606 4281 Evangelio:
627 4210 670 4267 lu
683 4206 858 4281 patientta
877 4209 998 4271 oestro

196 4304 560 4382 possidebitisauimos
574 4302 820 4384 vestras(1.ue.
836 4320 908 4379 111,
930 4304 994 4386 19).

199 4403 238 4464 Et
247 4400 363 4462 beatus
374 4400 518 4463 Paulus:
534 4405 614 4465 Non
627 4405 997 4481 eamemmujestittae

198 4514 276 4573 parce
289 4501 444 4573 secianus,
460 4502 520 4561 sed
533 4503 723 4563 secuudum
735 4516 838 4562 strom
851 4504 996 4563 arcisell-

198 4598 353 4659 cordiom
366 4602 481 4657 salvos
497 4612 560 4657 aros
574 4596 654 4670 fecit
670 4596 748 4675 (Tit.
765 4612 816 4669 111,
832 4597 877 4676 5).
902 4598 996 4660 Unde

198 4693 315 4758 heatus
326 4693 523 4769 Gregorius:
535 4712 553 4754 s
565 4696 717 4763 Pensate,
728 4694 860 4767 fratres,
873 4698 996 4773 qtrauta

199 4794 251 4853 est
276 4791 435 4868 patientia
457 4790 528 4863 Uei,
556 4791 679 4869 quanta
708 4792 760 4852 est
788 4792 996 4869 impatientia

200 4891 325 4951 nostra.
341 4906 359 4948 a
376 4891 445 4951 Nos
458 4890 486 4949 si
502 4889 636 4967 injuriis
653 4891 710 4950 aut
725 4889 838 4967 aliqua
858 4890 996 4952 laesione

201 5001 430 5067 provocamur,
459 4986 572 5051 furore
596 4988 649 5049 rel
676 4988 727 5049 ira
748 4989 913 5060 commoti,
939 4992 997 5051 aut

201 5085 358 5161 quamtum
388 5100 577 5162 possumus,
610 5086 830 5163 nosmetipsos
862 5086 998 5149 ulcisci-

200 5198 286 5251 mur,
303 5183 360 5243 aut
375 5182 460 5261 quod
476 5198 542 5245 nou
561 5200 747 5263 possumus,
764 5184 940 5246 minamur.

240 5280 391 5341 Diximus
408 5280 494 5359 quod
516 5281 605 5345 oliva
622 5283 788 5357 significat
806 5283 997 5347 misericor-

201 5378 300 5449 diam,
318 5378 375 5470 sed
394 5379 427 5438 iu
448 5379 601 5441 hocloco
624 5381 790 5455 siguificat
809 5380 996 5442 rirum'mi-

201 5476 403 5547 sericordiae,
423 5477 508 5538 sicut
521 5477 585 5540 fuit
601 5478 714 5539 beatus
730 5480 853 5539 Paulus
868 5483 996 5555 aposto·

203 5576 265 5643 lus,
282 5574 337 5652 qui
352 5574 516 5652 duplicem
533 5576 797 5638 misericordiam
815 5593 834 5638 a
856 5578 996 5640 Domino

202 5675 253 5737 ost
265 5676 472 5749 consecutus,
487 5674 670 5755 speciosam
687 5674 852 5751 videlicet,
866 5678 899 5739 et
918 5692 997 5756 spa-

1784 308 1844 371 1OE

1038 464 1168 529 tiosam.
1186 466 1345 543 Speciosa
1359 464 1466 528 fuitei
1478 464 1713 529 misericordia
1729 466 1765 529 iu
1783 467 1842 529 iu-

1039 563 1251 627 firmitatibus
1269 564 1350 636 suis,
1372 564 1460 627 sicut
1479 564 1551 642 ipse
1568 563 1679 627 dixit:
1700 582 1720 625 s
1739 568 1842 628 Datus

1038 679 1058 722 s
1079 665 1130 724 esi
1144 662 1298 725 stimulus
1313 662 1426 724 caruis
1442 678 1536 735 meae,
1553 663 1694 739 angelus
1708 664 1843 727 Satanae

1038 776 1058 819 s
1079 759 1136 836 qui
1151 775 1203 819 me
1218 759 1415 836 colaphizat,
1431 760 1568 837 propter
1589 760 1676 837 quod
1699 761 1754 821 ter
1772 762 1843 822 Uo-

1039 884 1058 926 «
1080 866 1206 927 minum
1221 867 1337 942 rogavi
1353 869 1389 928 ut
1403 867 1593 929 auferretur
1604 884 1624 929 a
1636 882 1701 941 me,
1713 869 1748 929 et
1756 868 1845 933 dixit

1040 964 1161 1026 «mibi
1193 982 1201 1020 :
1231 965 1334 1025 Paule
1372 964 1495 1027 suflicit
1528 964 1589 1027 tibi
1613 966 1723 1040 gratia
1754 982 1845 1036 mea,

1040 1080 1158 1124 «uam
1184 1063 1291 1124 virtus
1322 1063 1358 1123 in
1386 1062 1588 1125 infirmitate
1612 1064 1796 1141 perficitur.
1825 1082 1845 1126 r

1042 1160 1086 1241 (ΙΙ
1102 1164 1175 1223 Cor.
1191 1177 1251 1233 nu,
1265 1159 1312 1241 7.)
1327 1164 1368 1223 Et
1382 1162 1486 1223 Dauid
1502 1184 1509 1223 :
1532 1165 1730 1225 Secundum
1750 1168 1845 1225 merl-

1042 1260 1225 1322 titudinem
1246 1260 1496 1332 triticeultetum
1513 1276 1675 1322 ancoram
1689 1266 1848 1324 consolo-

1042 1359 1153 1420 tioucs
1180 1359 1260 1431 tum,
1287 1362 1445 1431 Dmnlue,
1473 1360 1742 1431 letiflcoeemmt
1767 1363 1848 1421 arri-

1041 1472 1277 1519 acernaacerna
1302 1455 1371 1537 (Ps.
1396 1458 1447 1529 93,
1469 1454 1534 1535 19).
1559 1458 1634 1518 Nou
1663 1456 1756 1518 euim
1784 1456 1849 1519 fuit

1043 1555 1220 1617 derelictus
1235 1571 1255 1616 a
1268 1558 1336 1616 Deo
1351 1556 1386 1615 iu
1402 1554 1641 1617 tentationibus
1655 1556 1689 1617 et
1702 1554 1850 1617 tribula-

1042 1651 1189 1715 tionibus
1214 1653 1296 1727 suis,
1322 1652 1408 1715 sicut
1433 1653 1505 1730 ipse
1527 1653 1603 1714 ait:
1629 1656 1672 1714 lu
1686 1656 1849 1716 ornatibus

1044 1752 1299 1813 tribulationem
1313 1752 1483 1825 patiatur,
1498 1754 1559 1813 sed
1572 1766 1594 1813 a
1608 1754 1680 1812 Deo
1695 1766 1766 1812 raon
1786 1756 1851 1813 dc-

1044 1852 1275 1923 relinquimur
1294 1847 1338 1927 (ΙΙ
1360 1851 1434 1909 Cor.
1458 1864 1504 1917 1v,
1527 1847 1573 1926 8).
1592 1849 1632 1910 Et
1653 1848 1764 1909 idem:
1788 1853 1852 1911 Li-

1045 1948 1165 2009 dcutcr
1184 1950 1360 2024 plorlubor
1389 1950 1426 2009 lu
1453 1947 1716 2019 lrrfimitutibus
1744 1951 1849 2019 erreis,

1044 2045 1083 2105 ut
1098 2044 1262 2105 lulrabitet
1273 2047 1311 2104 iu
1324 2059 1381 2105 me
1390 2044 1505 2105 virtus
1518 2044 1754 2118 ceratapon
1767 2060 1853 2105 cum

1045 2143 1218 2214 irtttmwr,
1242 2142 1323 2203 itanc
1344 2142 1472 2216 sortior
1492 2156 1571 2203 sulm
1593 2140 1682 2218 (Cor.
1710 2157 1776 2210 nu,
1798 2142 1849 2217 9).

1087 2238 1851 2317 SpatiosafuitmisericordiaUeibeatoPaule,

1047 2338 1124 2415 quia
1146 2353 1212 2398 nou
1234 2336 1408 2414 imputavit
1427 2336 1459 2397 ei
1481 2336 1592 2398 omnia
1612 2338 1748 2414 peccata
1772 2354 1850 2411 sua,

1047 2436 1104 2497 sed
1120 2435 1232 2497 statim
1247 2435 1288 2496 ad
1304 2434 1444 2515 primam
1459 2435 1701 2497 confessionem
1715 2435 1851 2499 dimisit

1047 2534 1079 2596 ei
1105 2534 1263 2597 universa
1284 2533 1431 2611 peecata,
1452 2533 1531 2610 quia
1556 2533 1598 2594 de
1624 2533 1737 2603 Saule,
1769 2534 1853 2596 fecit

1049 2632 1199 2705 Paulum,
1209 2632 1479 2709 delupoaguum,
1496 2631 1537 2692 de
1547 2635 1761 2709 persecutore
1773 2632 1854 2695 doc·

1046 2731 1164 2792 torem.
1179 2730 1316 2807 Triplex
1328 2732 1378 2791 est
1395 2730 1454 2791 Uei
1474 2730 1707 2792 misericordia
1726 2746 1850 2807 parra,

1048 2828 1235 2899 mediocris,
1249 2844 1381 2905 magua.
1393 2828 1571 2889 Miseretur
1580 2830 1668 2889 Ueus
1676 2830 1851 2905 peccatori

1048 2928 1229 2989 secuudum
1243 2942 1381 3005 parram
1396 2927 1672 2999 misericordiam,
1688 2926 1769 2987 drrm
1782 2927 1851 2989 ad-

1049 3024 1113 3087 lmc
1124 3040 1199 3087 eum
1212 3040 1273 3103 per
1284 3025 1478 3102 patientiam
1489 3024 1650 3087 sustinet:
1666 3025 1851 3089 miseretur

1049 3123 1230 3184 secuudum
1250 3124 1448 3184 mediocrem
1470 3123 1748 3196 misericordiam,
1773 3140 1853 3186 cum

1049 3236 1124 3281 eum
1144 3224 1215 3297 jam
1237 3221 1272 3281 in
1291 3220 1424 3282 fletibus
1443 3222 1649 3299 compungit3
1669 3221 1854 3283 miseretur

1049 3318 1230 3379 secuudum
1270 3334 1424 3394 maguam
1459 3318 1743 3391 misericordiam,
1772 3336 1851 3381 curu

1048 3417 1209 3479 uirtutem
1224 3418 1416 3479 continendi
1436 3434 1456 3479 a
1472 3418 1617 3496 peccatis
1631 3434 1671 3479 ac
1685 3418 1780 3479 uitiis
1795 3435 1854 3479 rc-

1051 3515 1188 3577 sisteudi
1207 3516 1334 3577 tribuit.
1356 3518 1469 3577 Prima
1495 3516 1618 3577 dicitur
1637 3532 1752 3593 parva,
1769 3517 1851 3595 quia

1050 3630 1110 3691 per
1131 3614 1223 3675 illam
1252 3614 1357 3676 solam
1385 3630 1485 3676 uerno
1509 3613 1668 3677 salvatur.
1695 3615 1852 3679 Secunda

1051 3712 1174 3774 dicitur
1200 3712 1390 3784 mediocris,
1418 3713 1497 3790 quia
1525 3728 1586 3790 per
1618 3714 1853 3789 compunctio-

1051 3826 1127 3871 nem
1139 3810 1273 3887 quidem
1283 3814 1356 3887 jam
1378 3811 1496 3887 incipit
1510 3826 1643 3884 sanare,
1659 3811 1717 3871 sed
1734 3810 1778 3872 ad
1794 3828 1853 3873 sa-

1051 3908 1153 3969 lutem
1168 3924 1234 3969 nou
1259 3908 1411 3986 pervenit
1429 3908 1495 3969 uisi
1517 3909 1721 3971 continuerit
1736 3924 1756 3970 a
1771 3926 1852 3987 pec·

1051 4007 1145 4068 catis.
1166 4006 1279 4068 Tertia
1300 4007 1423 4068 dicitur
1438 4022 1572 4083 magna,
1588 4007 1666 4084 quia
1679 4022 1749 4085 per
1762 4006 1850 4067 hano

1051 4104 1190 4184 quilibet
1206 4105 1333 4167 salvari
1354 4108 1473 4183 potest.
1502 4106 1596 4167 Unde
1614 4106 1688 4184 ipsa
1715 4106 1852 4168 miseri-

1051 4204 1166 4266 cordia
1187 4203 1283 4282 quasi
1303 4204 1410 4265 mater
1428 4205 1480 4266 est
1502 4202 1756 4267 miserationum
1776 4204 1850 4269 Dei.

1053 4300 1145 4365 Unde
1164 4301 1251 4362 dixit
1267 4300 1357 4364 idem
1378 4301 1556 4379 Apostolus
1577 4318 1585 4359 ε
1610 4306 1705 4364 lietu
1718 4304 1799 4365 erat
1816 4306 1853 4364 tu

1051 4400 1187 4464 Clirtsto
1201 4402 1369 4461 meandum
1382 4403 1611 4462 reconcilians
1624 4402 1689 4462 sibl
1709 4398 1755 4480 (ΙΙ
1772 4402 1849 4463 Cor.

1050 4515 1082 4571 v,
1099 4496 1163 4577 19),
1181 4512 1247 4559 nou
1262 4497 1430 4575 imputans
1446 4499 1478 4560 ei
1492 4498 1613 4560 delicta
1630 4498 1750 4575 ipsius.
1765 4498 1852 4570 Quia

1051 4596 1137 4658 sicut
1159 4595 1232 4672 ipse
1256 4595 1358 4657 dicit:
1386 4599 1495 4658 Palus
1514 4599 1567 4671 pa
1586 4599 1802 4671 blasphemus
1819 4598 1853 4661 el

1048 4694 1252 4770 persecutor·
1274 4695 1308 4756 et
1330 4695 1606 4766 contumeliosus,
1630 4698 1692 4755 scd
1709 4699 1855 4757 serueri-

1050 4796 1205 4855 cordiom
1232 4806 1255 4853 a
1277 4795 1349 4853 Deo
1371 4793 1573 4853 coruscatas
1598 4808 1678 4854 silan
1702 4790 1802 4871 (Tim.
1827 4808 1851 4865 1,

1052 4888 1115 4969 13).

1093 4988 1186 5050 Unde
1209 4986 1447 5049 convenienter
1472 4988 1580 5067 potest
1604 4986 1671 5049 dici
1702 4987 1785 5050 iilud
1813 4989 1855 5051 de

1050 5087 1147 5149 beato
1168 5086 1283 5157 Paulo,
1312 5086 1399 5163 quod
1423 5086 1653 5163 scriptumest
1673 5087 1707 5147 iu
1732 5088 1854 5149 Eccle-

1051 5186 1186 5248 siastico
1201 5207 1209 5244 :
1226 5186 1331 5253 Quasi
1343 5200 1406 5245 cos
1419 5188 1501 5245 orari
1521 5187 1666 5246 solidum
1686 5186 1855 5247 ornatum

1050 5289 1145 5345 errarit
1159 5286 1271 5357 lapide
1290 5283 1442 5356 pretioso
1458 5282 1574 5359 (Eccli.
1590 5297 1621 5353 u,
1640 5284 1705 5361 10).
1726 5286 1855 5347 Aurum

1051 5382 1218 5458 siguificat
1237 5381 1446 5458 sapientiam,
1464 5381 1551 5442 sicut
1572 5380 1654 5442 dicit
1670 5380 1853 5443 Salomon:

1053 5484 1249 5542 filesa-urus
1268 5482 1503 5541 desiderabilis
1520 5480 1705 5554 repuerascit
1719 5482 1765 5541 -z’u
1792 5496 1856 5543 oro

1050 5578 1219 5653 sapientis
1242 5575 1355 5657 (Pron.
1384 5592 1456 5649 xxi,
1481 5574 1546 5657 20).
1577 5578 1700 5639 Beatus
1729 5577 1856 5641 Paulus

1051 5672 1114 5737 fuit
1135 5688 1194 5736 ras
1215 5672 1302 5747 auri,
1322 5672 1408 5737 idest
1423 5672 1542 5751 plenus
1562 5672 1739 5753 sapientia.
1758 5673 1857 5737 Unde
