3802 6166
124 246 185 309 47⁰

125 423 191 470 non
212 404 256 469 sit
269 402 407 467 malltlls
428 392 598 463 hominum
621 395 869 473 indulgendum,
887 396 920 457 et

124 506 200 568 lites
222 501 370 584 protrahi
402 515 472 561 nou·
493 496 633 560 debeant
657 494 713 557 sed
744 491 917 569 restringi,

126 604 250 665 eisdem
276 600 424 661 districte
447 595 598 657 dedimus
620 594 655 655 in
685 586 860 662 mandatis,
886 592 921 652 ut

126 700 246 777 gratia,
268 697 354 766 odio,
378 696 411 756 et
429 693 543 754 lavore
565 690 766 768 postpositis,
781 690 813 749 et
830 688 920 748 omni

125 794 402 873 tergiversatione
421 788 572 853 cessante
588 789 676 850 inira
696 789 763 849 tres
789 802 919 848 menses

126 896 200 973 post
219 892 460 969 susceptionem
483 887 716 967 praesentium,
742 874 936 961 propositis

123 993 223 1055 simul
239 992 272 1052 et
284 990 385 1052 semel
400 987 552 1050 omuibus
570 982 819 1061 exceptionibus
836 981 921 1041 dila-

126 1079 920 1160 toriis,saciantlitemlegitimecoutestari,etsic

125 1190 256 1250 ratione
280 1185 405 1263 praevia
425 1184 466 1245 ad
491 1181 759 1244 terminationem
782 1176 918 1253 negotii,

126 1286 256 1347 sublato
271 1281 448 1361 cujuslibet
462 1278 732 1342 contradictionis
752 1278 785 1337 et
805 1273 921 1350 appel·

124 1382 259 1445 lationis
287 1380 475 1449 obstaculo,
511 1378 583 1438 sine
616 1374 788 1451 dispendio
819 1387 919 1432 morae

125 1480 306 1559 procedant
322 1480 418 1555 Juxta
442 1476 589 1552 priorum
606 1471 844 1533 continentiam
864 1469 921 1530 lit-

124 1580 283 1640 terarum.
312 1574 471 1647 Quocirca
495 1571 687 1632 discretioni
711 1569 831 1629 vestrae
862 1581 921 1642 per

126 1674 308 1752 apostolica
328 1673 451 1748 scripta
473 1670 668 1730 mandamus
688 1669 786 1742 atque
799 1663 920 1741 praeci·

126 1774 246 1850 pimus,
264 1772 424 1848 quatenus
438 1768 466 1827 si
486 1767 592 1828 dictus
607 1764 875 1840 archiepiscopus
889 1763 921 1822 et

126 1870 261 1945 collegae
279 1868 384 1944 ipsius
398 1864 483 1926 inira
501 1863 728 1941 praescriptum
743 1860 920 1922 torminum

125 1967 316 2029 mandatum
345 1965 493 2025 nostrum
523 1978 588 2021 nou
618 1959 741 2020 suerint
776 1957 918 2027 executi,

124 2080 184 2127 uos
201 2082 243 2125 ex
264 2063 345 2124 tunc
360 2077 474 2123 eorum
495 2058 686 2135 supplentes
704 2055 866 2117 deiectum
887 2054 921 2114 iu

125 2162 257 2238 negotio
283 2161 365 2236 ipso,
396 2157 618 2235 appellatione
642 2154 836 2230 postposita,
859 2168 919 2213 ra-

123 2260 214 2320 tioue
231 2258 355 2335 praevia
368 2255 555 2333 procedatis
566 2253 663 2326 juxta
682 2252 829 2328 priorum
841 2267 922 2310 cou-

124 2357 298 2418 tinentiam
321 2355 509 2415 litterarum
534 2349 772 2411 nonobstante
796 2346 922 2408 consti-

123 2454 250 2515 tutione
265 2451 405 2513 Concilii
419 2448 586 2525 generalis
599 2448 639 2507 de
653 2444 819 2523 aliquibus
834 2432 920 2506 ultra

126 2552 208 2611 duas
231 2549 347 2610 diaetas
365 2549 460 2609 extra
480 2562 574 2607 suam
590 2544 758 2604 ‹iioecesim
775 2542 815 2603 ad
825 2542 920 2619 judi·

125 2642 918 2716 ciumnontralrendis.Quodsinonomnes,ete.,

123 2746 189 2807 duo
211 2746 374 2814 vestrum,
401 2743 463 2802 etc.
494 2741 612 2800 Datum
636 2738 804 2799 Ferentini
827 2740 920 2799 sexto

123 2842 284 2903 kalendas
306 2839 456 2915 Augusti,
481 2836 692 2914 pontificatus
713 2834 816 2896 nostri
832 2850 920 2896 auno

124 2939 280 3001 secundo.

489 3078 567 3166 VII

221 3236 274 3295 Ad
286 3234 460 3292 andream
475 3243 593 3305 repom
608 3231 645 3288 H
646 3231 813 3304 rcagurioer

420 3361 455 3417 28
471 3360 522 3432 J'ul.
545 3358 624 3415 lili.

202 3485 329 3549 [Tbeinen
342 3486 505 3534 Monumentn
517 3482 660 3546 llungariae,
672 3483 692 3543 1,
702 3480 727 3539 8,
741 3496 766 3531 n.
781 3472 832 3546 lb]

123 3603 362 3677 Regillungariae
383 3599 510 3659 Pontifex
533 3600 735 3671 imperatorem
756 3598 917 3657 Constanti·

158 3691 352 3764 napolitanum
368 3697 395 3746 et
408 3687 581 3745 cardinalem
597 3689 625 3744 S.
642 3686 777 3744 Praxedis
791 3687 918 3757 legatum

157 3779 312 3852 aquodam
336 3775 485 3835 Theodoro
510 3784 610 3848 captos
636 3774 723 3832 luisse
750 3776 916 3842 annuntiat,

156 3868 311 3925 exhortans
326 3874 356 3922 ut
371 3865 405 3921 ad
418 3879 468 3922 eos
486 3863 664 3921 liberandum
680 3864 794 3920 nuntios
814 3864 915 3920 mittut.

161 4002 329 4063 Honorius
344 4000 529 4077 episcopus,
547 3998 720 4059 carissimo
738 3998 771 4057 in
787 3998 917 4058 Christo

121 4099 229 4159 tilio...
257 4098 380 4157 illustri
405 4096 476 4171 regi
498 4095 690 4171 Hungariae,
719 4094 858 4155 salutem
885 4096 917 4156 et

121 4193 626 4273 apostolicambenedictionem.

162 4292 291 4354 (libavit
305 4307 365 4352 nos
385 4291 544 4351 Dominus
569 4293 655 4352 Deus
671 4290 859 4367 absynthio,
885 4292 918 4352 et

120 4391 299 4453 inebriavit
331 4388 551 4450 amaritudine
584 4391 726 4449 mentem
756 4389 914 4461 nostram,

121 4492 198 4567 quia
217 4504 283 4549 uox
304 4487 551 4548 lamentationis
574 4489 606 4547 et
629 4486 754 4547 doloris
778 4487 915 4548 auribus

121 4587 244 4649 nostris
273 4584 419 4646 insonuit
445 4606 452 4643 ε
482 4584 698 4660 nuntiumque
718 4584 837 4644 durum
862 4600 917 4645 re-

122 4685 270 4761 cepimus
294 4684 327 4743 et
347 4696 508 4751 amarum,
531 4680 686 4743 videlicet
703 4681 913 4742 carissimum

121 4782 226 4842 lilium
253 4784 288 4841 P.
312 4778 712 4855 Constantiuopolitanum
736 4778 916 4855 imperato-

120 4894 191 4940 rem
213 4878 388 4948 illustrem,
410 4878 444 4938 et
462 4877 619 4938 dilectum
639 4876 742 4936 lilium
765 4880 915 4939 nostrum

119 4978 177 5038 J...
190 4974 276 5036 tituli
289 4977 412 5036 sanctae
429 4973 590 5035 Praxedis
604 4973 830 5050 presbyterum
846 4991 916 5035 car·

122 5071 277 5142 dinalem,
302 5071 499 5148 Apostolicae
521 5071 615 5132 Sedis
634 5071 790 5147 legatum,
811 5087 831 5132 a
850 5088 914 5133 ne-

120 5168 220 5229 fando
241 5170 274 5229 et
301 5168 426 5244 perfido
453 5169 626 5231 Theodoro
650 5169 916 5246 proditionaliter

121 5265 234 5342 captos
251 5281 334 5335 esse,
365 5266 478 5327 multis
504 5282 619 5327 eorum
648 5266 705 5343 qui
730 5282 805 5329 oum
832 5267 914 5345 ipsis

121 5363 227 5431 erant,
237 5362 416 5423 crudeliter
426 5363 633 5441 interemptis
647 5384 654 5423 z
666 5364 701 5424 in
715 5379 779 5440 quo
790 5365 852 5426 etsi
863 5381 915 5426 oo

120 5460 264 5522 cisorum
273 5458 518 5521 multitudinem
530 5461 713 5537 lugeamus,
729 5465 761 5523 et
771 5463 916 5538 praedic-

118 5559 228 5620 torum
247 5557 457 5634 imperatoris
477 5559 511 5618 et
525 5557 624 5634 legati
640 5560 791 5635 personis
808 5560 915 5622 conti-

742 230 918 298 uoxouu
941 232 985 295 111
1007 202 1156 298 orans.

1715 238 1770 300 480

974 395 1050 457 nuis
1061 411 1217 457 curarum
1230 394 1395 473 angustiis
1412 394 1563 459 nostrum
1575 396 1769 473 angentibus

974 494 1122 556 animum
1135 494 1322 567 anxiemur,
1335 494 1643 573 cogitamustamen
1652 488 1687 559 et
1696 496 1770 566 alia,

975 608 1047 669 quae
1068 592 1132 653 nisi
1149 592 1207 652 illa
1223 592 1405 668 provideat,
1427 595 1484 669 qui
1500 609 1623 671 aspera
1648 594 1686 654 in
1704 594 1769 657 rias

975 691 1092 766 planas
1108 692 1140 751 et
1152 706 1254 767 prava
1267 690 1302 750 in
1317 690 1443 752 directa
1458 692 1637 759 corruertit,
1659 708 1704 753 ex
1714 690 1769 753 boc

975 786 1169 863 inopinabili
1181 787 1214 848 et
1226 787 1431 849 lamentabili
1447 804 1528 849 casu
1544 776 1705 851 evenient
1718 790 1770 850 de·

974 885 1269 947 t1·imenta.Exhoc
1281 886 1568 947 enimGraecorunr
1580 888 1720 963 pertidia
1731 882 1769 949 in·

975 984 1124 1055 solescet,
1141 983 1442 1045 consternabuntur
1454 985 1560 1045 animi
1580 986 1768 1047 Latinorum

974 1081 1186 1142 existentium
1200 1078 1233 1141 in
1254 1081 1402 1158 partibus
1419 1084 1606 1154 Romaniae,
1631 1100 1694 1160 per
1716 1084 1767 1145 boo

974 1180 1009 1239 in
1033 1176 1132 1255 gravi
1150 1180 1341 1241 discrimine
1366 1181 1570 1256 positorum:
1598 1172 1768 1243 christiani

975 1294 1104 1354 quoque
1132 1278 1314 1339 existentes
1341 1277 1374 1338 in
1403 1278 1552 1355 partibus
1580 1281 1768 1341 transmari·

975 1375 1038 1446 nis,
1052 1374 1107 1451 qui
1123 1391 1142 1435 a
1160 1370 1525 1453 Constantinopolitano
1539 1377 1686 1454 imperio
1702 1394 1766 1455 pen

975 1490 1131 1534 sonarum
1156 1475 1189 1534 et
1212 1490 1324 1535 rerum
1346 1475 1509 1535 arixilium
1531 1475 1763 1551 expectabant,

975 1572 1016 1631 iis
1032 1571 1154 1632 auditis
1168 1572 1358 1633 rumoribus
1373 1572 1619 1649 obstupescent,
1638 1575 1673 1636 et
1688 1590 1766 1634 assu·

976 1671 1041 1730 met
1068 1662 1241 1731 audaciam
1264 1670 1378 1733 feritas
1408 1687 1639 1747 paganorum,
1669 1673 1701 1733 et
1728 1660 1765 1733 sie

975 1760 1053 1829 dicti
1078 1784 1174 1829 casus
1197 1769 1333 1830 tristitia
1357 1770 1460 1831 totum
1486 1770 1597 1845 tangit
1618 1771 1763 1847 populum

975 1856 1193 1927 christianum
1211 1888 1217 1927 :
1232 1883 1305 1944 quae
1315 1883 1415 1944 quum
1428 1868 1616 1928 communis
1627 1868 1673 1928 sit
1687 1868 1762 1937 aliis,

975 1964 1070 2025 nobis
1083 1980 1122 2025 ac
1132 1965 1191 2026 tibi
1208 1981 1280 2026 esse
1295 1965 1502 2041 dignoscitur
1514 1965 1689 2042 specialis,
1702 1975 1763 2027 cnm

976 2079 1036 2125 nec
1059 2062 1256 2140 apostolic-e
1286 2063 1380 2124 Sedis
1409 2063 1548 2138 legatus,
1582 2080 1645 2125 nec
1668 2064 1762 2125 dictus

976 2161 1165 2237 imperator,
1187 2161 1242 2238 qui
1264 2162 1322 2222 tibi
1351 2163 1418 2223 tam
1437 2162 1624 2238 propinquo
1641 2160 1761 2222 viuculo

975 2261 1025 2319 est
1040 2260 1245 2335 conjunctus
1261 2260 1332 2318 sine
1346 2262 1458 2319 nostra
1474 2261 1507 2319 et
1525 2259 1585 2320 tua
1602 2258 1723 2336 injuria
1736 2260 1760 2317 et

975 2356 1151 2433 opprobrio
1167 2356 1298 2417 valeant
1311 2356 1463 2418 detineri.
1478 2357 1662 2417 Hortamur
1675 2355 1761 2431 igitur

974 2455 1065 2515 tuam
1080 2454 1303 2526 serenitatem,
1326 2470 1481 2529 rogamus
1504 2456 1537 2514 et
1559 2454 1758 2514 obsecramus

975 2552 1009 2611 in
1021 2552 1170 2623 Domino,
1186 2554 1358 2629 quatenus,
1370 2552 1459 2612 omni
1471 2567 1565 2612 mora
1577 2552 1755 2628 postposita,

976 2649 1138 2710 solemnes
1164 2649 1297 2710 nuutios
1313 2649 1352 2709 ad
1373 2648 1546 2725 praelatum
1562 2642 1756 2711 Theodorum

975 2747 1152 2807 cumomni
1170 2746 1382 2807 testinatione
1398 2747 1616 2814 transmittas,
1631 2750 1665 2808 et
1678 2744 1714 2807 ab
1726 2760 1754 2805 eo

975 2845 1185 2921 imperatoris
1207 2845 1240 2905 et
1261 2833 1441 2905 cardinalis
1461 2860 1624 2921 personas
1641 2832 1753 2905 blandis

975 2958 1093 3018 aspera
1104 2942 1262 3019 regaliter
1274 2932 1484 3003 admiscendo
1496 2932 1650 3019 requiras
1668 2960 1675 2997 :
1691 2932 1753 3019 quia

975 3040 1180 3111 confluimus,
1214 3032 1299 3117 quod
1327 3056 1384 3101 eos
1412 3040 1681 3101 consideratione
1707 3042 1751 3099 tua

975 3138 1128 3199 restituat
1151 3137 1312 3208 libertati,
1339 3137 1524 3214 praesertim
1551 3138 1696 3200 metuens
1714 3133 1750 3195 tui

975 3236 1142 3296 exercitus
1167 3236 1373 3312 apparatum,
1395 3252 1490 3312 quem
1509 3236 1575 3313 ipsi
1596 3235 1698 3296 nuntii
1714 3232 1749 3292 tui

974 3332 1036 3392 sibi
1050 3335 1203 3409 poterunt
1213 3333 1385 3394 insinuare
1398 3333 1578 3410 prudenter
1590 3328 1747 3395 innuendo,

974 3431 1006 3490 te
1029 3447 1166 3491 usurum
1187 3430 1327 3501 viribus,
1350 3430 1378 3489 si
1403 3431 1564 3507 proficere
1580 3425 1748 3506 nequiveris

974 3528 1126 3604 precibus
1137 3528 1221 3604 apud
1232 3544 1317 3588 eum.
1331 3530 1449 3588 batum
1463 3529 1644 3598 Ferentini,
1657 3529 1682 3587 l'
1695 3523 1745 3585 lai.

972 3626 1123 3701 Augusti,
1138 3626 1349 3702 pontificatus
1365 3626 1471 3687 nostri
1485 3642 1575 3687 anno
1588 3623 1730 3687 secundo.

1322 3810 1420 3900 Vlll

1076 3964 1129 4025 Ad
1153 3968 1189 4026 C.
1216 3968 1393 4028 Albensem
1412 3968 1653 4041 prepositum.

1268 4098 1303 4155 28
1314 4097 1364 4170 jul.
1382 4098 1459 4154 lili.

1019 4220 1147 4282 [Theiner,
1156 4222 1319 4271 Monumeuta
1331 4221 1475 4285 Hungariae,
1491 4227 1510 4272 t.
1527 4224 1545 4281 l,
1558 4237 1584 4286 p.
1597 4222 1623 4279 7,
1633 4235 1659 4272 n·
1671 4218 1714 4283 ll.]

971 4344 1159 4403 Conllrmatur
1173 4346 1236 4421 ejus
1254 4349 1355 4405 electio
1371 4346 1399 4402 iu
1414 4346 1581 4419 episcopum
1604 4348 1744 4406 Albenseu.

1010 4491 1176 4551 Honorius
1211 4493 1397 4569 episcopus,
1437 4493 1512 4564 eto,
1544 4494 1666 4556 dilecto
1697 4489 1746 4552 illio
1795 4514 1797 4527 ·

971 4589 1003 4647 C.
1013 4588 1149 4648 Albensi
1159 4591 1346 4666 praeposite,
1356 4591 1497 4653 salutem
1510 4593 1544 4653 et
1553 4592 1749 4671 apostolicam

969 4686 1243 4748 benedictionem.
1571 4691 1576 4699 '

1011 4784 1134 4845 Electio
1159 4800 1218 4860 per
1241 4784 1378 4847 dilectos
1401 4786 1487 4848 lilios
1509 4790 1693 4866 capitulum
1709 4784 1752 4849 il·

969 4881 1080 4942 heusis
1103 4883 1265 4955 ecclesiae,
1294 4884 1458 4945 carissimi
1488 4885 1522 4945 iu
1552 4888 1686 4951 Christo
1707 4879 1755 4947 tilii

971 4980 1075 5040 nostri
1087 4984 1138 5051 A„
1160 4980 1301 5041 illustris
1316 4982 1404 5059 regis
1421 4984 1579 5059 Ungariae
1602 4987 1757 5065 tamquam

969 5078 1099 5153 patroni
1115 5077 1292 5139 accedente
1306 5095 1457 5148 assensu,
1474 5080 1515 5142 de
1537 5083 1596 5143 tua
1617 5096 1757 5161 persona,

970 5172 1135 5235 celebrata
1145 5173 1241 5235 nobis
1250 5191 1309 5251 per
1319 5176 1759 5258 ipsiuscapitulietejusdem

968 5270 1058 5347 regis
1082 5270 1211 5333 litteras
1234 5273 1268 5333 et
1284 5274 1436 5335 nuntium
1461 5276 1641 5353 speciales,
1665 5275 1762 5340 extitit

969 5370 1169 5445 praesentata
1183 5370 1393 5446 supplicatio,
1407 5374 1442 5433 ut
1456 5374 1610 5437 eamdem
1621 5394 1682 5455 per
1693 5390 1761 5439 con·

970 5464 1168 5528 firmationis
1180 5466 1334 5542 gratiam,
1349 5468 1526 5532 admittere
1541 5472 1758 5549 dignaremur.

969 5563 1038 5622 Nos
1067 5562 1177 5624 autem
1205 5578 1321 5625 eorum
1349 5568 1452 5641 justis
1486 5569 1760 5645 postulationibus
