3802 6166
131 310 186 373 eol
435 306 440 313 ’
572 313 800 374 xxva-IN
822 312 951 373 FESTO
975 312 1124 374 sachl
1145 313 1325 377 hiconii.
1533 358 1537 363 -
1714 318 1787 380 302-

128 484 203 532 mus
226 467 396 546 depellens
416 468 652 542 infirmitatem,
669 471 832 533 secundus
846 485 922 534 res·
977 484 1085 544 suum,
1113 471 1244 548 quando
1277 471 1464 535 revertatur
1491 489 1512 535 a
1544 474 1680 552 nuptiis.
1706 477 1775 540 Ista

129 568 253 632 tituens
268 567 456 641 sanitatem,
471 567 589 630 tertius
604 584 806 631 conservans
816 568 939 631 liber-·
978 568 1121 646 quinque
1134 568 1175 630 de
1189 568 1308 646 quibus
1323 569 1404 631 dicit
1418 571 1534 644 David,
1551 571 1694 635 liberant
1712 590 1774 637 nos

128 666 241 728 tatem.
257 666 388 726 Pr1mus
409 666 544 729 mandat
565 666 737 740 medelam,
759 668 923 730 secundus
977 664 1019 727 ab
1034 666 1234 729 adversitate
1260 667 1292 729 et
1317 666 1358 728 ab
1377 667 1564 745 iniquitate,
1580 670 1613 732 et
1641 672 1775 735 drmant
1883 738 1888 743 ,

127 763 303 836 cautelam,
317 763 434 826 tertius
450 764 596 826 tutelam.
613 765 774 826 Medelam
795 765 920 837 morbo,
977 779 1037 824 nos
1054 763 1233 826 incoelesti
1249 764 1438 838 stabilitate,
1456 768 1489 828 et
1507 767 1653 843 dirigunt
1674 784 1772 831 men-

81 941 85 947 .
128 860 291 923 cautelam
313 861 409 934 dona,
430 862 567 924 tutelam
590 863 737 939 praemio.
754 864 818 926 lste
845 864 921 939 gla—
976 860 1026 922 tes
1048 863 1179 922 nostras
1194 861 1235 922 ad
1250 862 1452 924 desiderium
1472 881 1581 938 suum,
1598 866 1630 928 θῖ
1646 868 1774 944 ponunt

127 958 202 1019 dius
214 960 266 1020 θεῖ
279 959 395 1021 acutus
408 959 441 1021 et
455 960 590 1022 limatus
597 962 695 1037 juxta
704 961 920 1033 Ezechielem,
977 957 1107 1020 laudem
1121 976 1214 1020 suam
1226 960 1260 1021 in
1275 975 1313 1021 os
1325 964 1485 1023 nostrum.

127 1056 264 1132 grandis
277 1059 309 1118 et
323 1056 417 1118 tortis
430 1060 527 1135 juxta
542 1059 674 1120 Isaiam.
690 1060 857 1121 Eracutus
872 1060 923 1122 est
1015 1057 1174 1118 Dominus
1190 1057 1251 1119 ivit
1273 1058 1316 1119 ad
1334 1059 1479 1137 nuptias,
1495 1060 1626 1138 quando
1642 1078 1701 1138 per
1716 1065 1772 1123 In·
1891 1132 1896 1137 ,

128 1154 168 1216 ad
183 1153 266 1216 vitia
291 1154 483 1227 resecanda,
507 1155 641 1217 limatus
664 1157 777 1219 estad
804 1159 920 1219 osten·
976 1154 1178 1216 carnationis
1202 1156 1396 1233 mysterium
1424 1157 1525 1219 coelos
1557 1160 1717 1232 ascendit,
1740 1160 1774 1222 et

127 1251 235 1312 denda
250 1252 413 1314 malorum
428 1253 603 1330 supplicia,
620 1253 714 1316 fortis
729 1255 781 1318 est
799 1255 841 1316 ad
863 1255 921 1317 in-
976 1251 1145 1328 copulavit
1157 1252 1220 1313 sihi
1235 1252 1403 1316 coelestem
1417 1256 1614 1318 Jerusalem.
1626 1257 1726 1319 Venit
1740 1259 1773 1320 θῖ

127 1349 291 1411 sinuanda
314 1350 478 1427 praecepta
502 1351 626 1422 divina,
650 1352 787 1428 grandis
808 1352 920 1416 estad
976 1349 1087 1425 pulsat
1111 1350 1242 1428 quando
1275 1367 1336 1428 per
1360 1351 1587 1415 infirmitatem
1621 1355 1772 1431 corporis

126 1446 325 1509 declaranda
340 1449 475 1525 praemia
491 1449 703 1525 sempiterna.
975 1448 1113 1509 mortem
1141 1447 1285 1510 vicinam
1318 1449 1507 1511 denunciat.
1538 1450 1717 1514 Confestim
1739 1452 1772 1515 ei
1878 1460 1890 1477 ·

166 1545 323 1621 Sequitur
347 1565 355 1605 ε
386 1544 427 1606 Et
453 1545 572 1623 palmae
600 1546 819 1622 triumphales
844 1549 922 1610 sunt
975 1544 1083 1620 aperit
1097 1545 1154 1622 qui
1177 1560 1253 1607 enm
1268 1562 1342 1607 cum
1357 1546 1479 1622 gaudio
1501 1548 1650 1625 suscipit.
1670 1551 1772 1612 Beati

126 1640 286 1714 victoriae,
303 1656 385 1718 quas
409 1641 603 1705 habebimus
622 1643 662 1705 de
684 1644 827 1705 inimicis
843 1661 922 1707 nos-
974 1641 1056 1703 suut
1077 1646 1173 1704 servi
1199 1646 1265 1716 titt,
1288 1659 1372 1718 artos
1386 1659 1466 1707 carru
1493 1648 1630 1708 acuerit
1653 1650 1774 1709 Deuit-

127 1739 198 1801 tris.
215 1739 344 1800 Inimici
359 1741 464 1802 nostri
479 1741 555 1803 sunt
569 1741 720 1804 homines
735 1743 791 1819 qni
802 1742 922 1805 adver-
974 1753 1052 1812 uus,
1068 1742 1242 1802 iuoeuerit
1256 1743 1439 1818 cipitautes
1453 1740 1547 1823 (Luc.
1563 1743 1774 1824 x11,37).vi·

127 1839 244 1898 santur
266 1836 364 1898 nobis
388 1837 503 1900 invia
529 1839 600 1905 Dei,
616 1839 712 1912 idest,
737 1839 772 1900 in
798 1841 920 1903 mundo
975 1835 1081 1911 gilant
1098 1837 1257 1915 serviani
1282 1838 1318 1900 in
1340 1839 1436 1903 bonis
1457 1840 1612 1917 operibus
1636 1841 1772 1904 solliciti

128 1934 202 2004 isto,
219 1936 253 1996 et
272 1948 387 1996 omnes
408 1935 585 2009 daemones,
600 1937 678 2014 quia
697 1936 920 2014 jndicabimus
975 1933 1159 1997 sunu-vres
1174 1936 1308 2013 nuptias
1331 1936 1409 1999 iecit
1432 1938 1590 2000 Dominus
1607 1960 1615 1999 ε
1631 1939 1666 1999 in
1687 1955 1770 2000 cou—
1886 1936 1892 1943 '

127 2046 195 2103 eos,
207 2032 240 2092 et
254 2031 448 2092 habebimus
463 2032 497 2093 in
508 2034 670 2109 potestate
682 2035 795 2096 nostra
807 2051 920 2097 amnes
970 2030 1146 2108 junctione
1169 2034 1338 2104 Ecclesiae,
1354 2035 1390 2096 in
1409 2036 1644 2113 conjunctione
1664 2037 1771 2098 tidelis

126 2128 337 2190 adversarios
358 2130 501 2202 nostros,
521 2130 617 2202 idest,
634 2131 811 2194 daemones.
827 2134 920 2195 Unde
975 2129 1106 2202 animae,
1120 2130 1156 2191 in
1170 2131 1422 2194 conversatione
1436 2135 1580 2197 aoelestis
1591 2135 1718 2210 patriae.
1734 2136 1772 2197 In

126 2225 369 2303 inhpocalypsi
385 2247 393 2286 ε
412 2228 920 2307 viditurbauzmupuamquam
975 2227 1208 2302 conjunctione
1237 2226 1405 2303 Ecclesiae,
1432 2231 1562 2306 quando
1598 2232 1772 2295 inclinavit

125 2325 350 2384 diuumcrare
360 2338 459 2386 nemo
471 2326 609 2398 poterat
621 2340 668 2387 eoo
678 2329 833 2389 outatbus
842 2343 921 2403 peu·
974 2323 1075 2384 coelos
1089 2325 1123 2386 et
1137 2324 1318 2399 descendit,
1328 2326 1423 2399 idest,
1438 2328 1569 2404 quando
1584 2329 1722 2391 intravit
1735 2330 1771 2391 in

126 2421 225 2491 tibus,
237 2421 413 2495 etpopulis
427 2422 461 2483 et
475 2424 628 2484 tribubus
642 2424 921 2500 etttupuiastau·
974 2422 1104 2483 uterum
1118 2421 1277 2498 Virginis.
1294 2424 1387 2486 Unde
1400 2425 1434 2485 in
1448 2427 1626 2503 Evangelio
1641 2449 1649 2486 :
1662 2430 1772 2490 Euctui

126 2518 176 2579 tes
193 2519 276 2580 crate
289 2520 451 2581 tbrouuru
461 2522 498 2580 iu
511 2521 692 2596 conspectu
700 2524 790 2597 Aprti
802 2523 921 2584 amicti
973 2519 1115 2581 aPatre
1129 2520 1163 2581 et
1176 2524 1256 2582 ueni
1266 2524 1303 2582 iu
1315 2526 1481 2585 murteum
1490 2521 1599 2602 (ioan.
1615 2540 1684 2596 xvi,
1701 2522 1767 2602 28),

123 2616 219 2678 stolis
235 2618 330 2690 albis
351 2619 385 2679 et
406 2622 531 2692 patrue
551 2621 588 2680 tu
615 2622 774 2681 manibus
799 2634 920 2683 smum
974 2615 1007 2677 et
1024 2615 1103 2677 tunc
1117 2618 1290 2694 conjunxit
1311 2618 1376 2680 sihi
1399 2620 1593 2683 Ecclesiam.
1610 2623 1685 2698 lpse
1708 2620 1771 2684 fuit

125 2711 240 2792 (apoc.
268 2712 389 2792 v11,9).
415 2714 525 2775 Turba
552 2716 655 2777 multa
686 2732 844 2778 numerus
870 2719 920 2781 est
974 2727 1114 2787 sponsus
1142 2714 1176 2775 θῖ
1201 2714 1348 2776 Ecclesia
1376 2714 1439 2777 fuit
1462 2731 1597 2793 sponsa,
1618 2717 1769 2780 convivae

123 2811 315 2880 electorum,
330 2812 474 2888 quicum
493 2812 623 2876 Christo
646 2815 787 2890 regnant
801 2816 836 2876 in
852 2832 921 2877 οω-
972 2807 1107 2872 luerunt
1120 2811 1280 2887 Apostoli,
1297 2812 1440 2873 annulus
1456 2813 1548 2875 tides.
1565 2817 1601 2875 ln
1617 2817 1772 2892 conJunc·

124 2907 165 2968 lis
185 2924 229 2968 ex
252 2907 404 2968 omnibns
431 2909 644 2984 gentibuset
668 2911 801 2987 linguis.
835 2913 920 2975 Sunt
972 2906 1063 2969 tione
1083 2906 1190 2969 tidelis
1210 2908 1342 2982 animae,
1357 2910 1488 2987 quando
1509 2911 1652 2988 Spiritus
1666 2914 1772 2974 Sanc·-

123 3005 237 3066 amicti
251 3005 345 3066 stolis
360 3003 445 3067 albis
461 3007 517 3082 qui
530 3006 652 3069 habent
673 3009 794 3070 animae
812 3008 920 3071 beati-
972 3004 1025 3065 tus
1045 3004 1190 3067 infundit
1210 3007 1353 3081 gratiam
1372 3022 1477 3080 suam,
1495 3008 1532 3071 ut
1553 3012 1771 3085 recognoscat

121 3103 281 3175 tudinem,
298 3102 356 3164 sed
371 3103 479 3164 adhuc
494 3106 670 3182 expectant
684 3105 785 3167 aliam
800 3107 918 3168 stolam
973 3102 1162 3164 Creatorem
1186 3119 1282 3164 suum
1312 3103 1465 3166 faciendo
1488 3104 1576 3167 bona
1598 3121 1711 3183 opera,
1737 3107 1770 3170 et

123 3200 158 3261 in
176 3200 381 3262 beatitudine
395 3202 556 3279 corporis.
569 3203 693 3264 Palmae
708 3203 742 3264 in
765 3204 918 3265 manibus
972 3199 1050 3261 tuuc
1072 3201 1243 3278 conjungit
1262 3217 1334 3262 eam
1353 3202 1428 3264 sibi.
1454 3204 1491 3265 In
1517 3205 1769 3266 conversatione

122 3313 249 3370 eorum,
277 3298 374 3371 idest,
399 3299 539 3361 victoria
566 3300 606 3360 de
628 3299 774 3362 inimicis
796 3302 918 3363 nostris
973 3297 1116 3358 coelestis
1129 3299 1256 3375 patriae,
1272 3299 1402 3375 quando
1417 3300 1491 3376 post
1505 3301 1669 3377 judicium
1684 3318 1768 3364 con·
1864 3298 1867 3305 '

123 3411 182 3472 pro
196 3395 348 3457 omnihus
363 3396 529 3473 operibus.
541 3398 586 3458 Et
596 3412 657 3458 uos
670 3401 800 3460 similes
813 3403 920 3462 houti-
972 3394 1119 3469 gregatis
1132 3394 1287 3455 omnibus
1302 3396 1417 3456 electis
1430 3395 1508 3457 tunc
1522 3397 1679 3472 gaudebit
1694 3415 1771 3461 aum

121 3497 221 3555 uibus
236 3494 506 3568 expectantibus.
973 3506 1093 3566 sponsa
1109 3506 1181 3562 sua,
1197 3491 1282 3553 idest
1296 3492 1454 3554 Ecclesia.
1469 3493 1562 3555 Unde
1571 3495 1768 3571 Apostolus:

162 3591 315 3668 Quinque
325 3590 555 3654 canterinobis
565 3591 716 3655 Christus
728 3608 788 3668 pro
802 3608 919 3670 expeo-
972 3586 1118 3650 Fratres
1141 3590 1210 3650 met
1229 3588 1367 3650 stabiles
1388 3590 1495 3651 estote
1516 3591 1550 3652 et
1567 3594 1767 3665 irrzmobttes,
1886 3596 1891 3601 '

121 3689 259 3757 tatione,
273 3705 372 3766 quam
386 3688 479 3751 brevi
494 3704 646 3751 sermone
662 3690 766 3750 David
781 3706 919 3753 enume-
971 3686 1184 3747 ebtctldellles
1222 3689 1259 3748 itt
1303 3701 1406 3760 opere
1448 3691 1588 3777 Domitii
1629 3704 1769 3764 semper

122 3787 175 3848 rat
199 3785 313 3848 dicens
337 3807 345 3847 ι
367 3787 567 3861 Eoepectaus
595 3788 775 3863 eacpectaut
800 3792 919 3850 Dami-
973 3780 1002 3861 (l
1017 3782 1090 3843 Cor.
1104 3799 1161 3853 xv,
1175 3781 1364 3863 58).Ameu
1377 3786 1766 3861 auooobtsautaprec-

121 3900 217 3956 utam,
234 3884 268 3945 et
284 3887 357 3959 ipse
372 3885 493 3946 aalma
516 3900 572 3946 rue
598 3888 639 3947 de
655 3890 731 3947 utcu
752 3888 915 3948 miserim
971 3881 1085 3956 cinaei
1098 3895 1146 3943 se·

122 3983 206 4042 Ecce
226 3997 341 4042 unum.
354 3982 400 4042 Et
421 3985 462 4042 de
477 3982 549 4043 tuto
566 3984 672 4056 soects,
692 3998 769 4044 ecce
797 3999 919 4044 secun·
1011 3977 1158 4048 Quatuor
1179 3978 1256 4040 sunt
1275 3994 1348 4055 quae
1362 3978 1462 4040 iaciet
1476 3979 1635 4042 Dominus
1652 4001 1659 4042 ε
1676 3996 1767 4058 prae-

122 4078 209 4139 dum.
224 4080 270 4139 Et
290 4079 411 4139 statuit
427 4094 534 4152 super
544 4080 683 4153 petram
694 4084 798 4152 pedes
810 4095 915 4152 awos,
972 4074 1082 4150 cinget
1105 4091 1152 4148 se,
1173 4075 1273 4137 faciet
1292 4075 1368 4136 illos
1384 4076 1601 4150 discumbere,
1616 4078 1771 4141 transibit

122 4190 198 4237 ecoe
211 4175 356 4238 tertium.
370 4178 415 4237 Et
429 4177 560 4237 attremit
571 4192 713 4252 pressus
726 4192 918 4251 uaeas,eoce
971 4173 1005 4233 θῖ
1020 4172 1231 4235 ministrabit.
1250 4173 1438 4251 praecinget
1456 4191 1503 4248 se,
1524 4175 1620 4250 idest,
1638 4192 1770 4255 praepa-

122 4274 288 4349 quartum.
302 4273 346 4334 Et
360 4274 505 4334 imutisit
518 4276 556 4335 iu
570 4289 608 4335 os
618 4289 734 4334 uterum
745 4275 918 4337 ceraticum
971 4269 1059 4331 rabit
1073 4269 1113 4331 ad
1127 4269 1390 4332 retributionem.
1406 4272 1521 4334 Faciet
1533 4273 1610 4336 illos
1622 4273 1770 4335 discum-

121 4385 249 4432 uovuru
266 4369 399 4449 (Ρε.39,
418 4372 446 4443 1,
463 4368 507 4448 4),
524 4385 601 4432 ecce
625 4371 786 4447 quintum.
810 4373 917 4434 Lacus
971 4366 1061 4437 bere,
1077 4365 1172 4439 idest,
1195 4368 1231 4427 iu
1252 4369 1376 4429 aeterna
1396 4368 1506 4446 quiete
1526 4368 1681 4432 refoveri.
1700 4372 1770 4433 Dis·

121 4468 265 4530 miseriae
284 4468 335 4530 θεῖ
348 4467 517 4529 tribulatio
532 4467 706 4544 praesentis
728 4468 917 4531 adversita-
972 4463 1126 4526 cumbere
1139 4465 1259 4542 quippe
1272 4467 1465 4527 nostrumin
1475 4469 1769 4545 regnaquiesoere

121 4567 176 4627 tis.
192 4566 313 4628 Lutum
328 4565 419 4627 faecis
434 4566 485 4626 est
504 4566 642 4644 pollutio
657 4566 854 4643 iniquitatis.
871 4569 918 4629 De
972 4564 1033 4624 est.
1055 4562 1148 4624 Unde
1171 4579 1305 4625 rursum
1322 4565 1481 4626 Dominus
1502 4564 1605 4627 dicit:
1628 4566 1771 4627 Venient

120 4664 174 4725 his
188 4664 306 4726 educet
326 4678 386 4724 nas
401 4663 514 4724 divina
533 4663 651 4740 pietas,
668 4663 800 4740 quanda
822 4664 917 4726 nulla
971 4662 1007 4722 et
1018 4662 1216 4723 recumbent
1226 4677 1305 4722 curu
1316 4665 1490 4724 Abraham
1502 4662 1535 4724 et
1550 4666 1651 4724 Isaac
1661 4664 1695 4724 et
1707 4666 1770 4724 Ja-

121 4762 254 4824 nocebit
267 4761 463 4832 adversitas,
473 4777 535 4822 nec
549 4761 617 4822 ulla
630 4760 841 4823 damnabitur
851 4762 918 4823 iui—
971 4761 1028 4819 oob
1042 4756 1172 4837 (Matth.
1187 4775 1259 4830 v111,
1279 4758 1343 4838 11).
1367 4758 1524 4820 Transire
1538 4774 1618 4819 vero
1642 4758 1768 4821 dictum

121 4860 242 4936 quitus.
271 4858 316 4920 Et
350 4859 474 4919 statuit
502 4873 609 4934 super
644 4859 782 4933 petram
813 4863 918 4933 peaes
971 4856 1031 4927 est,
1049 4871 1122 4915 oum
1147 4855 1187 4917 de
1204 4855 1331 4932 judicio
1352 4855 1393 4917 ad
1416 4870 1556 4930 regnum
1581 4855 1766 4927 reditvel,
1893 4850 1896 4859 '

119 4972 225 5018 uaeas.
235 4956 335 5019 Petra
348 4955 675 5031 designatcoelestem
687 4956 914 5029 stabilitatem,
972 4954 1061 5015 certe
1077 4953 1234 5013 Dominus
1256 4953 1351 5013 nobis
1367 4953 1440 5030 post
1454 4952 1617 5029 judicium
1632 4954 1763 5029 transit,

120 5068 338 5130 superquam
361 5050 552 5113 statuuntur
571 5053 681 5128 pedes,
699 5051 798 5124 idest,
814 5051 919 5114 allec-
972 5051 1050 5127 quia
1078 5049 1119 5111 ab
1140 5049 1356 5111 humanitatis
1385 5049 1491 5112 torma
1521 5049 1557 5111 in
1583 5050 1767 5114 divinitatis

120 5152 173 5211 tus
193 5150 394 5211 sanctorum.
411 5148 607 5225 Diriguntur
621 5164 769 5225 gressus,
783 5149 916 5226 quando
971 5164 1041 5210 euae
1053 5147 1363 5225 conmmplationem
1378 5164 1439 5210 uos
1454 5148 1573 5210 elevat.
1587 5149 1765 5223 Transibit,

120 5247 288 5307 desideria
303 5247 492 5307 sanctorum
508 5261 638 5322 semper
647 5248 714 5307 Deo
730 5246 915 5308 intendunt.
972 5246 1049 5323 quia
1062 5245 1104 5306 ad
1119 5248 1279 5324 majorem
1296 5245 1437 5322 gloriam
1454 5246 1506 5307 sui
1522 5247 1658 5308 luminis
1673 5264 1769 5308 men-

120 5343 272 5405 Immittit
289 5344 324 5404 iu
337 5360 374 5405 οε
389 5343 554 5405 canticum
567 5360 700 5415 novum,
717 5343 848 5420 quando
862 5342 918 5405 da·
971 5344 1020 5405 tes
1034 5344 1165 5407 nostras
1176 5343 1389 5406 illuminabit.
1411 5344 1509 5405 Modo
1524 5344 1613 5406 enim
1628 5345 1687 5405 vix
1700 5344 1767 5407 ha·
1886 5338 1891 5343 ’

120 5442 176 5502 tur
203 5441 252 5502 eis
282 5456 342 5517 pro
377 5440 504 5502 meritis
538 5440 751 5503 innovatione
780 5441 918 5504 laudare
971 5441 1086 5502 bemus
1113 5441 1246 5502 tenuem
1268 5441 1398 5503 radium
1425 5441 1478 5502 sui
1503 5441 1651 5503 luminis.
1676 5445 1769 5505 Tunc

119 5541 235 5601 Deum.
252 5541 331 5600 llaec
352 5541 430 5601 sunt
451 5538 595 5616 quinque
611 5538 696 5599 dona
717 5538 822 5601 futuri
847 5555 914 5601 sae-
971 5539 1082 5600 autem
1112 5539 1283 5612 transibit,
1314 5539 1445 5617 quando
1474 5539 1676 5603 illuminabit
1707 5557 1768 5603 nos

121 5636 201 5710 culi,
216 5653 291 5718 quae
316 5636 437 5700 dantur
460 5635 711 5715 expectantibus
741 5638 918 5701 Dominum
971 5637 1161 5701 omnimoda
1190 5637 1297 5714 gloria
1324 5638 1521 5717 majestatis.
1549 5638 1767 5709 Ministrabit,
