3802 6166
121 268 179 331 ite

122 430 229 501 Quum
239 425 573 502 igiturmisericordia
588 424 812 503 superexaltet
821 426 914 503 judi-

120 526 220 596 cium,
264 523 456 585 discretioni
489 524 608 586 restrae
641 539 702 602 por
730 524 912 602 apostolica

120 621 244 698 scripta
277 620 486 694 mandamus,
517 622 681 699 quatenus
713 637 814 698 super
850 622 912 683 boe

120 718 229 781 eidem
254 719 437 795 injungatis
470 719 698 795 poenitentiam
724 720 914 796 competen-

751 267 979 330 EPISTOLAE.
1003 268 1080 330 LIB.
1105 270 1129 328 l.

1705 272 1764 333 130

966 430 1045 500 tam,
1057 443 1118 491 neo
1131 442 1195 489 non
1212 426 1421 505 privilegium
1434 428 1467 491 et
1479 428 1763 493 mundrmationem

967 526 1072 587 leliois
1087 525 1327 588 recordationis
1347 527 1496 588 Pascalis
1517 543 1611 605 papae
1629 529 1762 606 praede-

967 624 1109 684 cessoris
1135 624 1241 686 nostri
1268 639 1369 702 super
1398 624 1461 687 hoo
1493 624 1615 687 tactam
1643 626 1764 704 objecit

967 721 1085 782 eidem.
1100 723 1245 799 cirroque
1267 737 1366 799 super
1387 722 1440 783 bis
1460 738 1572 785 eoram
1596 724 1763 801 praedictis

120 820 197 888 tem,
214 816 248 877 et
261 831 301 877 ea
314 816 459 893 peracta,
476 816 665 879 concedatis
676 816 706 878 ei
717 818 913 879 auctoritate
963 818 1132 895 judicibus
1151 818 1269 881 inisset
1281 821 1477 897 aliquandiu
1492 820 1667 897 litigatum,
1682 824 1763 885 tan-

120 912 308 990 Apostolica
321 912 496 989 postulata,
514 914 689 975 dummodo
703 917 734 975 ei
754 914 844 975 aliud
858 929 916 975 ca-

121 1011 278 1072 nonicum
293 1026 360 1070 non
373 1010 522 1073 obsistat.
549 1011 640 1083 Quod
656 1012 685 1072 si
701 1027 765 1072 nou
781 1027 912 1083 omnes,

121 1110 196 1180 eto,
238 1107 291 1168 bis
325 1107 546 1185 exsequendis
573 1109 735 1171 interesse
763 1110 914 1186 potueri-

122 1206 176 1276 tis,
205 1205 270 1266 (1110
290 1207 449 1276 vestrum,
469 1207 546 1279 eto,
572 1206 791 1267 nihilominus
813 1222 915 1268 exse-

123 1304 276 1381 quantur.
292 1303 411 1364 Datum
431 1305 544 1364 Romae
566 1305 653 1380 apud
675 1305 835 1365 sanctum
853 1306 917 1365 Pe-

123 1403 222 1472 trum,
255 1399 383 1462 decimo
399 1396 532 1463 'oetam
558 1401 719 1462 kalendas
743 1402 914 1480 januarii,

122 1496 334 1575 pontificatus
346 1498 451 1560 nostri
462 1514 550 1560 anno
562 1499 680 1575 primo.

456 1774 578 1862 XCIX

122 2000 174 2059 Ad
197 1999 394 2071 episcopam
412 1998 683 2068 attrebatensem,
703 1998 858 2057 abbatem
877 1999 918 2058 de

169 2098 559 2166 l'olser.,0emcroccns.
573 2096 682 2167 dioec,
692 2095 918 2156 01110001(ιά-

162 2195 258 2253 ritem
273 2195 569 2254 coaaaaroccmem.

416 2322 449 2380 16
467 2321 530 2380 dcc.
553 2322 630 2380 tait.

171 2465 281 2528 [liegest.
291 2463 336 2514 lib.
348 2463 367 2523 l,
379 2463 452 2528 epist.
467 2463 582 2514 15111110.
595 2464 632 2514 Le
643 2464 717 2514 Porto
730 2463 765 2513 du
778 2462 873 2528 111011]

127 2642 267 2715 Praecipit,
285 2648 315 2699 ut
335 2640 363 2698 in
380 2655 467 2698 causa
483 2641 555 2698 inter
569 2640 791 2699 Not’iomeusem
808 2642 919 2714 episeo-

161 2745 229 2803 pum
248 2737 277 2787 et
295 2728 435 2787 decanum
459 2731 654 2787 Peronensem
674 2730 829 2802 procedant
842 2730 922 2803 Juxta

163 2819 271 2876 litteras
285 2817 320 2875 ab
333 2821 498 2876 innocentio
510 2820 550 2877 lll
562 2818 597 2876 20
609 2819 676 2876 maii
689 2818 767 2916 itit.

167 2971 344 3044 Honorius,
361 2972 436 3040 etc„
452 2970 636 3033 venerabili
657 2970 753 3033 fratri
768 2972 922 3049 episcopo

128 3069 333 3139 Atrebatem,
352 3069 547 3145 dilectisque
564 3068 641 3131 tiliis
663 3069 775 3131 abbati
792 3070 833 3130 de
848 3070 924 3130 Val-

128 3183 204 3240 ser.,
226 3170 437 3229 cameracen.
466 3166 628 3237 dioecesis,
654 3169 687 3230 et
712 3168 921 3230 thesaurario

127 3267 340 3327 cameracen.

170 3364 313 3426 Litteras
338 3362 446 3423 felicis
473 3362 713 3424 recordationis
739 3362 924 3424 innocentii

127 3477 220 3539 papae
228 3461 596 3538 praedecessorisnostri
605 3460 924 3538 nobispraeseutatas

127 3559 316 3636 accepimus
331 3559 365 3619 in
385 3558 474 3619 bunc
501 3559 632 3621 modum
654 3576 692 3617 :c
713 3558 924 3620 innocentius

127 3656 313 3733 episcopus
331 3670 447 3716 servus
464 3671 636 3715 serrorum
653 3655 724 3722 Dei,
740 3654 924 3715 venerabili

127 3753 222 3815 sratri
245 3753 400 3829 episcopo
421 3752 614 3813 atrebaten.
640 3756 673 3813 et
696 3752 825 3813 dilectis
846 3752 925 3812 liliis

127 3846 238 3913 abbati
258 3851 298 3911 de
312 3851 454 3922 Valsen,
472 3852 682 3911 cameracen.
709 3850 876 3923 dioecesis,
893 3850 927 3911 et

128 3948 339 4011 thesaurario
354 3950 579 4020 cameracen„
594 3948 734 4009 salutem
747 3950 779 4010 et
792 3952 927 4025 aposto-

128 4046 227 4107 licam
257 4045 530 4108 benedictionem.
563 4048 642 4105 Cum
679 4046 757 4107 olim
791 4061 926 4107 oausam

128 4160 200 4222 quae
212 4144 299 4205 inter
310 4143 535 4205 venerabilem
551 4142 688 4204 tratrem
704 4145 852 4205 nostrum
862 4146 927 4205 No-

129 4243 270 4303 viomen.
286 4241 497 4318 episcopum,
519 4243 551 4303 et
572 4241 733 4302 decanum
750 4244 924 4314 Peronen.,

129 4341 324 4401 Noviomen.
362 4339 524 4411 dioecesis,
560 4356 659 4416 super
693 4338 926 4416 jurisdictione

130 4442 299 4499 Perouen.
342 4438 443 4498 castri
480 4438 642 4509 vertitur,
686 4440 855 4498 senonen.
895 4439 928 4499 et

130 4535 356 4597 saresberien.
373 4535 507 4596 decanis
522 4536 600 4596 tunc
616 4535 754 4595 Parisiis
777 4551 926 4596 commo-

89 4622 93 4627 ’
129 4634 292 4706 rantibus,
315 4636 347 4695 et
367 4633 567 4695 cancellarie
592 4634 768 4695 carnoten.
790 4634 928 4694 commi-

130 4732 290 4793 sissemus
330 4732 395 4792 line
438 4731 547 4794 debito
590 4731 854 4803 terminandam,
896 4732 929 4793 et

130 4830 335 4907 postmodum
353 4830 554 4891 caracellario
569 4829 725 4906 praedicto
744 4828 872 4890 sublato
888 4829 928 4891 de

130 4929 261 5000 medio,
308 4927 615 5005 subrogavissemus
656 4928 927 4989 archidiaconum

129 5027 323 5095 belvacen,
344 5026 521 5104 praedictos
556 5026 728 5103 episcopus
759 5026 931 5103 proposuit

130 5140 244 5186 coram
266 5124 326 5195 eis,
343 5124 384 5185 ad
407 5141 443 5185 se
468 5123 651 5201 plenariam
662 5123 930 5201 jurisdictionem

130 5238 308 5285 causarum
333 5221 556 5299 spiritualium
577 5223 644 5285 tam
669 5221 816 5282 civilium
832 5238 930 5299 quam

131 5319 355 5381 criminalium
378 5320 556 5397 pertinere.
580 5321 732 5380 Decanus
749 5334 829 5379 uero
849 5318 930 5379 inii-

131 5418 223 5479 ciens
250 5417 283 5478 id
309 5417 442 5479 omuino
466 5417 750 5494 praescriptionem
772 5417 930 5493 temporis

131 5518 163 5577 et
177 5515 449 5593 compositionem
473 5515 552 5577 olim
575 5515 662 5577 inter
676 5517 712 5575 B.
728 5515 931 5576 Noviomen-

132 5631 201 5675 seru
217 5614 419 5691 episcopum,
433 5616 466 5675 et
480 5612 660 5691 capitulum
677 5615 838 5673 Poronen.
856 5614 931 5674 irri-

276 5784 390 5828 111101.
410 5784 485 5829 roua
504 5772 542 5829 ll.

968 917 1043 976 dem
1057 920 1171 978 contra
1186 918 1379 994 praedictum
1392 919 1553 980 decanum
1566 921 1764 983 sententiam

970 1014 1763 1095 protulerunt,interpretationemcompositionis,

970 1112 1137 1188 privilegii
1154 1114 1188 1174 et
1201 1114 1461 1175 confirmationis
1478 1115 1555 1176 Sodi
1568 1116 1765 1192 apostolieae

970 1211 1191 1271 reservantes.
1206 1211 1388 1273 pradictus
1398 1228 1478 1273 vero
1491 1212 1636 1274 decanus
1648 1230 1692 1275 ex
1703 1214 1767 1276 boo

970 1306 1034 1367 sibi
1058 1307 1091 1368 et
1115 1310 1275 1369 Peronen.
1307 1310 1497 1386 capitulum,
1524 1310 1673 1372 ecolesiae
1697 1327 1767 1373 suas

971 1405 1150 1466 sentientes
1171 1421 1273 1481 grave
1290 1407 1518 1483 praejudicium
1539 1409 1707 1484 generari,
1725 1409 1767 1469 ad

972 1502 1088 1563 Sedem
1117 1502 1339 1579 Apostolioam
1368 1508 1592 1578 recurrerunt,
1620 1506 1766 1567 decanus

972 1616 1031 1676 pro
1047 1615 1083 1661 se
1096 1601 1326 1676 personaliter,
1342 1603 1376 1664 ot
1390 1603 1569 1679 capitulum
1584 1619 1643 1679 pro
1659 1620 1695 1665 so
1709 1619 1769 1682 per

973 1697 1139 1759 Simonem
1153 1699 1305 1760 nuntium
1318 1715 1414 1760 snum
1429 1701 1543 1761 nostro
1558 1716 1594 1761 se
1607 1716 1776 1779 conspee--

972 1795 1020 1856 tui
1031 1796 1273 1872 praesentando.
1291 1797 1427 1870 Quibus,
1451 1799 1484 1860 et
1507 1800 1543 1859 Ρ.
1561 1801 1768 1876 procuratori

973 1890 1123 1967 praedicti
1137 1892 1294 1970 episcopi,
1307 1892 1426 1955 dilecto
1436 1893 1505 1955 11110
1515 1897 1554 1955 Α.
1567 1894 1771 1957 subdiacono

973 1990 1006 2051 et
1017 1989 1190 2066 capellano
1202 1992 1315 2052 nostro
1330 1991 1481 2053 auditore
1495 2007 1666 2065 concesse,
1683 1994 1771 2055 idem

974 2086 1120 2164 episcopi
1144 2090 1339 2164 procurator
1364 2089 1459 2165 petiit
1484 2105 1657 2152 conamen
1684 2107 1773 2167 pirae-

973 2184 1136 2245 dietorum
1147 2185 1296 2261 jndioum
1313 2187 1510 2248 sententiam
1525 2189 1558 2249 et
1575 2188 1666 2249 nulla
1681 2204 1772 2266 pror·

975 2282 1773 2361 susappellationesuspensamauctoritatesedis

975 2379 1172 2455 apostolicae
1187 2381 1390 2451 coridrmari,
1413 2381 1575 2443 exhibens
1594 2399 1694 2459 super
1710 2384 1774 2446 hoc

975 2476 1169 2539 relationem
1190 2478 1341 2556 J'udicum
1366 2480 1567 2551 eorumdem,
1593 2482 1626 2542 et
1646 2482 1772 2558 petens,

977 2576 1013 2635 ut
1026 2575 1187 2652 rescripta
1207 2576 1420 2653 interpretari
1440 2593 1499 2655 pro
1519 2578 1674 2656 episcopo
1695 2579 1773 2655 dig-

977 2688 1143 2734 naremur.
1179 2676 1261 2735 Pars
1294 2676 1404 2737 autam
1435 2675 1540 2737 altera
1566 2691 1609 2737 ex
1634 2676 1775 2739 adverso
1841 2738 1844 2749 ,

976 2771 1158 2847 respondit,
1184 2771 1271 2849 qued
1296 2772 1355 2833 illa
1379 2774 1543 2835 sententia
1569 2774 1661 2835 nulla
1689 2776 1773 2848 erat,

978 2885 1038 2930 neo
1068 2869 1192 2931 babere
1218 2885 1338 2932 nomen
1366 2872 1539 2933 sententiae
1573 2871 1774 2943 merebatur,

977 2969 1088 3044 utpote
1103 2984 1176 3045 quae
1193 2984 1290 3030 nona
1307 2968 1376 3031 suis
1386 2970 1554 3048 jndicibus
1567 2971 1692 3032 temere
1707 2971 1774 3032 lata
1795 3028 1799 3035 .

977 3067 1058 3137 erat,
1071 3082 1131 3127 nec
1147 3066 1285 3128 debebat
1298 3067 1379 3128 fides
1394 3068 1550 3129 relationi
1565 3069 1777 3145 taliumjudi-

978 3180 1050 3225 cum
1065 3163 1233 3238 exbiberi3
1247 3165 1326 3240 quia
1336 3167 1475 3235 constat,
1487 3166 1573 3243 quod
1584 3168 1776 3228 excusando

978 3261 1776 3336 searchidiaconusBelracen,sicutinrelatione

974 3359 1124 3435 judicum
1159 3360 1365 3431 continetur,
1397 3361 1665 3437 jurisdictionem
1694 3377 1714 3422 a
1741 3378 1777 3423 se

979 3457 1109 3533 penitus
1124 3456 1301 3528 abdicarit,
1318 3459 1351 3518 et
1370 3458 1507 3534 praelato
1522 3458 1649 3520 decano
1663 3460 1699 3519 in
1715 3475 1776 3520 ar-

979 3554 1211 3615 chidiaconum
1231 3555 1393 3615 Parisien.
1417 3555 1590 3626 translate,
1609 3556 1695 3633 quod
1715 3573 1777 3617 ne-

979 3653 1051 3728 gari
1075 3669 1141 3712 non
1164 3655 1282 3729 potest,
1295 3653 1484 3730 jurisdictio
1506 3654 1673 3731 expiravit
1684 3657 1777 3732 ejus-

979 3750 1064 3822 «lein,
1073 3767 1173 3827 quirem
1185 3767 1360 3827 suppresso
1370 3767 1520 3828 personae
1533 3752 1666 3813 nomine
1675 3768 1778 3815 causa

980 3849 1503 3919 nonParisiensiau¹ol1idiacono,
1519 3850 1575 3911 sed
1590 3851 1777 3913 senonensi

980 3947 1105 4008 decano
1118 3946 1217 4008 inerit
1227 3947 1388 4023 delegata.
1399 3948 1528 4025 Adjecit
1538 3965 1678 4026 quoque,
1691 3949 1778 4027 quod

981 4045 1010 4105 si
1028 4045 1294 4120 iurisdictionem
1316 4047 1415 4106 etium
1438 4046 1642 4119 balmissent,
1659 4063 1779 4125 perpe·

981 4158 1051 4202 ram
1066 4144 1310 4219 primesseruut,
1327 4145 1404 4221 quia
1421 4161 1493 4204 cum
1513 4145 1691 4220 praedictus
1709 4148 1777 4206 Pe·
1876 4166 1881 4171 ·

981 4241 1134 4301 romensis
1144 4242 1291 4301 decanus
1301 4242 1583 4317 praescriptionem
1594 4241 1775 4318 probasset,

981 4338 1780 4415 asserueruntilliprescriptionemvacationeso·

981 4436 1779 4515 disNoriomensisinterruptamsuisse,qtiarirris

983 4549 1043 4594 nec
1059 4532 1146 4593 sedis
1162 4533 1291 4593 vacatio
1309 4532 1353 4593 sit
1367 4532 1515 4609 probata,
1533 4550 1605 4610 ([11ῑο
1628 4534 1656 4593 si
1678 4534 1778 4594 etiam

982 4630 1779 4709 probatafuissetnequaquamioretpraescriptio
1806 4644 1810 4649 ·

982 4730 1183 4806 interrupta,
1215 4730 1272 4790 sed
1303 4729 1420 4791 debeat
1453 4730 1561 4807 potius
1594 4729 1780 4791 narrationis

982 4830 1113 4903 tempus
1136 4827 1300 4888 demedio
1323 4827 1506 4903 supputari.
1523 4826 1571 4887 Ad
1593 4827 1664 4888 baeo
1679 4844 1780 4904 quum

983 4926 1050 4986 tota
1077 4924 1215 5001 quasue
1237 4923 1277 4985 de
1300 4925 1548 5002 privilegiorum
1572 4925 1780 4987 (111οι11110-

984 5023 1151 5101 perulerat,
1165 5023 1193 5082 si
1218 5023 1259 5083 de
1283 5024 1428 5101 ipsorum
1451 5023 1780 5101 interpretationibus

985 5120 1193 5190 dubitabant,
1213 5123 1381 5181 Summum
1403 5121 1607 5192 Pontillcem,
1622 5124 1716 5199 cujus
1732 5124 1783 5183 est

985 5217 1159 5295 privilegia
1181 5218 1333 5290 condere,
1350 5220 1382 5280 et
1403 5219 1613 5296 interpretari
1636 5219 1779 5292 condita,

985 5316 1159 5378 consulere
1180 5314 1373 5379 debuerunt.
1397 5316 1460 5377 Sed
1485 5317 1549 5394 ipsi
1571 5316 1687 5379 ordine
1705 5334 1783 5394 per·

985 5413 1116 5475 turbato
1142 5414 1235 5489 prius
1258 5414 1298 5474 ad
1327 5414 1525 5476 sententiam
1554 5416 1780 5493 procedentes,

985 5512 1116 5572 demum
1130 5527 1190 5572 nos
1205 5493 1369 5589 superbis
1382 5513 1602 5574 consulendos
1615 5513 1783 5575 duxeruut

986 5626 1084 5686 epium
1096 5612 1166 5686 jum
1178 5610 1335 5671 desierint
1351 5628 1424 5671 esse
1437 5610 1688 5688 jmlices,samel
1705 5612 1784 5673 licet

1594 5771 1621 5824 55.
