3802 6166
131 256 192 319 tte
751 258 927 321 1-10N01t11
951 258 1166 323 1110Plttttt.

1726 267 1787 331 410

130 418 175 479 te
188 414 225 479 in
240 416 425 493 cellarario,
442 434 526 499 quas
539 417 648 483 tenult
660 418 767 481 blacta
779 417 820 482 de
834 422 931 482 Tras-
987 419 1126 497 proinde
1146 418 1235 483 tacta
1249 423 1310 495 est,
1326 423 1435 485 ratam
1450 422 1623 499 babentes,
1635 428 1787 491 auctori-

131 515 266 588 mund0‚
283 517 316 578 et
325 532 408 595 quas
422 518 529 580 tenuit
539 518 572 579 et
582 517 766 593 resignavit
776 517 929 579 dominus
982 519 1050 580 tate
1071 518 1260 597 apostolica
1280 520 1528 595 conllrmamus,
1553 523 1588 586 et
1612 525 1786 600 praesentis

132 614 348 691 Siginulplms
385 615 419 675 in
450 615 565 676 eodem
595 614 681 676 loce.
714 618 785 677 Hoc
817 620 928 677 tamen
983 616 1097 693 scripti
1112 617 1299 693 patrocinio
1319 621 1575 681 communimus.
1593 622 1690 682 Nulli
1710 639 1785 701 ergo

132 710 224 772 salvo
240 709 269 770 si
290 710 448 772 alienatio
471 710 583 787 aliqua
603 711 694 773 utilis
719 711 792 772 ilari
818 714 929 788 posset
982 714 1116 775 omnino
1132 714 1303 777 hominum
1316 715 1416 778 liceat
1432 717 1519 779 banc
1534 719 1695 797 paginam
1711 738 1786 783 nos·

132 824 175 868 ex
189 806 237 868 eis
249 806 290 867 ad
304 807 510 868 commodum
524 808 630 884 ipsius
642 808 792 870 ecclesiae
811 809 927 886 quaesi
981 812 1042 871 trae
1061 812 1323 875 confirmationis
1346 814 1543 892 intringere,
1569 818 1625 878 vel
1648 818 1681 879 ei
1702 833 1784 881 ausu

131 902 232 966 luerit
245 905 396 966 iacienda
412 921 455 965 ex
466 905 529 977 liis,
547 906 598 966 rel
610 906 736 966 dealiis
750 908 929 983 praenomi-
981 909 1158 971 temerario
1174 912 1354 972 contraire.
1373 913 1408 973 Si
1423 915 1498 991 quis
1514 918 1629 977 autem
1654 915 1720 979 hoc
1735 920 1782 979 at·

129 1003 218 1063 natis
232 1002 511 1078 possessionibus,
531 1002 587 1064 fiet
606 1004 646 1063 de
666 1004 832 1065 communi
848 1021 929 1065 con-

130 1100 206 1160 silio
233 1101 266 1160 et
279 1100 460 1161 voluntate.
483 1100 532 1161 Ad
549 1099 738 1177 hujusmodi
760 1102 926 1162 constitu-

129 1197 232 1258 tionis
245 1197 445 1259 evidentiam
454 1200 634 1275 praesentes
645 1198 773 1260 litteras
789 1198 926 1261 lecimus

129 1294 214 1364 tleri,
227 1310 284 1355 eas
300 1295 486 1371 sigillorum
502 1296 692 1357 nostrorum
709 1296 927 1373 impressione

129 1392 312 1469 signantes.
335 1410 353 1453 a
376 1382 467 1453 Nul'li
496 1408 576 1468 ergo
600 1394 734 1456 omnino
755 1393 926 1455 hominum

128 1489 228 1551 liceat
243 1490 329 1550 banc
348 1490 503 1567 paginam
524 1492 645 1552 nostrae
665 1491 926 1553 confirmationis

129 1586 323 1663 infringere,
339 1587 393 1648 vel
408 1586 439 1647 ei
454 1603 539 1648 ausu
553 1588 731 1649 temerario
747 1590 924 1651 contraire.

129 1684 166 1745 Si
186 1685 260 1761 quis
275 1685 386 1745 autem
405 1684 467 1745 hoc
486 1686 649 1746 attentare
664 1688 923 1763 praesumpserit,

129 1782 390 1858 indignationem
400 1782 702 1858 omnipotentisDei
712 1782 925 1846 etbeatorum

128 1879 219 1940 Petri
233 1884 266 1939 ot
290 1878 385 1939 Pauli
404 1878 636 1955 Apostolorum
651 1882 724 1957 eius
740 1896 775 1941 se
795 1882 926 1943 noverit

127 1976 352 2039 incursurum.

169 2075 288 2135 Datum
307 2073 480 2149 Anagniae,
496 2076 571 2134 llll-⁷
585 2074 772 2153 liatjunii,
791 2076 926 2153 pontill-

126 2174 220 2232 catus
236 2171 340 2232 nostri
355 2186 444 2231 anno
458 2171 576 2248 primo.

414 2374 634 2463 dccxxvi

155 2540 207 2598 Ad
219 2537 374 2609 moelem
388 2536 421 2598 ct
436 2536 641 2598 corzecnttnn
656 2536 890 2599 casinensem.

417 2667 453 2724 20
464 2667 533 2724 maii
547 2667 627 2725 llll.

199 2784 325 2845 [Gallula
336 2781 448 2831 illatoris
457 2781 567 2831 abbatie
576 2781 730 2841 casinensis,
742 2797 767 2847 p.
779 2781 847 2847 lib]

124 2889 247 2949 Abbatui
266 2896 296 2945 et
311 2889 464 2945 conventui
484 2888 688 2947 casinensibus
707 2888 810 2961 quibus
830 2892 921 2947 Bene·

160 2977 263 3046 dictus,
284 2978 325 3033 tlt.
350 2978 377 3035 S.
396 2977 533 3033 Susannae
549 2975 644 3049 presb.
660 2977 822 3045 cardinalis,
840 2979 920 3052 lega·

160 3067 247 3124 tionis
266 3080 403 3123 exercens
423 3064 549 3122 ollrcium
569 3066 597 3122 in
617 3066 744 3139 partibus
763 3068 920 3137 Romanis,

159 3155 363 3213 monasterium
371 3155 399 3211 S.
410 3153 550 3212 llariade
562 3155 683 3228 Virgioti
691 3164 770 3212 extra
778 3156 921 3214 civitatem

35 3236 40 3241 ’
159 3243 514 3315 constantinopolitanam,
534 3241 605 3299 inira
623 3243 680 3299 duo
700 3245 820 3301 millario
835 3246 922 3302 situm

160 3338 352 3399 concesserat,
364 3332 402 3388 ita
416 3339 511 3388 tumen
523 3330 598 3404 quod
609 3332 839 3391 monacbiGraeci
847 3350 922 3391 com·

158 3429 304 3479 morantes
333 3420 436 3478 ibidem
462 3421 528 3477 inde
552 3420 713 3478 nullatenus
733 3423 919 3495 expellantur.

96 3504 100 3509 ’
159 3512 240 3569 llanc
251 3510 468 3567 concessionem
480 3508 641 3566 oonllrmat.

160 3644 328 3709 Honorius
339 3645 523 3723 episcopus,
535 3661 651 3707 servus
664 3661 836 3707 servorum
847 3647 918 3718 Dei,

122 3744 253 3807 dilectis
271 3744 348 3804 filiis
364 3743 474 3804 abbati
490 3743 523 3804 et
535 3743 713 3805 conventui
731 3744 917 3819 casinensi,

122 3841 264 3904 salutem
276 3843 309 3902 et
317 3839 541 3917 Apostolicam
556 3839 832 3902 benedictionem.

981 1006 1110 1067 tentare
1127 1009 1386 1085 praesumpserit,
1413 1010 1682 1087 indignationem
1710 1029 1781 1075 om·

981 1103 1162 1180 nipotentis
1182 1107 1252 1177 Dei,
1278 1109 1310 1168 et
1325 1106 1497 1169 beatorum
1514 1110 1609 1172 Petri
1631 1114 1666 1172 et
1691 1113 1782 1173 Pauli

981 1203 1213 1278 Apostolorum
1243 1207 1315 1281 ejus
1339 1221 1375 1265 se
1399 1207 1530 1268 noverit
1555 1207 1780 1269 incursurum.

981 1299 1099 1360 Datum
1110 1302 1270 1377 Anagniae
1282 1303 1438 1364 Xlllkal.
1448 1303 1550 1381 junii,
1567 1305 1781 1381 pontificatus

981 1397 1086 1457 nostri
1101 1414 1190 1459 anno
1205 1399 1323 1476 primo.

1261 1582 1501 1675 cccxxvii

979 1720 1032 1778 Ad
1051 1722 1247 1795 Veterensem
1262 1722 1297 1782 ct
1312 1725 1583 1796 bremetensem
1592 1725 1776 1796 episcopos.

1274 1851 1310 1908 so
1324 1851 1391 1908 maii
1406 1848 1484 1910 llll.

981 1961 1111 2026 [Tbeinen
1124 1962 1215 2015 Vetera
1231 1966 1397 2015 Monumenta
1413 1964 1548 2015 Slaromm
1562 1966 1778 2025 meridionaliunt,

1258 2049 1278 2094 t.
1294 2045 1313 2103 l,
1328 2061 1353 2109 p.
1368 2045 1408 2103 to,
1422 2059 1448 2094 n.
1459 2044 1511 2107 78].

1002 2149 1117 2208 llandat
1123 2150 1267 2222 judicibus
1276 2158 1307 2209 ut
1316 2155 1483 2225 episcopum
1493 2153 1662 2210 Nonensem
1674 2152 1711 2210 ad
1723 2170 1753 2212 se

979 2240 1144 2313 conspectui
1161 2240 1326 2313 Apostolico
1345 2239 1575 2313 presentandum
1598 2244 1776 2317 compellant.

1018 2376 1184 2436 Honorius
1194 2376 1381 2453 episcopus,
1395 2391 1510 2437 servus
1523 2392 1703 2440 serrorum
1709 2378 1775 2449 Dei,

978 2472 1224 2533 venerabilibus
1239 2473 1409 2545 iratribus,
1426 2473 1585 2549 veglensi
1600 2476 1635 2536 et
1648 2477 1776 2550 Tragu-

978 2570 1081 2631 riensi
1105 2570 1281 2648 episcopis,
1304 2571 1444 2632 salutem
1458 2573 1493 2634 et
1514 2570 1776 2634 benedictionem

977 2668 1212 2745 apostolicam.

1018 2765 1162 2828 Dilectus
1187 2764 1278 2825 illius
1308 2764 1349 2827 N.
1377 2765 1615 2839 subdiaconus,
1642 2768 1775 2830 canoni·

977 2878 1035 2923 cus
1055 2863 1285 2939 spellatensis,
1307 2864 1393 2939 apud
1416 2864 1534 2925 Sedem
1553 2866 1773 2943 apostolicam

978 2960 1190 3032 constitutus,
1224 2976 1336 3020 coram
1364 2960 1484 3023 dilecto
1511 2961 1580 3022 tilio
1619 2963 1772 3039 magistro

977 3061 1014 3119 G.
1031 3059 1204 3135 capellano
1220 3058 1334 3119 nostro
1355 3058 1419 3119 sibi
1440 3074 1460 3119 a
1483 3058 1579 3119 bonae
1607 3061 1770 3121 memorie

978 3156 1171 3217 Innocentio
1198 3159 1288 3231 Papa
1318 3155 1562 3232 praedecessore
1589 3160 1718 3230 nostro,
1745 3160 1772 3218 el

977 3253 1183 3331 postmodum
1198 3253 1326 3314 anobis
1341 3254 1492 3315 auditore
1507 3270 1680 3327 concesso,
1700 3270 1771 3333 pro-

977 3352 1097 3428 posuit,
1112 3352 1197 3429 quod
1211 3368 1310 3429 quum
1324 3350 1359 3411 in
1381 3352 1572 3428 episcopum
1587 3354 1771 3415 Nenensem

976 3448 1137 3509 canonice
1159 3447 1277 3508 suisset
1300 3448 1436 3519 electus,
1454 3448 1660 3510 venerabilis
1676 3450 1770 3511 irater

975 3548 1089 3607 noster
1103 3546 1376 3622 archiepiscopus
1392 3546 1599 3621 spalatensis
1614 3549 1653 3607 G.
1670 3547 1770 3609 arelli-

975 3644 1203 3720 presbyterum
1230 3643 1470 3719 spalatensem,
1498 3658 1563 3703 non
1591 3644 1770 3706 electuma

975 3742 1075 3813 clero,
1093 3741 1145 3803 rel
1168 3757 1188 3802 a
1203 3742 1324 3818 populo
1348 3740 1550 3818 expeditum,
1567 3758 1629 3818 pro
1643 3758 1705 3803 sua
1718 3757 1771 3803 so-

975 3839 1102 3901 luntate
1116 3839 1151 3899 in
1167 3840 1308 3916 quadam
1324 3839 1405 3900 villa
1432 3838 1538 3900 rurali
1562 3840 1770 3917 presumpsit

161 3941 266 4010 Quum
281 3954 300 3999 a
316 3937 411 3999 nobis
427 3938 549 4014 petitur
563 3939 648 4015 quod
663 3939 791 4015 justum
806 3940 866 4011 est,
887 3942 920 4002 et
974 3935 1008 3996 in
1023 3935 1211 4012 episcopum
1228 3936 1394 4011 praedictae
1403 3935 1553 3996 ecclesiae
1564 3951 1769 4007 consecrare,

119 4037 307 4105 honestum,
326 4036 393 4095 tam
416 4035 511 4110 vigor
523 4036 701 4111 equitatis,
720 4052 820 4112 quam
836 4036 918 4098 ordo
974 4036 1006 4093 et
1023 4034 1102 4094 licet
1116 4036 1183 4094 tam
1205 4034 1414 4095 consecranti
1429 4048 1527 4110 quam
1543 4038 1769 4097 consecratos

121 4134 226 4209 exigit
243 4132 395 4204 rationis,
413 4132 449 4192 ut
465 4131 496 4191 id
514 4148 573 4208 per
594 4132 851 4195 sollicitudinem
868 4134 920 4195 oi·
974 4130 1131 4207 praedicto
1157 4130 1401 4205 praedecessore
1416 4132 1542 4198 nostro,
1564 4130 1654 4193 sicut
1672 4146 1768 4192 acce·

120 4232 189 4293 ilcii
203 4229 311 4291 nostri
326 4228 366 4289 ud
380 4228 525 4290 debitum
540 4230 741 4306 producatur
751 4231 916 4293 ellectum.
973 4229 1094 4304 pimus,
1120 4228 1310 4289 mandatum
1326 4226 1436 4300 inerit,
1454 4230 1490 4288 ut
1504 4229 1643 4305 propter
1662 4229 1725 4290 boc
1738 4244 1770 4289 se

121 4331 201 4392 Cum
215 4325 420 4403 igiturbonae
434 4327 602 4387 memoriae
618 4328 817 4390 Benedictus
830 4328 919 4391 tituli
973 4326 1155 4402 apostolico
1163 4326 1355 4402 conspectui
1363 4326 1770 4403 temporeganeraliscon·

121 4430 154 4489 S.
183 4429 343 4487 Susannae
372 4422 544 4501 presbyter
564 4424 757 4497 cardinalis,
777 4425 920 4501 legatio-
973 4424 1042 4483 cilii
1054 4425 1281 4500 praeserrtaret,
1298 4422 1456 4500 vobisque
1469 4422 1665 4485 mandatum
1677 4424 1769 4485 suerit

119 4525 173 4587 nis
188 4538 350 4585 exercens
361 4520 505 4582 osticium
520 4521 718 4598 inpartibus
734 4524 916 4595 Romaniae,
973 4520 1148 4591 abeodem,
1158 4520 1770 4600 utsuperdictiN.eleotioneinquisita

120 4620 359 4685 monasterium
383 4620 416 4679 S.
443 4619 559 4679 Mariae
588 4618 629 4679 tle
656 4619 798 4695 Virgioti
822 4622 918 4683 extra
973 4619 1165 4694 diligentius
1181 4619 1333 4689 veritate,
1349 4618 1435 4695 qnod
1447 4619 1659 4692 inveneritis,
1672 4620 1769 4681 tideli-

115 4703 289 4782 ¹civitatem
314 4716 715 4792 constantinopolitanam
737 4716 824 4780 inira
852 4718 917 4780 dno
972 4715 1770 4795 terreieratis;quiapredictiarcltiepisoopuset

120 4818 278 4879 milliaria
299 4816 410 4887 situnt,
427 4830 502 4876 cum
522 4814 688 4875 universis
709 4815 917 4893 pertinentiis
973 4814 1148 4891 e1·tiscopus
1170 4816 1319 4889 tempore
1341 4813 1510 4889 gerteralis
1527 4815 1671 4876 Consilii
1687 4814 1768 4893 apud

121 4917 191 4977 suis
208 4913 392 4976 rationibus
416 4913 449 4974 et
470 4912 739 4990 proprietatibus,
765 4914 917 4975 auctori·
974 4912 1318 4989 Setlonrlpostolicam
1330 4912 1502 4972 constituti
1514 4911 1554 4972 de
1565 4912 1621 4983 iis,
1633 4930 1695 4991 pro
1705 4913 1769 4991 qui·

120 5015 188 5076 tate
214 5011 390 5088 legationis
412 5011 572 5088 ejusdem,
596 5010 701 5083 vobis,
719 5012 751 5073 et
774 5027 834 5089 per
858 5029 918 5073 ros
971 5009 1033 5069 bus
1055 5010 1245 5087 specialiter
1268 5010 1376 5070 vocati
1401 5010 1542 5080 lucrant,
1567 5026 1636 5072 non
1660 5011 1768 5073 habita

120 5110 324 5173 monasterio
348 5108 551 5169 concesserit
568 5108 761 5182 Casinensi;
791 5109 838 5170 ita
865 5112 918 5170 ta-
972 5108 1139 5169 mentione
1172 5108 1328 5169 recedere
1357 5111 1655 5185 praesumpserant,
1686 5110 1768 5172 idem

121 5223 208 5277 meu,
241 5205 326 5284 qnod
359 5206 513 5266 monachi
544 5206 645 5282 graeci
676 5207 917 5268 commorantes
973 5222 1067 5266 suam
1097 5206 1242 5265 nondum
1273 5205 1380 5282 potuit
1403 5204 1569 5281 justitiam
1601 5206 1766 5269 obtinere:

120 5304 243 5369 ibidem
257 5318 317 5380 per
328 5319 387 5363 ros
400 5303 477 5363 inde
487 5302 677 5365 nullatenus
692 5304 914 5380 expellantur,
973 5304 1126 5381 quocirca
1143 5302 1343 5364 fraternitati
1359 5303 1488 5374 vestrae,
1506 5318 1565 5380 per
1580 5305 1768 5381 apostolica

121 5405 208 5466 sicut
231 5402 265 5462 in
290 5400 437 5477 ejusdem
470 5400 661 5464 authentico
686 5403 917 5479 perspeximus
972 5403 1094 5478 scripta
1115 5401 1321 5465 mandamus.
1338 5401 1768 5477 qttatenusdictoNonensi

121 5502 253 5582 plenius
273 5497 457 5571 contineri;
475 5514 536 5558 nos
552 5500 674 5559 vestris
691 5500 792 5576 justis
808 5501 918 5577 preci·
971 5500 1126 5576 episcopo
1144 5499 1340 5560 auctoritate
1358 5502 1472 5559 nostra
1494 5499 1639 5561 tirmiter
1660 5503 1769 5580 injun-

120 5602 182 5664 bus
217 5595 370 5660 inclinati
407 5595 654 5659 concessionem
688 5597 796 5674 ipsam
831 5599 918 5662 sicut
971 5598 1070 5674 gatis,
1088 5599 1123 5659 nt
1137 5598 1172 5659 in
1187 5597 1269 5659 sesto
1286 5597 1505 5659 sanctiLucae
1520 5599 1678 5676 proximo
1693 5616 1769 5665 ren·
