3802 6166
1706 338 1795 407 354'

117 338 179 407 353
305 342 691 407 1113-3131313
713 340 1020 405 coris'bssoubnl
1042 340 1286 405 summonte
1308 342 1577 404 Pob'llnlconl.

118 505 342 567 tentationem
361 503 493 584 (113111.
516 519 610 575 xxv1,
635 502 700 582 41).
727 501 777 566 Ad
791 518 917 565 concu-
967 501 1074 565 tribus
1091 500 1197 565 modis
1214 523 1222 562 ε
1239 518 1298 580 333
1317 501 1590 576 331333133311333,
1610 521 1669 581 333
1688 522 1769 568 333-

117 602 328 681 piscendum,
356 603 538 665 secundum
566 602 653 679 quod
679 601 739 664 tibi
768 602 916 679 loquitur
970 600 1103 672 todiam,
1116 602 1149 661 et
1166 617 1224 677 333
1236 600 1414 662 vindictam
1429 602 1526 663 malis
1545 602 1763 666 inserendam.

116 702 151 762 in
173 700 347 763 1133311313
370 703 646 767 testinnonium,
665 701 914 774 speculatorem
969 700 1035 758 Per
1056 699 1318 759 misericordiam
1353 716 1427 760 cum
1456 700 1594 761 mortuis
1624 701 1659 762 in
1688 718 1769 779 pec·

116 802 193 861 dedi
209 800 242 861 13
255 802 372 860 domat
393 801 503 861 133331
525 797 659 876 (ierem.
677 799 805 876 111,17).
828 800 915 874 Ergo
969 796 1063 866 catis,
1079 796 1136 856 sed
1154 795 1248 857 exire
1265 796 1463 870 volentibus,
1478 797 1587 860 adstat
1605 800 1769 878 3133333-

117 897 144 957 si
158 898 269 958 custos
280 912 327 968 es,
341 896 443 971 vigila
455 898 487 957 31
497 896 725 973 circumspice.
737 898 767 957 N
770 912 811 957 on
825 896 914 958 euim
968 895 1021 954 133
1041 893 1211 955 auxiliari.
1229 895 1323 956 Unde
1337 894 1399 957 iob
1414 895 1455 956 de
1471 896 1618 972 quolibet
1637 884 1767 961 veiente

117 993 227 1072 posuit
236 996 268 1056 13
277 994 436 1055 Dominus
450 996 486 1056 ut
496 995 653 1067 dormias,
667 996 724 1056 sed
738 998 773 1056 ut
783 994 912 1071 vigiles,

117 1109 183 1153 non
199 1094 235 1154 ut
252 1092 390 1153 stolidus
409 1104 555 1165 maneas,
569 1093 625 1153 sed
642 1088 678 1154 u't
694 1092 832 1169 provide
846 1093 915 1153 cir-

117 1190 327 1267 cumspicias,
353 1202 419 1251 non
435 1192 471 1252 ut
485 1190 642 1261 dormias,
670 1191 747 1268 3313
762 1191 819 1268 331
834 1191 914 1253 dor-

117 1289 224 1350 miunt
247 1289 343 1350 nocte
366 1288 544 1360 dormiunt,
571 1291 606 1350 et
632 1289 689 1366 qui
715 1288 800 1349 ebrii
824 1291 912 1361 sunt,

116 1391 213 1447 nocie
236 1385 321 1446 ebrii
343 1387 438 1460 sunt3
469 1385 525 1447 sed
546 1388 582 1448 ut
602 1385 732 1461 vigiles,
757 1387 835 1464 qula
858 1386 913 1464 qui

115 1496 214 1545 mane
229 1476 444 1558 vigilaverint
467 1484 507 1544 ad
530 1484 727 1561 sapientiam
743 1485 915 1546 invenient

116 1581 219 1642 illam.
245 1581 367 1658 Vigila,
396 1582 473 1659 quia
500 1582 616 1658 vigilia
641 1582 804 1644 matutina
823 1583 914 1645 venit

115 1679 276 1740 Dominus
287 1679 329 1740 ad
342 1679 532 1756 discipulos.
541 1680 662 1755 Vigila,
674 1681 753 1757 3313
763 1682 912 1757 33313333

115 1777 268 1839 3333113
286 1776 423 1853 regione
448 1777 507 1838 1113
531 1777 754 1839 custodientes
779 1778 913 1855 vigilias

115 1875 221 1936 noctis
240 1890 340 1952 super
353 1890 488 1951 gregem
503 1892 610 1936 suum.
627 1864 748 1952 Vigila,
769 1877 846 1953 quia
862 1876 914 1939 vi-

113 1973 912 2050 3113133133113333,3333133113333133331333

113 2070 154 2133 31
179 2070 403 2147 sepulchrum.
430 2070 645 2148 1131133313
671 2072 823 2147 vigilavit
847 2074 912 2135 lu·-

113 2168 185 2229 dith
196 2168 237 2228 31
253 2167 484 2229 liberationem
499 2169 612 2245 populi
625 2168 688 2229 sui.
700 2170 822 2245 Vigila,
835 2170 913 2247 3313

113 2265 227 2327 ebrius
242 2265 428 2328 dormiebat
445 2268 529 2338 Noe,
547 2267 678 2344 quando
697 2267 821 2329 nudata
837 2270 914 2330 sunt

113 2363 252 2425 foemora
268 2367 351 2441 ejus.
369 2364 489 2440 Vigila,
518 2365 595 2442 3313
613 2364 799 2427 dormiebat
815 2366 910 2437 Loth,

112 2461 246 2537 quando
261 2477 335 2522 cum
360 2462 438 2522 filiis
454 2462 523 2522 suis
550 2462 715 2524 commisit
738 2462 910 2524 incestum.

112 2554 235 2635 Vigila,
252 2560 330 2637 qula
354 2559 537 2621 dormiebat
560 2559 757 2622 Holofernes
780 2562 912 2640 quando

112 2657 289 2734 praecisum
309 2659 472 2734 estcaput
490 2658 607 2735 133133.
633 2659 755 2735 Vigila,
777 2662 865 2736 3313,
883 2660 911 2721 31

113 2754 216 2816 331331
234 2754 491 2832 paterfamilias,
511 2772 575 2833 qua
590 2756 739 2817 1333133
754 2759 911 2819 venturus

110 2855 210 2923 33331,
238 2853 392 2930 vigilaret
411 2854 524 2930 311333
550 2857 583 2915 31
602 2870 667 2915 333
684 2854 811 2917 3133331
835 2871 912 2932 333-

112 2950 179 3011 1311
195 2951 328 3012 domum
350 2967 456 3012 suam.
472 2952 594 3027 Vigila,
612 2952 690 3029 quia
704 2952 834 3029 virgam
858 2953 911 3014 vi-

111 3048 268 3123 giliarum
290 3048 389 3109 debes
403 3049 556 3126 accipere
569 3050 602 3110 in
618 3066 718 3111 manu
732 3052 802 3112 133.

150 3147 236 3207 Nam
261 3147 489 3224 33333313333
510 3148 624 3223 333133
645 3146 743 3210 13131
768 3148 909 3224 vigilare

111 3259 211 3321 33333
235 3244 392 3320 populum
414 3261 521 3317 suum,
550 3246 584 3307 et
611 3245 734 3307 habere
763 3247 909 3325 quinque

110 3340 236 3417 virgas,
249 3342 328 3420 quia
340 3343 519 3420 pastoralis
531 3356 612 3405 3333
627 3343 662 3404 13
677 3343 822 3422 3313333
832 3360 910 3406 con·

111 3438 209 3501 sistit.
235 3440 345 3500 Bonus
370 3440 484 3516 pastor
508 3440 605 3502 debet
627 3440 751 3502 babere
778 3442 907 3517 virgam

110 3535 306 3613 discipilum,
326 3538 454 3613 virgam
469 3539 636 3615 potentiae,
655 3538 784 3614 virgam
797 3539 909 3600 scien·-

108 3632 183 3705 tiae,
215 3635 344 3710 virgam
373 3636 532 3697 custodiae
558 3637 591 3697 et
617 3635 747 3712 virgam
774 3636 908 3698 miseri-

109 3732 242 3793 cordiae.
266 3732 378 3793 Prima
398 3735 448 3794 est
468 3733 572 3806 utilis,
602 3733 748 3795 secunda
771 3734 907 3796 terribi-

109 3828 161 3899 113,
182 3829 282 3891 tertia
300 3828 418 3901 dulcis,
443 3832 561 3907 333313
583 3831 903 3909 31333333331111113,

969 991 1062 1052 exire
1087 992 1127 1053 13
1151 993 1286 1069 3333313
1308 993 1383 1054 311;
1408 995 1494 1055 Com
1521 997 1769 1059 incesserent

968 1093 1089 1161 Docto,
1105 1089 1223 1151 stottm
1243 1091 1415 1166 3313113111
1429 1093 1474 1152 od
1490 1092 1523 1153 13
1534 1091 1621 1171 (131.
1632 1110 1705 1164 vm,
1720 1094 1766 1173 6).

970 1187 1063 1248 Unde
1091 1187 1314 1264 Hieronymus
1343 1209 1351 1248 ε
1379 1205 1396 1247 a
1427 1189 1463 1251 Si
1493 1193 1697 1253 converteris
1725 1192 1767 1255 31

969 1286 1071 1346 Deum
1096 1301 1155 1362 per
1179 1285 1288 1347 cordis
1315 1287 1558 1361 contritionem,
1585 1286 1657 1367 ipse
1681 1306 1766 1352 con-

968 1383 1116 1445 vertetur
1145 1383 1186 1444 ad
1217 1384 1250 1445 13
1280 1396 1340 1462 333
1369 1385 1487 1461 gratiae
1520 1386 1767 1451 inlusionem.»

969 1481 1063 1541 Unde
1083 1480 1132 1542 311
1157 1482 1318 1559 33331313
1345 1482 1523 1545 Zacharias
1548 1507 1555 1545 :
1581 1488 1766 1548 Converti-

968 1582 1055 1639 mini
1082 1581 1126 1640 ad
1155 1594 1222 1651 mc,
1254 1581 1288 1642 31
1322 1595 1384 1655 333
1413 1585 1601 1644 convertor
1630 1586 1676 1645 act
1705 1600 1768 1647 333

968 1675 1081 1754 (Zacb.
1098 1692 1120 1745 1,
1137 1675 1182 1756 3).
1207 1679 1276 1739 Hoc
1294 1678 1391 1740 modo
1408 1678 1525 1755 vigilat
1540 1682 1627 1741 Deus
1646 1681 1687 1741 ad
1706 1698 1767 1743 333

967 1790 1010 1835 ex
1021 1775 1153 1851 3131313.
1169 1775 1262 1837 Sicut
1276 1776 1364 1837 enim
1380 1778 1486 1839 mater
1498 1794 1573 1840 cum
1586 1780 1676 1841 videt
1690 1781 1769 1841 uni-

968 1888 1042 1933 cum
1067 1873 1172 1933 illium
1198 1872 1366 1951 submergi
1389 1875 1426 1936 in
1449 1891 1547 1955 3333,
1571 1893 1636 1939 333
1659 1880 1768 1955 331331

967 1970 1119 2032 oblivisci
1135 1972 1244 2049 ipsum
1258 1988 1320 2035 nec
1333 1970 1503 2035 continere
1516 1974 1595 2053 quin
1611 1976 1642 2037 31
1658 1976 1769 2053 porri-

966 2071 1023 2144 gat
1043 2084 1189 2141 manum,
1206 2070 1255 2132 sic
1274 2087 1335 2132 nos
1360 2072 1461 2133 Pater
1484 2073 1629 2134 coelestis
1651 2073 1767 2136 videns

967 2181 1026 2242 per
1038 2169 1173 2243 peccata
1189 2167 1358 2245 submergi
1373 2169 1407 2230 in
1428 2170 1514 2231 marl
1528 2171 1766 2247 hujusmundi,

967 2280 1033 2324 non
1064 2258 1174 2340 p'otest
1208 2281 1269 2326 nos
1302 2265 1466 2339 oblivisci,
1503 2268 1583 2345 quin
1618 2271 1767 2346 porrigat

967 2377 1100 2423 manum
1131 2363 1259 2439 gratiae.
1297 2365 1390 2426 Unde
1424 2364 1529 2427 133133
1559 2370 1769 2442 :Nomqotd

966 2462 1117 2522 oblivisci
1135 2460 1252 2536 potest
1270 2466 1396 2523 3331133
1416 2465 1587 2538 insolitem
1608 2466 1768 2527 3333131

966 2572 1035 2619 333
1058 2559 1270 2620 3133333133
1292 2560 1366 2631 titio
1392 2561 1503 2622 313113
1523 2564 1579 2622 331
1603 2563 1689 2624 3131
1710 2567 1767 2625 1113

966 2656 1067 2717 311113
1087 2656 1206 2729 fierit,
1222 2658 1501 2732 333133133333
1519 2662 1699 2722 3111313333
1713 2661 1766 2723 131

966 2752 1024 2829 (13.
1039 2768 1130 2826 xurx,
1146 2753 1210 2834 15).
1226 2754 1327 2827 Quasi
1343 2755 1469 2817 diceret
1483 2757 1642 2818 Dominus
1659 2779 1666 2818 :
1683 2760 1723 2819 nt
1737 2758 1766 2820 31

965 2850 1078 2928 311333
1100 2867 1180 2913 3333
1207 2853 1314 2913 mater
1333 2852 1586 2917 oblivisceretur
1605 2854 1766 2919 insaniem

964 2964 1073 3021 suum,
1096 2963 1158 3010 nec
1178 2949 1397 3012 misereretur
1419 2951 1535 3028 ipsius,
1569 2969 1630 3029 ego
1654 2955 1767 3017 tamen

964 3062 1096 3123 semper
1119 3047 1301 3108 miserebor
1320 3049 1434 3110 vestri.
1460 3052 1563 3113 Immo
1586 3052 1661 3129 3133
1684 3051 1766 3115 13311
1893 3068 1898 3085 ·

963 3144 1122 3204 Dominus
1143 3145 1263 3205 3313333
1279 3144 1468 3221 peccatrici,
1490 3147 1617 3223 quiesi
1643 3148 1766 3211 3113311

962 3255 1036 3301 eam
1071 3241 1161 3303 nolle
1195 3243 1336 3314 reverti,
1371 3243 1493 3305 clamat
1523 3247 1597 3321 post
1633 3248 1764 3323 tergum

962 3340 1046 3414 3133,
1069 3339 1156 3400 31331
1171 3339 1292 3415 legitur
1309 3340 1344 3400 in
1365 3341 1510 3402 canticis
1525 3343 1737 3405 canticorum
1753 3365 1762 3405 z

961 3437 1161 3507 1133331333,
1184 3437 1375 3509 revertere,
1401 3440 1605 3511 8333331113,
1635 3456 1761 3503 33333-

962 3534 1046 3605 tere,
1068 3534 1258 3604 reuertere,
1276 3535 1315 3594 31
1329 3535 1531 3596 intueamur
1546 3538 1578 3598 13
1591 3536 1698 3615 (Cant.
1715 3555 1761 3612 vr,

962 3629 1025 3710 12).
1047 3631 1229 3692 sunamitis
1253 3632 1493 3709 interpretatur
1515 3635 1657 3711 captiva.
1681 3638 1761 3698 Haec
1828 3672 1831 3677 -

960 3732 1011 3790 331
1032 3729 1143 3789 anima
1166 3745 1186 3789 a
1207 3726 1340 3790 diabolo
1366 3730 1532 3807 captivata
1548 3748 1607 3809 per
1623 3733 1704 3796 vitia
1728 3738 1762 3797 et

959 3829 1107 3904 peccata.
1130 3829 1254 3899 Quater
1273 3827 1353 3889 dicit
1371 3828 1541 3902 Dominus,
1566 3834 1757 3906 revertere,

108 3927 223 4002 331313
236 3926 360 3999 333313,
375 3928 461 3990 idest
475 3928 676 3991 misericors.
692 3930 794 4005 Virga
816 3930 904 3992 enim
959 3925 1036 4002 3313
1057 3925 1265 4003 quadruplici
1287 3927 1423 4003 peccato
1445 3944 1480 3988 33
1509 3928 1679 4007 elongavit
1701 3930 1761 3992 mi·
1881 4002 1888 4007 ,

107 4024 296 4102 disciplinae
322 4026 470 4103 corrigit,
498 4027 592 4102 virga
617 4028 771 4104 potentiae
797 4029 902 4106 punit,
958 4039 1033 4085 3333
1053 4040 1072 4084 3
1093 4026 1160 4085 Deo
1184 4045 1192 4084 :
1216 4025 1351 4100 peccato
1372 4025 1582 4101 cogitationis
1608 4028 1760 4090 311333·

106 4122 202 4199 virga
215 4124 365 4185 scientias
380 4124 499 4196 erudit,
508 4125 603 4201 virga
612 4126 769 4188 custodiae
784 4127 901 4199 munit,
957 4121 1074 4191 tionis,
1115 4124 1251 4199 peccato
1286 4123 1397 4199 operis
1430 4124 1463 4184 et
1496 4125 1755 4188 consuetudinis.

105 4220 202 4296 virga
225 4222 464 4283 misericordias
486 4222 602 4299 parcit.
626 4223 752 4285 01333
773 4225 900 4301 3331331
957 4221 1080 4291 Quater
1090 4219 1212 4281 dicitur
1228 4220 1261 4280 in
1276 4220 1412 4283 cantico
1426 4223 1607 4284 revertere
1622 4229 1757 4301 propter

106 4319 254 4395 0333333
280 4319 357 4380 dum
382 4320 511 4397 tempus
540 4320 654 4393 babes,
685 4321 762 4399 3313
789 4338 902 4384 ornnes
956 4316 1204 4394 quadruplicem
1229 4317 1430 4395 superbiam,
1448 4335 1509 4395 333
1527 4336 1626 4397 quam
1647 4337 1668 4381 a
1690 4325 1757 4384 Do-

105 4413 268 4477 stabimus
287 4418 364 4479 ante
384 4417 531 4479 tribunal
551 4418 685 4490 Christi,
707 4421 743 4480 ut
764 4418 904 4497 recipiat
956 4415 1046 4475 mino
1061 4415 1172 4475 anima
1187 4413 1362 4476 videbatur
1375 4416 1526 4479 adversa.

104 4513 336 4592 unusquisque
366 4514 547 4576 secundum
577 4531 630 4587 ea,
653 4531 727 4594 quae
757 4515 843 4579 dixit
869 4517 903 4580 et
995 4513 1052 4575 Est
1070 4512 1158 4574 enim
1177 4512 1332 4590 superbia
1351 4514 1461 4575 cordis
1478 4518 1511 4576 31
1532 4516 1600 4577 3313
1620 4518 1753 4592 31333-

103 4608 193 4671 13311.
221 4613 378 4688 0333333,
406 4612 483 4673 dum
504 4612 575 4674 dies
601 4613 662 4684 est,
688 4613 765 4691 3313
791 4614 902 4677 333131
952 4610 1002 4672 313
1025 4610 1215 4673 3113131133.
1233 4611 1395 4689 Superbia
1419 4612 1529 4674 cordis
1550 4616 1600 4674 est
1619 4615 1751 4691 quando
1831 4606 1833 4610 ’

104 4722 182 4779 nox,
212 4709 342 4785 quando
371 4724 468 4771 nemo
495 4710 618 4787 poterit
642 4710 785 4787 operari.
815 4713 903 4789 033-
954 4707 1053 4771 borno
1083 4708 1118 4770 in
1148 4709 1253 4771 oculis
1280 4710 1349 4770 suis
1378 4726 1518 4786 magnus
1544 4711 1604 4781 331,
1635 4715 1750 4774 333133

104 4820 192 4877 rare,
220 4804 299 4883 quia
324 4807 440 4870 beatus
463 4807 522 4870 ille
543 4823 672 4879 servus,
700 4824 797 4886 quem
825 4825 899 4870 cum
954 4823 1052 4884 quam
1063 4807 1196 4883 sapiens
1204 4808 1550 4869 orattiietodevzticvvc
1560 4813 1748 4883 3313133333,

101 4905 233 4964 3333111
251 4904 404 4966 dominus
426 4908 509 4982 ejus,
525 4905 674 4967 inveniet
691 4905 896 4982 vigilantem.
953 4919 996 4966 33
1016 4906 1152 4966 dederis
1179 4907 1264 4966 mitt
1279 4903 1392 4983 (Eccli.
1410 4919 1507 4976 xxm,
1527 4902 1573 4985 5).
1593 4908 1633 4967 Et
1647 4907 1728 4970 alibi
1739 4930 1749 4999 ,²

102 5000 901 5081 1113113333311333331133333113313311131-
958 5006 1015 5065 Vo’
1039 5005 1097 5077 331
1119 5002 1293 5075 sopientes
1323 5003 1407 5063 33113
1432 5006 1470 5063 13
1491 5006 1596 5065 333113
1621 5009 1751 5069 vestris

102 5100 250 5160 tudinem
265 5100 376 5177 operis
393 5121 401 5160 ε
418 5116 478 5178 333
496 5099 593 5161 iidem
614 5101 725 5162 cordis
740 5101 900 5163 adversus
954 5098 1656 5178 (13.3,21).83333113ο3133311133333331
1675 5120 1749 5181 333

103 5213 251 5259 errorem
266 5198 300 5260 et
319 5198 558 5275 ignorantiam
574 5198 899 5276 persollicitudinem
948 5197 1111 5274 jactantia
1126 5196 1257 5266 dicitur,
1274 5195 1405 5274 quando
1429 5197 1528 5260 homo
1553 5214 1619 5262 non
1641 5201 1748 5262 solum

102 5295 213 5371 operis
242 5298 356 5357 contra
380 5296 561 5373 torporem,
590 5298 623 5359 31
650 5297 897 5373 negligentiam,
953 5294 994 5356 de
1019 5310 1056 5356 33
1087 5310 1206 5370 magna
1232 5294 1348 5368 sentit,
1372 5295 1429 5356 sed
1456 5296 1556 5357 etiam
1589 5297 1746 5376 loquitur.

102 5392 179 5469 3313
202 5392 288 5454 31331
306 5392 388 5455 11311
401 5393 577 5471 Apostolus
593 5415 601 5453 ε
618 5397 827 5468 Impossibile
847 5396 900 5459 331
953 5392 1046 5454 Unde
1062 5392 1239 5454 Psalmista
1256 5409 1263 5453 :
1279 5394 1466 5468 1113333331
1477 5398 1647 5458 Dominus
1665 5401 1747 5459 331-

100 5492 176 5552 stne
200 5490 269 5564 1113
282 5495 422 5566 placere
442 5494 513 5553 Deo
539 5489 653 5571 (11313.
675 5507 724 5563 x1,
746 5490 792 5571 6),
820 5494 898 5571 3313
951 5505 1055 5553 verso
1075 5492 1165 5553 13113
1185 5494 1309 5562 doloso,
1339 5493 1373 5553 31
1397 5494 1553 5568 linguam
1578 5499 1748 5571 33333113-

94 5587 215 5660 ]33133
234 5601 282 5649 ccc
295 5590 363 5660 1133
378 5588 465 5649 31311
479 5586 594 5666 (Η313.
610 5602 655 5660 1v,
670 5587 738 5668 38).
950 5602 1055 5663 33333
1081 5585 1150 5660 (Ρ3.
1181 5588 1230 5659 11,
1262 5588 1306 5661 4).
1343 5588 1504 5666 Superbia
1538 5591 1649 5669 operis
1684 5594 1746 5663 est,

139 5683 285 5761 vigilate
298 5684 377 5762 quia
397 5684 571 5747 nescitis...
591 5684 717 5762 Vigilat
739 5686 898 5749 Dominus
951 5685 1084 5765 quando
1098 5685 1196 5749 bomo
1210 5684 1362 5767 33331333
1377 5686 1544 5765 superbia,
1561 5690 1747 5767 utmagnus

243 5828 357 5874 simon.
372 5828 447 5873 3333
457 5816 495 5874 11.
1518 5818 1574 5876 111
