3802 6166
122 313 182 375 333

393 308 509 369 XXIX.
525 337 568 354 -
580 306 625 397 IN
647 304 776 369 FESTO
799 307 1056 369 SANCTORUM
1076 305 1255 370 JOANNIS
1275 304 1329 367 ΕΤ
1349 302 1488 366 PAULI.

1704 298 1766 359 331

119 465 910 546 curnjadtcahttDerisocotatalromv'numtilom.
966 467 1077 529 amam
1091 466 1132 529 ab
1150 467 1273 540 hirqui
1286 463 1441 527 occidunt
1455 475 1580 537 corpus
1594 456 1686 540 (Luc.
1702 471 1764 530 xn,

120 584 156 641 n,
175 569 223 641 15,
245 565 309 646 16).
332 569 379 628 De
400 565 545 629 secundo
571 564 651 631 dicit
676 565 835 628 Dominus
854 579 913 643 per

119 666 252 728 Nahum
263 664 456 742 prophetam
470 663 589 725 animae
604 662 795 740 peccatrici:
809 666 914 725 Reve-

118 766 192 827 taho
203 765 365 838 pudendo
386 763 446 825 tuo
462 778 484 823 α
498 764 586 836 socie
601 762 672 835 tuo,
689 761 722 823 et
736 761 914 823 ostendam

117 862 277 938 paratibus
296 859 487 922 nuditatem
510 859 617 927 timon,
633 859 666 920 et
681 861 799 935 regnu
812 860 913 933 tono-

118 962 266 1021 mlntom
281 959 378 1019 tuom
392 956 539 1036 (Nahum
555 971 603 1030 111,
619 955 665 1034 5).
683 954 841 1018 Pudenda
862 955 915 1016 di-

119 1056 165 1118 cit
179 1056 325 1134 peccata,
334 1055 374 1117 de
384 1054 572 1132 quihuserit
582 1053 689 1132 pudor
698 1051 913 1121 contusionis,

118 1153 302 1215 nuditatem
312 1152 354 1213 ab
365 1150 520 1230 operibus
530 1151 638 1222 bonis,
651 1150 867 1227 ignominiam
880 1150 915 1211 in

119 1250 256 1327 flagitiis
270 1248 393 1311 multis.
410 1252 456 1311 De
472 1250 590 1327 quarto
601 1249 637 1309 in
650 1247 736 1310 libro
750 1251 768 1311 J
771 1248 811 1309 ob
824 1269 832 1308 :
849 1251 916 1311 Re-

117 1348 278 1410 cemanni
302 1350 389 1420 coett,
415 1346 512 1418 idest,
543 1345 668 1418 Sancti,
698 1345 916 1420 iniquitatem

118 1448 195 1517 ojus
206 1443 282 1524 (Joh
294 1461 352 1516 ιι,
363 1442 430 1523 27).
447 1446 486 1506 nt
496 1446 642 1507 loannes
654 1443 690 1505 in
699 1443 913 1521 Apocalypsi:

118 1545 215 1605 Libri
224 1542 338 1617 aperta
349 1542 431 1604 sulit
440 1542 625 1614 otjodtcott
635 1542 717 1603 suat
729 1541 860 1602 mortui
869 1555 915 1602 aa>

117 1643 172 1702 his
188 1655 266 1715 θῖιιθ
280 1640 412 1715 compta
433 1639 536 1701 elatrat
556 1641 703 1702 trilibris
718 1637 833 1716 (apoc.
855 1654 913 1710 ιι,

120 1736 184 1814 12).
201 1735 293 1798 Libri
307 1736 463 1799 dicuntur
472 1737 589 1809 sancti,
603 1736 766 1815 inquibus
779 1736 913 1819 scripta,

121 1833 217 1906 idest,
230 1834 406 1897 manifesta
419 1836 517 1897 erunt
528 1850 629 1912 opera
639 1832 738 1907 bona,
751 1836 783 1896 et
796 1833 915 1895 axillis

115 1931 356 2008 judicabuntur
384 1932 522 2004 mortui,
549 1932 627 2011 quia
652 1932 831 1994 noluerunt
859 1947 915 1993 eos

119 2028 257 2091 imitari.
272 2032 441 2097 Quoniam
451 2045 528 2104 qam
544 2029 745 2091 intenebris
761 2030 914 2100 dtnbtz‘s,

119 2128 473 2190 flammicomantum.
486 2129 564 2199 Quae
580 2126 712 2189 dixistis
724 2125 915 2189 intenebris

118 2224 330 2303 ignorantiae,
355 2224 456 2296 idest,
477 2239 518 2286 oa
536 2240 610 2302 quae
635 2224 751 2286 dixisti
774 2224 914 2295 occulte,

119 2321 272 2385 dicentur
294 2322 331 2382 in
356 2321 493 2394 lumine,
515 2320 610 2393 idest,
637 2320 822 2384 manifeste.
846 2322 916 2382 Hoc

118 2421 171 2481 est
189 2440 198 2479 :
219 2419 256 2481 in
275 2418 329 2480 die
344 2418 464 2496 judicii
488 2418 665 2481 manifesta
686 2419 785 2479 erunt
805 2417 916 2480 omnia

118 2514 221 2578 verba
244 2516 367 2589 vestra,
388 2519 424 2579 ut
437 2515 584 2579 reddatis
600 2515 765 2578 rationem
779 2531 839 2593 pro
854 2515 914 2576 eis.

118 2613 179 2677 Vel
194 2613 243 2675 ita
258 2629 266 2669 ε
287 2629 362 2691 quae
375 2611 509 2675 dixistis
523 2612 558 2673 in
572 2613 719 2675 tenebris
735 2612 917 2689 allegoria-

121 2709 915 2788 rum,dicenturinlumineexpositionum,idest,

120 2809 177 2872 illa
193 2825 268 2886 quae
282 2808 416 2870 dixistis
430 2809 466 2868 in
482 2807 653 2883 allegoriis
669 2809 702 2869 θῖ
720 2807 839 2884 liguris
851 2823 915 2868 θι-

120 2907 287 2985 ponentur
303 2904 478 2967 manifeste
492 2920 512 2966 a
528 2903 717 2967 doctoribus
736 2905 772 2966 in
791 2905 916 2967 lumine

119 3004 281 3076 veritatis,
296 3004 329 3065 et
343 3003 429 3080 quod
444 3003 479 3063 in
494 3017 576 3064 aure
590 3002 693 3064 locuti
710 3001 791 3065 estis
805 3002 841 3063 in
852 3018 915 3064 cu-

119 3100 255 3175 bilibus,
275 3101 371 3173 idest,
394 3099 481 3176 quod
501 3100 675 3175 cogitastis
693 3099 727 3161 in
748 3098 916 3171 cordibus,

120 3197 356 3277 praedioabitur
383 3197 419 3258 in
443 3198 552 3269 tectis,
580 3196 675 3269 idest,
704 3196 916 3269 manifestum

121 3297 183 3359 erit
199 3296 235 3375 in
250 3295 304 3357 die
319 3294 458 3373 judicii,
478 3295 556 3371 quia
577 3310 638 3372 pro
660 3293 917 3371 cogitationibus

120 3393 295 3455 reddemus
317 3391 418 3455 otiam
445 3392 620 3453 rationem.
639 3389 732 3452 Unde
758 3390 918 3453 Dominus

121 3506 178 3569 per
197 3490 319 3553 isaiam
340 3511 348 3550 ε
366 3491 478 3565 opero
502 3503 624 3551 eoram
643 3488 676 3550 et
695 3488 918 3564 cogitationes

121 3603 241 3653 corum
256 3591 357 3649 oerrto
378 3588 416 3649 ut
437 3600 642 3663 congregem
657 3583 717 3664 (Is.
737 3600 830 3657 nxvr,
852 3583 918 3663 18).

158 3685 319 3747 Dominus
345 3682 560 3769 congregabit
588 3696 689 3759 opera
720 3682 851 3754 nostra,
885 3681 920 3745 θῖ

120 3782 337 3861 cogitationes
350 3781 428 3859 quia
445 3780 621 3843 manifesta
636 3779 737 3842 faciet
749 3796 822 3858 quae
842 3778 919 3840 feci·

120 3897 192 3943 mus
206 3879 261 3943 vel
283 3879 512 3955 cogitavimus.
532 3878 595 3940 Sed
620 3878 649 3938 si
664 3877 840 3954 diligenter
859 3876 919 3939 ad-

119 3978 290 4050 vertimus,
308 3976 432 4054 triplici
456 3975 663 4037 incommodo
683 3974 919 4037 miserabiliter

120 4076 321 4139 laboramus.
340 4075 424 4135 Nam
439 4072 555 4135 faciles
570 4089 684 4133 sumus
700 4072 741 4134 ad
757 4072 920 4134 seducen-

121 4174 209 4245 dum,
226 4171 355 4233 debiles
365 4170 407 4233 ad
429 4170 644 4248 operandum,
660 4173 694 4232 et
715 4169 852 4246 fragiles
877 4170 918 4231 ad

120 4270 351 4355 resistendum.
377 4268 412 4331 Si
435 4268 625 4331 discernere
657 4268 810 4330 volumus
832 4268 920 4329 inter

119 4368 243 4431 bonum
267 4368 301 4429 θῖ
320 4365 454 4438 malum,
481 4366 683 4444 decipimur;
706 4366 736 4426 si
753 4366 919 4428 tentamus

119 4464 231 4531 facere
243 4464 377 4536 bonum,
393 4462 582 4538 deficimus3
598 4462 628 4524 si
643 4478 803 4524 conamur
813 4461 920 4523 desis-

119 4566 218 4629 terea
231 4561 330 4634 malo,
341 4561 527 4640 dejicimur,
541 4561 573 4623 et
583 4561 837 4640 supereffluant
845 4558 919 4621 ideo

118 4659 181 4724 Job
193 4660 242 4722 ait
258 4681 266 4720 ε
280 4659 411 4723 Beatus
424 4663 523 4721 honoo
544 4660 603 4733 put
622 4671 760 4731 semper
779 4657 830 4719 est
847 4671 919 4731 pa-

119 4761 219 4821 vidus
235 4754 348 4838 (Prov.
376 4770 497 4827 xxvm,
515 4754 581 4834 14),
602 4754 643 4815 de
661 4770 697 4816 se
714 4754 787 4832 ipso
803 4754 921 4832 despe-

120 4872 219 4927 rans,
256 4853 484 4919 infirmitatem
515 4852 685 4930 propriam
715 4853 917 4929 recogitans.

119 4955 206 5019 Nam
221 4952 251 5013 si
266 4951 397 5030 quidem
412 4950 477 5027 ipsi
492 4949 669 5022 confidere,
692 4966 760 5012 non
772 4950 850 5011 fidei
863 4949 920 5011 sed

119 5050 268 5130 perfidiae
291 5049 353 5121 θεῖ,
373 5064 439 5110 non
460 5047 668 5109 confidentiae
687 5047 746 5109 sed
768 5046 921 5109 diffiden-

120 5151 177 5213 aa
186 5151 237 5211 θεῖ
246 5147 354 5224 magis
370 5147 404 5207 in
417 5145 594 5225 semetipso
606 5144 731 5207 habere
750 5145 918 5208 fiduciam.

120 5249 152 5310 ls
166 5262 245 5309 vere
260 5245 369 5306 ildelis
382 5244 443 5317 est,
460 5242 602 5306 mundus
616 5258 637 5304 a
652 5243 761 5316 corde,
779 5243 836 5321 qui
855 5259 921 5306 non

120 5344 227 5409 credit
240 5342 316 5415 sibi,
328 5357 390 5403 nec
402 5342 438 5403 in
448 5357 485 5403 se
500 5341 623 5420 sperat,
636 5340 743 5402 factus
757 5341 822 5403 sibi
836 5344 923 5403 tam-

120 5460 218 5522 quam
240 5456 300 5504 vas
323 5439 501 5517 perditum,
532 5438 581 5500 sic
605 5438 748 5515 perdens
776 5439 922 5501 animam

121 5557 216 5603 snam
234 5537 321 5601 utin
343 5538 445 5601 vitam
460 5536 619 5599 aeternam
646 5536 810 5600 custodiat
824 5552 898 5599 eam
914 5559 921 5599 :

120 5642 204 5703 Dtco
218 5638 339 5700 autom
362 5638 455 5699 vobis
477 5636 600 5697 amicta
620 5637 718 5707 rivola
742 5649 785 5699 nc
805 5635 923 5699 terre-

1007 660 1127 723 Tribus
1157 660 1198 722 de
1231 659 1342 722 causis
1369 675 1436 721 non
1466 657 1623 731 debemus
1647 653 1765 717 timere

968 760 1106 823 mortem
1121 758 1282 835 corporis,
1300 756 1465 829 videlicet,
1481 770 1540 833 pro
1559 753 1672 814 labore
1688 753 1764 824 viae,

968 872 1028 933 pro
1042 855 1238 933 gravamine
1258 855 1411 927 sarcinae,
1428 869 1487 932 pro
1507 852 1585 914 vitoe
1605 850 1768 911 amaritu-

968 953 1056 1015 dine.
1066 956 1130 1016 Pro
1145 953 1259 1015 labore
1268 954 1343 1027 viae,
1360 953 1439 1030 quia
1452 951 1520 1013 vita
1532 950 1597 1011 ista
1609 949 1660 1019 est
1671 945 1768 1025 qnasi

970 1051 1027 1112 via
1048 1051 1082 1113 in
1107 1067 1303 1130 quesumus
1325 1048 1505 1128 peregrini,
1528 1047 1562 1109 et
1582 1048 1669 1109 sicut
1688 1044 1769 1106 dicit
1834 1126 1840 1131 -

969 1147 1084 1211 beatus
1099 1149 1323 1227 Augustinus:
1338 1149 1470 1209 «Nemo
1482 1147 1589 1224 potest
1598 1144 1654 1205 hic
1666 1144 1766 1213 stare,

970 1247 1027 1308 sed
1048 1262 1163 1309 omnes
1177 1247 1328 1323 cogimur
1340 1245 1496 1317 transire.
1514 1244 1550 1307 Si
1564 1242 1675 1305 autem
1692 1243 1769 1303 ante

970 1360 1030 1406 nos
1064 1344 1190 1422 aliquid
1229 1343 1446 1415 mitteremus,
1484 1356 1692 1420 nequaquam
1727 1337 1770 1399 ad

970 1443 1069 1504 inane
1083 1440 1264 1519 hospitium
1278 1441 1480 1503 veniremus.
1497 1456 1516 1500 v
1539 1439 1574 1501 Si
1588 1453 1648 1499 nos
1664 1438 1771 1499 mitte·

971 1555 1042 1601 mus
1068 1538 1193 1617 aliquid
1208 1539 1286 1600 ante
1305 1555 1376 1610 nos,
1400 1538 1497 1610 idest,
1514 1536 1544 1597 si
1564 1536 1770 1597 mitteremus

970 1637 1082 1714 aliqua
1098 1635 1186 1698 bona
1198 1651 1298 1712 opera
1311 1635 1354 1697 ad
1366 1637 1481 1707 Deum,
1499 1649 1565 1695 non
1580 1633 1770 1697 veniremus
1881 1684 1884 1689 .

970 1734 1011 1796 ad
1030 1734 1128 1795 inane
1143 1733 1336 1811 hospitium,
1357 1733 1453 1802 idest,
1476 1747 1543 1794 non
1567 1747 1715 1793 essemus
1735 1731 1769 1794 in

970 1833 1066 1909 domo
1081 1848 1187 1894 vacua
1200 1832 1428 1910 postmortem
1447 1830 1606 1902 nostram,
1622 1829 1707 1891 sicut
1720 1829 1772 1893 fa-

971 1930 1063 1992 ciunt
1074 1930 1125 1993 illi
1137 1929 1194 2007 qui
1209 1930 1399 2007 praeparant
1416 1928 1480 1989 sibi
1497 1927 1641 2005 hospitia
1656 1927 1691 1987 in
1713 1926 1771 1989 iti-

970 2044 1061 2100 nere,
1077 2028 1124 2089 ita
1134 2027 1291 2089 debemus
1306 2043 1367 2089 nos
1382 2026 1503 2088 facere.
1519 2026 1582 2099 Qui
1601 2042 1715 2088 sumus
1732 2026 1767 2086 in

970 2125 1070 2203 hujus
1081 2126 1160 2188 vitae
1173 2125 1296 2197 labore,
1306 2124 1463 2187 debemus
1472 2139 1662 2201 praeparare
1672 2121 1768 2184 nobis

971 2223 1177 2284 mansionem
1191 2223 1227 2283 in
1238 2222 1342 2284 coelis
1354 2223 1417 2289 Sed
1431 2221 1545 2285 miseri
1556 2237 1681 2290 sumus,
1692 2220 1772 2297 quia

970 2319 1142 2383 deficimus
1156 2321 1192 2381 in
1211 2320 1312 2396 hujus
1324 2320 1402 2381 vitae
1421 2318 1547 2391 labore,
1564 2320 1596 2381 et
1616 2318 1771 2379 nolumus

971 2417 1012 2479 ad
1023 2417 1171 2495 requiem
1186 2416 1371 2494 pervenire,
1386 2416 1464 2495 quia
1477 2416 1714 2478 contristamur
1728 2414 1771 2477 de

971 2517 1087 2587 morte,
1109 2531 1183 2576 cum
1198 2513 1354 2576 debemus
1368 2514 1525 2592 gaudere.
1543 2514 1636 2576 Unde
1653 2511 1771 2575 beatus

971 2612 1171 2689 Gregorius:
1185 2612 1319 2684 «Quale
1343 2612 1398 2684 sit,
1414 2611 1545 2683 fratres,
1563 2610 1768 2688 perpendite,

970 2709 1006 2770 in
1029 2708 1143 2771 labore
1164 2709 1228 2783 viae
1249 2709 1443 2779 lassescere,
1461 2711 1495 2770 et
1513 2708 1663 2770 eamdem
1682 2708 1772 2769 viam

971 2807 1059 2869 nolle
1076 2806 1184 2873 noire.
1201 2808 1315 2868 »Cum
1338 2810 1449 2869 autem
1473 2805 1560 2869 siout
1582 2806 1663 2867 dicit
1687 2804 1769 2869 Job:
1860 2830 1866 2835 ·

970 2904 1068 2967 homo
1082 2904 1124 2986 ad
1144 2903 1291 2967 laborem
1303 2905 1471 2976 nascatur,
1489 2906 1610 2980 etpost
1631 2904 1771 2965 mortem

971 3001 1058 3065 sicut
1070 3002 1150 3065 dicit
1161 3001 1390 3079 Apocalypsis,
1405 3001 1595 3079 requiescat
1611 3017 1631 3062 a
1646 3000 1772 3063 labori-

971 3098 1032 3161 bus
1056 3099 1137 3172 suis,
1154 3115 1274 3177 magna
1290 3099 1424 3167 miseria
1447 3102 1498 3161 est
1511 3100 1614 3172 illins,
1631 3099 1687 3177 qui
1704 3115 1770 3160 non

971 3197 1043 3259 vult
1058 3196 1205 3259 laborem
1221 3197 1319 3276 hujus
1334 3198 1411 3261 vitas
1424 3197 1526 3269 finiri,
1543 3198 1625 3259 etin
1644 3197 1770 3259 aeterna

971 3296 1086 3374 requie
1098 3296 1247 3371 gloriari.
1270 3295 1363 3358 Unde
1377 3295 1508 3372 quando
1524 3294 1645 3372 aliquis
1661 3293 1769 3356 mori·

971 3396 1037 3465 tur,
1053 3408 1119 3454 non
1140 3393 1247 3468 magis
1271 3392 1427 3455 debemus
1448 3392 1655 3464 contristari,
1672 3407 1771 3468 qnam

973 3490 1002 3550 si
1017 3489 1057 3551 de
1072 3488 1187 3551 labore
1194 3489 1235 3550 ad
1244 3489 1391 3566 requiem
1401 3489 1632 3552 transferatur.
1650 3490 1772 3565 Magna

973 3587 1062 3649 enim
1085 3585 1226 3648 stultitia
1248 3586 1346 3658 esset,
1367 3585 1485 3664 siquis
1508 3586 1603 3648 fleret
1618 3585 1703 3662 quod
1719 3584 1774 3647 die

974 3684 1103 3746 Pascha
1117 3683 1216 3747 bomo
1229 3699 1295 3745 non
1306 3682 1483 3746 laboraret.
1496 3685 1577 3745 Cum
1591 3684 1774 3763 animaba-

972 3781 1049 3845 beat
1062 3796 1158 3843 suum
1173 3780 1303 3843 Pascha
1328 3781 1361 3845 θῖ
1386 3781 1546 3844 aternam
1567 3781 1717 3860 requiem
1738 3781 1773 3843 in

973 3875 1175 3945 coelestibus,
1184 3893 1245 3938 nos
1255 3876 1412 3938 debemus
1422 3877 1625 3951 contristari,
1640 3877 1773 3955 quando
1893 3950 1900 3963 .

973 3991 1035 4038 nos
1049 3975 1211 4036 morimur
1224 3975 1277 4036 vel
1292 3978 1405 4037 noster
1420 3975 1635 4054 propinquus.

1014 4076 1079 4135 Pro
1090 4073 1284 4149 gravamine
1293 4073 1453 4149 sarcina,
1467 4073 1544 4151 qnia
1555 4089 1675 4151 corpus
1690 4088 1775 4137 mor·

973 4171 1040 4233 tale
1065 4171 1117 4234 est
1137 4171 1270 4232 sarcina
1293 4171 1424 4233 animae.
1441 4172 1526 4233 Nam
1541 4172 1664 4245 anima,
1689 4173 1775 4234 sicut

974 4269 1060 4341 avis,
1072 4269 1184 4346 posset
1196 4268 1384 4330 discurrere
1396 4269 1429 4330 et
1437 4269 1548 4330 omnia
1556 4270 1776 4347 comprehen-

974 4366 1064 4438 dere,
1081 4366 1145 4426 nisi
1161 4367 1250 4428 esset
1264 4367 1402 4428 onerata
1417 4367 1670 4429 mortalionero.
1682 4366 1774 4429 Unde

974 4463 1133 4525 Dominus
1148 4462 1184 4523 in
1200 4463 1380 4539 Evangelio
1398 4484 1406 4524 ε
1428 4464 1545 4527 Venite
1565 4468 1610 4526 ad
1628 4478 1683 4525 nte
1700 4478 1775 4525 onr-

974 4576 1036 4625 nos
1058 4563 1117 4637 out
1142 4561 1306 4625 taboratis
1325 4560 1360 4622 et
1380 4564 1517 4624 onerati
1543 4563 1636 4633 estis,
1660 4562 1693 4622 et
1713 4576 1774 4638 eoo

974 4674 1035 4721 oos
1048 4660 1206 4731 relictam
1222 4657 1350 4729 (Matth.
1366 4675 1413 4730 ιι,
1430 4659 1495 4738 28).
1512 4662 1583 4720 Duo
1593 4658 1680 4719 mala
1691 4657 1776 4719 dixit

975 4772 1048 4818 esse
1063 4756 1098 4817 in
1112 4757 1181 4818 vita
1195 4756 1271 4828 ista,
1288 4756 1454 4827 videlicet,
1473 4755 1620 4817 laborem
1635 4756 1668 4816 et
1677 4770 1772 4827 onus,

976 4854 1122 4916 laborem
1143 4854 1179 4914 in
1205 4853 1377 4931 operibus,
1404 4868 1487 4915 onus
1513 4853 1550 4914 in
1580 4852 1774 4930 gravamine

975 4951 1135 5028 corporis.
1166 4952 1247 5011 Cum
1273 4965 1353 5026 ergo
1375 4949 1498 5028 aliquis
1528 4951 1679 5023 moritur,
1708 4967 1776 5013 non

976 5049 1081 5125 magis
1097 5046 1194 5111 debet
1208 5046 1321 5110 dolere
1336 5062 1435 5125 quam
1456 5047 1484 5108 si
1500 5046 1660 5126 abiiceret
1671 5049 1778 5109 sarci-

976 5163 1064 5219 nam,
1077 5145 1137 5207 sub
1153 5160 1217 5225 qua
1232 5146 1439 5224 promeretur
1451 5146 1484 5207 et
1499 5162 1567 5208 non
1581 5147 1692 5222 posset
1704 5161 1778 5225 por·

975 5246 1058 5306 tare.
1075 5245 1161 5307 Nam
1184 5244 1271 5306 sicut
1297 5243 1378 5305 dicit
1398 5243 1602 5320 Augustinus
1617 5265 1624 5304 ι
1637 5262 1655 5303 s
1670 5244 1776 5306 Nemo

977 5346 1028 5405 est
1042 5345 1136 5420 cujus
1159 5343 1308 5405 animam
1335 5341 1549 5419 corruptibile
1572 5358 1693 5419 corpus
1708 5358 1775 5404 non

978 5441 1146 5516 aggravet.
1163 5457 1183 5501 θ

1020 5540 1084 5600 Pro
1112 5537 1216 5615 hujus
1241 5536 1319 5599 vitae
1343 5536 1577 5609 amaritudine,
1602 5537 1680 5615 quia
1704 5535 1778 5599 baec

978 5634 1046 5699 vita
1061 5633 1340 5698 amaritudinibus
1359 5635 1392 5697 et
1415 5633 1584 5696 doloribus
1601 5634 1700 5711 plena
1715 5636 1775 5697 est.
