3794 6166
117 212 200 317 m,

117 418 233 479 torum
246 434 311 496 per
323 418 564 483 contumaciam
579 419 724 479 restrum
739 416 920 495 capitulum

117 512 339 593 frequentare
370 516 537 587 desierint,
565 514 665 576 liceat
686 514 796 577 abbati
823 518 919 577 Prae-

119 614 360 675 menstratensi
370 614 509 673 consilio
519 613 571 672 sui
583 613 732 689 capituli,
747 629 804 674 eos
815 629 920 690 usque

120 710 163 771 ad
204 711 403 785 condignam
442 710 719 783 satisfactionem,
756 712 919 773 sententia

119 808 304 884 percellere
340 808 498 883 regulari,
535 811 567 870 et
592 809 788 870 senteutiam
821 825 919 886 quam

120 905 280 983 praefatus
301 907 630 967 praemonstratensis
649 906 763 978 abbas,
785 906 918 979 sivein

118 1003 271 1079 generali
306 1004 463 1081 capitula,
499 1005 571 1065 sire
605 1009 700 1066 extra
724 1005 916 1081 capitulum,

119 1101 261 1161 consilio
277 1101 484 1173 coabbatum,
503 1102 538 1162 in
551 1103 707 1179 praelatos
723 1105 755 1165 et
770 1102 919 1163 subditos

119 1198 225 1260 totius
241 1199 370 1260 ordinis
390 1200 493 1261 rostri
508 1202 667 1262 canonice
688 1201 812 1272 tulerit,
835 1199 918 1260 nulli

120 1296 451 1385 archiepiscoporum
480 1313 541 1360 seu
578 1298 820 1375 cpiscoporum,
852 1298 918 1359 nisi

120 1392 209 1457 forte
225 1395 267 1456 de
289 1395 445 1458 mandato
461 1397 603 1458 Romani
619 1396 802 1469 pontificis,
819 1396 919 1458 liceat

119 1492 290 1555 relaxare.

163 1591 200 1651 ln
216 1590 365 1665 generali
386 1591 489 1667 igitur
506 1590 619 1653 vestro
637 1590 783 1667 capitulo
800 1591 920 1667 praesi-

122 1686 222 1750 dente
245 1688 364 1750 abbate
384 1689 695 1750 praemonstratensi
724 1688 918 1765 caeterisque

123 1785 382 1857 considentibus,
397 1786 476 1847 etin
490 1787 608 1863 spiritu
624 1786 682 1847 Dei
704 1785 917 1863 cooperanti·

121 1880 197 1955 buS,
212 1882 253 1945 de
263 1884 306 1944 iis
320 1900 391 1962 qarae
402 1884 443 1944 ad
456 1884 708 1945 aedificationem
719 1883 916 1954 animarum,

122 1980 164 2041 ad
180 1981 433 2043 instructionem
447 1983 632 2053 mammet
648 1981 689 2042 ad
705 1980 917 2043 informatio-

121 2094 198 2139 nem
211 2079 381 2150 virtutum,
399 2082 497 2156 atque
516 2080 756 2140 incrementum
778 2079 916 2155 regala·

121 2176 169 2237 ris
197 2175 382 2253 discipline
413 2176 618 2252 spectabunt,
640 2192 748 2237 sermo
776 2176 918 2253 diligens

121 2272 295 2335 habeatur.
306 2277 409 2335 porro
420 2274 461 2335 de
472 2274 625 2335 omnibus
636 2273 873 2352 qrraestionibus
886 2277 919 2335 ct

121 2372 266 2449 querelis
285 2372 353 2432 tam
373 2372 602 2449 spiritualibus
626 2388 724 2450 quiam
745 2374 916 2449 tempora-

122 2468 223 2541 libus,
240 2485 313 2547 quae
332 2470 367 2530 in
387 2470 460 2546 ipso
480 2470 625 2547 capitulo
647 2470 823 2547 propositae
845 2470 919 2531 fue-

120 2567 199 2640 rint,
222 2568 304 2629 illud
319 2570 472 2630 teneatur
490 2566 766 2643 irrefragabiliter
786 2567 819 2628 et
840 2583 917 2628 ser-

120 2668 228 2737 retur,
253 2665 338 2744 quod
364 2665 466 2727 abbas
488 2665 818 2726 praemonstratensis
842 2680 917 2725 cum

121 2762 175 2836 iis,
204 2766 260 2841 qui
284 2763 428 2824 sanioris
456 2762 587 2823 consilii
613 2764 646 2822 et
674 2762 780 2836 magis
805 2761 916 2822 idonei

119 2862 346 2939 apparuerint,
354 2861 443 2935 juste
455 2858 637 2935 acproride
645 2857 819 2933 judicabit.
831 2861 917 2920 Sane

121 2960 150 3019 si
175 2958 278 3019 abbas
294 2957 414 3032 aliquis
430 2956 535 3017 vestri
557 2955 684 3016 ordinis
706 2954 840 3016 infamis
863 2958 916 3019 vel

121 3055 261 3125 inutilis,
272 3056 331 3114 aut
345 3053 471 3114 ordinis
486 3054 538 3114 sui
553 3054 790 3131 praevaricator
803 3053 917 3118 inven-

120 3152 176 3211 tus
191 3151 303 3219 fuerit,
324 3151 357 3212 et
371 3151 464 3227 prius
487 3168 546 3229 per
557 3154 683 3229 patrem
699 3169 795 3214 suum
815 3138 919 3215 abba-

121 3250 200 3319 tem,
218 3250 275 3311 aut
290 3265 349 3326 per
363 3249 503 3309 nuncios
518 3254 590 3327 ejus
604 3251 803 3323 admonitus,
821 3268 916 3313 suum

120 3348 288 3423 corrigere
311 3349 343 3407 et
357 3347 533 3408 emendare
549 3349 704 3409 delictum
720 3350 915 3425 neglexerit,

121 3445 178 3505 aut
190 3446 318 3517 cedere,
335 3444 363 3504 si
379 3446 580 3506 amovendus
597 3448 705 3517 fuerit,
725 3450 841 3524 sponte
856 3465 918 3509 no-

120 3541 232 3615 lucrit,
257 3544 453 3604 auctoritate
475 3545 641 3619 generatis
659 3546 796 3621 capituli
816 3546 918 3622 depo-

119 3640 238 3716 natur;
260 3644 293 3701 et
313 3641 493 3717 depositae,
515 3644 587 3702 sine
611 3643 774 3703 dilatione
792 3643 831 3703 ad
857 3644 918 3704 do-

120 3754 209 3798 mum
234 3739 322 3799 unde
348 3739 462 3809 exivit,
487 3756 546 3799 seu
569 3740 610 3799 ad
637 3740 739 3800 aliam
769 3742 916 3818 ejusdem

119 3835 247 3897 ordinis
266 3853 364 3913 quam
380 3836 528 3911 elegerit,
554 3838 625 3898 sine
639 3838 706 3898 ulla
729 3839 917 3901 conditione

118 3932 311 4010 temporalis
340 3934 512 4003 commodi,
544 3938 746 4008 revertatur,
776 3936 810 3996 in
833 3936 915 3998 obe-

119 4029 245 4093 dientia
267 4031 406 4103 abbatis,
431 4032 516 4093 sicut
536 4033 649 4093 caeteri
672 4033 790 4094 fratres
810 4034 916 4110 ipsius

118 4125 916 4211 domus,tirmiterpermansurus.idipsumetiam

117 4225 185 4287 alio
196 4229 355 4304 tempore,
368 4228 396 4287 si
412 4244 547 4288 necesse
560 4227 672 4300 fuerit,
688 4229 719 4289 et
734 4230 915 4305 capitulum

117 4322 191 4386 sine
205 4327 374 4398 scandale,
391 4326 443 4387 vel
457 4326 604 4402 periculo
619 4327 789 4403 expectari
804 4328 916 4404 nequi·

117 4423 213 4495 verit,
240 4442 297 4502 per
323 4424 474 4486 abbatem
499 4427 860 4496 praemonstratensem,
882 4430 915 4487 cl

115 4521 244 4597 patrem
261 4522 411 4584 abbatem
432 4524 463 4583 et
482 4523 566 4582 alios
586 4522 731 4595 abbates,
758 4539 839 4600 quos
856 4541 915 4583 vo-

116 4620 243 4681 caverit
259 4622 331 4681 fleri
347 4619 470 4682 licebit.
488 4620 577 4691 Quod
594 4621 622 4681 si
638 4621 806 4697 depositus
828 4621 862 4681 in
879 4639 914 4683 se

115 4716 202 4779 «latae
219 4719 393 4781 sententiae
407 4719 648 4780 contumaciter
661 4719 827 4780 contraire
847 4721 914 4780 ten·

115 4816 248 4888 laverit,
281 4819 348 4878 tam
374 4819 445 4894 ipse
474 4834 572 4894 quam
601 4816 803 4894 principales
828 4820 911 4894 ejas,

116 4912 172 4993 qrti
196 4915 237 4975 cle
255 4914 372 4975 ordine
388 4920 498 4975 restro
517 4916 640 4976 fuerint
655 4915 689 4974 in
705 4916 912 4975 contumacia

116 5028 175 5073 sua
191 5012 348 5082 saltatores,
366 5012 406 5070 ab
420 5012 537 5073 abbate
557 5012 865 5073 praemonstratensi
882 5013 914 5073 et

116 5110 247 5175 asteris
272 5108 464 5180 ulabatibuS,
502 5126 641 5171 censura
673 5109 910 5182 ecclesiastica,

121 5208 455 5275 exsecutoriarum,
473 5210 660 5268 arceantur.

158 5308 282 5371 l'srrrm
302 5323 376 5369 curu
402 5303 514 5380 aliqua
540 5306 756 5365 ecclesiarum
779 5306 911 5365 uestra-

127 5408 325 5471 rumabbate
337 5402 467 5485 prolum
482 5399 581 5461 fuerit
591 5402 757 5471 ‹testituta
771 5402 823 5461 vel
838 5418 912 5461 cum

133 5508 178 5571 lbi
202 5506 325 5569 abbatis
350 5500 465 5567 electio
490 5500 688 5574 regulariter
717 5515 782 5559 non
812 5498 912 5562 fuerit

140 5604 307 5681 salebram
328 5602 387 5671 sub
404 5597 505 5685 patris
528 5594 656 5657 abbatis
685 5597 845 5673 potestate
872 5612 912 5663 ac

742 257 918 319 HONORII
942 258 986 319 111
1007 258 1158 319 OPERA.

974 417 1226 494 dispensatione
1257 416 1433 499 consistat,
1461 418 1500 481 et
1526 420 1606 481 oum
1632 418 1775 497 eiusdem

974 514 1115 577 consilio
1139 514 1196 592 qui
1224 513 1398 591 eligendus
1419 514 1527 579 fuerit
1550 531 1574 577 a
1596 518 1774 593 canonicis,

974 612 1127 687 eligatur.
1144 613 1256 674 Electo
1270 616 1381 675 autem
1393 612 1520 675 batres
1538 615 1695 677 ecclesiae
1708 618 1773 677 sta·

974 711 1032 771 tim
1048 709 1271 773 obedientiam
1291 712 1576 790 promittentem
1600 728 1668 774 non
1687 715 1773 790 quasi

974 807 1145 869 absolutus
1160 824 1180 869 a
1196 810 1358 886 potestate
1373 810 1480 887 patris
1495 809 1634 871 abbatis
1653 812 1707 872 vel
1720 827 1772 873 or-

973 906 1062 967 dinis
1087 907 1151 974 sui,
1178 906 1442 984 archiepiscopo,
1465 908 1522 969 vel
1545 908 1719 986 episcopo,
1744 910 1773 971 in

974 1008 1069 1081 cujus
1088 1004 1224 1065 dioecesi
1247 1004 1346 1067 fuerit
1371 1008 1614 1082 praesentetur,
1637 1007 1774 1084 plenitu-

974 1102 1084 1162 dinem
1104 1101 1147 1162 ab
1169 1118 1209 1163 eo
1233 1102 1333 1164 officii
1349 1106 1585 1181 percepturus,
1605 1104 1654 1166 ita
1668 1108 1771 1168 tamen

974 1199 1059 1276 quod
1083 1202 1156 1276 post
1181 1200 1300 1261 factam
1322 1200 1581 1279 archiepiscopo
1610 1202 1667 1264 vel
1692 1204 1774 1280 cpis-

974 1313 1055 1373 copo
1070 1312 1133 1358 suo
1153 1296 1405 1375 professionem,
1431 1299 1618 1361 occasione
1631 1300 1691 1362 illa
1714 1317 1773 1363 non

972 1394 1239 1470 transgrediatur
1268 1394 1524 1457 constitutiones
1552 1397 1689 1459 ordinis
1714 1398 1773 1470 sui,

974 1507 1034 1551 nec
1050 1490 1084 1551 in
1104 1491 1216 1569 aliquo
1231 1493 1303 1569 ajars
1325 1492 1569 1569 prevaricator
1586 1495 1724 1557 existat.
1743 1497 1773 1557 Si

973 1588 1047 1666 quis
1061 1589 1162 1651 etiam
1176 1605 1220 1650 ex
1234 1589 1330 1651 vebis
1343 1591 1507 1653 canonice
1522 1591 1655 1654 electus
1669 1593 1705 1653 iu
1721 1593 1775 1654 ab·

972 1686 1095 1758 batem,
1104 1686 1293 1748 dioecesano
1305 1687 1473 1764 episcopo,
1486 1689 1594 1751 semel
1608 1691 1642 1752 et
1657 1691 1773 1752 iterum

973 1800 1032 1861 per
1049 1784 1186 1846 abbates
1202 1785 1304 1847 uestri
1328 1786 1457 1848 ordinis
1472 1789 1703 1863 praesentatus
1721 1788 1774 1851 be·

973 1882 1194 1943 nedictionem
1218 1882 1260 1943 ab
1276 1899 1316 1945 eo
1340 1899 1406 1945 non
1428 1885 1579 1961 potuerit
1605 1885 1772 1950 obtinere:

974 1996 1015 2041 ne
1030 1980 1182 2053 ecclesia,
1206 1980 1246 2041 ad
1266 1997 1365 2058 qrrarn
1381 1982 1520 2043 vocatus
1539 1983 1604 2056 est,
1622 1983 1773 2047 destituta

973 2078 1112 2139 consilio
1135 2079 1353 2155 periclitetur,
1370 2078 1481 2141 officio
1496 2081 1532 2141 et
1550 2080 1628 2142 loco
1650 2081 1774 2143 abbatis

973 2176 1121 2253 plenarie
1134 2176 1315 2237 secundum
1330 2176 1481 2239 ordinem
1497 2176 1662 2255 fungatur
1678 2180 1770 2251 inea,

972 2276 1038 2334 tam
1050 2274 1085 2334 in
1094 2274 1315 2336 exterioribus
1324 2274 1553 2352 providendis,
1569 2278 1774 2353 quaminin-

971 2371 1771 2448 terioribuscorrigendis;deuecautinterventu

972 2468 1138 2545 generalis
1153 2469 1291 2546 capituli
1305 2470 1419 2542 vestri,
1440 2472 1499 2532 aut
1517 2474 1691 2550 praecepto
1711 2476 1772 2535 Ro-

973 2567 1062 2627 mani
1082 2566 1263 2636 pontilicis,
1283 2583 1342 2628 seu
1358 2567 1609 2645 metropolitani
1625 2570 1772 2633 benedic

972 2664 1095 2725 tionem
1110 2680 1204 2724 suam
1217 2664 1376 2726 obtineat.

1012 2764 1116 2823 porro
1144 2761 1235 2822 nulla
1272 2778 1414 2839 persona
1446 2763 1681 2827 ecclesiastica
1716 2782 1770 2843 pre

972 2858 1168 2931 chrismate,
1194 2861 1252 2926 aut
1278 2861 1590 2923 consecrationibus
1623 2863 1657 2925 et
1685 2864 1771 2925 crdi-

972 2956 1172 3029 nationibus,
1193 2959 1252 3020 aut
1266 2973 1326 3035 pro
1348 2959 1520 3035 sepultura
1541 2961 1699 3036 pretium,
1716 2962 1768 3022 aut

972 3070 1032 3131 pro
1045 3054 1147 3116 bened
1153 3054 1268 3117 icendc
1281 3055 1392 3117 abbati
1408 3059 1442 3118 ct
1455 3056 1652 3120 deducendo
1667 3059 1704 3119 in
1718 3076 1768 3120 se·

972 3152 1045 3213 dem
1065 3168 1159 3213 suam
1182 3154 1391 3230 palafridum,
1412 3155 1471 3216 aut
1489 3155 1617 3232 aliquid
1641 3157 1768 3218 aliuda

972 3251 1065 3311 robis
1080 3251 1226 3327 exigere,
1244 3251 1356 3312 nullus
1371 3254 1529 3323 vestrum,
1547 3254 1681 3314 etiamsi
1695 3255 1767 3315 exi-

971 3350 1079 3423 gatur,
1095 3348 1174 3409 dare
1188 3351 1378 3425 praesumat,
1391 3350 1467 3426 quia
1484 3352 1517 3411 et
1532 3351 1723 3425 exigentem
1738 3352 1767 3412 et

972 3447 1103 3506 dantem
1129 3451 1207 3508 nota
1226 3448 1260 3508 et
1274 3446 1459 3523 periculum
1478 3447 1676 3511 simoniacae
1695 3465 1768 3532 pra-

972 3544 1084 3604 vitatis
1101 3545 1253 3606 involvit.

1013 3643 1174 3703 Caeterum
1188 3643 1216 3702 si
1229 3642 1341 3719 aliqua
1354 3643 1573 3704 ecclesiarum
1584 3646 1764 3705 vestrarum

973 3741 1114 3818 pastoris
1133 3741 1252 3801 solatio
1280 3740 1447 3813 destituta,
1473 3741 1563 3803 inter
1585 3743 1708 3802 fratres
1730 3741 1764 3801 de

972 3838 1200 3898 substituendo
1233 3837 1354 3899 abbate
1384 3839 1550 3899 discordia
1590 3839 1692 3902 fuerit
1718 3839 1764 3901 ael

971 3937 1116 3996 scissura
1140 3933 1285 4006 suborta,
1311 3937 1343 3997 et
1360 3935 1423 4012 ipsi
1444 3935 1542 3997 facile
1568 3938 1610 3998 ad
1632 3952 1766 3999 concor·

971 4032 1059 4091 diam
1091 4032 1144 4092 vel
1170 4033 1329 4093 unitatem
1358 4034 1509 4093 revocari
1539 4035 1764 4112 nequiverint,

971 4132 1065 4206 pater
1079 4128 1181 4190 abhas
1198 4129 1337 4191 consilio
1353 4130 1549 4191 coabbatum
1569 4148 1707 4193 suorum
1722 4132 1764 4192 eis

970 4228 1123 4288 idoneam
1148 4227 1321 4304 provideat
1343 4244 1534 4305 personam;
1568 4232 1602 4291 et
1621 4230 1674 4291 illi
1698 4245 1765 4290 eam

970 4327 1042 4385 sine
1062 4326 1324 4386 contradictione
1344 4327 1506 4404 recipiant
1529 4326 1565 4388 in
1595 4327 1766 4399 abbatem

970 4424 1111 4500 quamsi
1135 4425 1284 4500 recipere
1301 4425 1570 4500 contempserint,
1593 4427 1766 4487 sententiae

970 4521 1173 4599 subjaceant,
1188 4538 1285 4599 quarn
1299 4524 1394 4598 pater
1406 4522 1508 4583 abbas
1528 4538 1604 4583 cum
1627 4524 1764 4586 consilio

969 4619 1203 4680 coabbatorum
1219 4636 1353 4680 suorum
1370 4620 1404 4678 in
1419 4635 1476 4680 eos
1495 4619 1643 4693 duxerit,
1659 4626 1769 4683 aucto·

970 4718 1066 4779 ritate
1082 4718 1219 4789 ordinis,
1237 4717 1521 4794 promulgandam.
1537 4718 1587 4778 Ad
1604 4719 1677 4781 baec
1691 4736 1766 4798 quo-

970 4817 1059 4876 niam
1076 4815 1403 4876 praemonstratensis
1414 4816 1565 4877 ecclesiae
1577 4817 1686 4893 prima
1700 4834 1771 4879 ma·

969 4916 1019 4975 tar
1038 4918 1088 4976 est
1102 4914 1250 4975 omnium
1269 4913 1487 4973 ecclesiarum
1502 4914 1605 4974 totius
1625 4917 1766 4987 ordinis,

968 5015 1000 5072 et
1019 5016 1145 5087 patrem
1168 5027 1267 5087 super
1286 5027 1322 5070 se
1339 5011 1443 5070 alium
1458 5027 1525 5071 non
1550 5012 1664 5079 babet,
1686 5014 1770 5075 sicut

968 5110 1008 5169 ad
1024 5110 1186 5170 cautelam
1202 5109 1234 5169 et
1246 5108 1429 5168 custodiam
1446 5107 1587 5180 ordinis,
1610 5113 1769 5171 statutum

968 5208 1019 5268 est
1033 5223 1092 5283 per
1108 5210 1176 5267 tres
1194 5207 1317 5283 primes
1333 5205 1480 5277 abbates,
1499 5206 1768 5279 Laudunensem,

969 5304 1216 5365 ploreftiensem
1232 5306 1264 5365 et
1279 5303 1555 5375 cuissiacensem,
1573 5319 1688 5365 annua
1705 5306 1771 5366 ibi·

967 5402 1041 5462 dem
1063 5402 1208 5462 visitatio
1225 5400 1301 5475 ilat3
1319 5403 1352 5462 et
1372 5401 1401 5461 si
1421 5401 1499 5481 quid
1522 5401 1557 5462 in
1577 5401 1651 5478 ipsa
1669 5403 1767 5463 domo

967 5499 1199 5575 corrigendum
1221 5499 1331 5570 fuerit,
1353 5499 1478 5576 absque
1497 5500 1617 5576 majori
1637 5514 1699 5576 per
1713 5516 1770 5561 eos

967 5596 1137 5662 audientia
1148 5597 1347 5673 corrigatur.
1364 5596 1454 5674 Quod
1475 5596 1504 5663 si
1517 5595 1620 5659 abbas
1636 5597 1676 5659 in
1694 5614 1771 5659 cor-
