3802 6166
121 368 159 435 ll
751 372 983 435 EPISTOLAE.
1005 374 1084 435 blla.
1108 374 1132 434 1·.
1731 370 1772 431 42

120 530 266 594 debeant
283 530 501 609 respondere;
526 532 573 595 ita
597 533 711 595 tamen
737 533 824 611 quod
850 548 917 597 nen
972 533 1106 611 injuriis
1134 548 1234 612 quam
1261 532 1302 596 de
1325 531 1397 610 ipso
1422 516 1615 610 quotidiano
1640 528 1770 593 delectu
1886 594 1889 599 .

121 628 222 691 liceat
235 629 391 706 episcopo
416 629 503 704 illos,
515 631 572 708 qui
596 630 658 691 sibi
682 630 806 693 luerint
826 647 917 708 prae-
969 631 1110 707 Justitiae
1132 630 1383 708 conquerentes,
1410 628 1661 690 universitatem
1687 642 1769 691 ses·

121 726 256 799 sentati,
272 727 344 789 sine
359 727 550 789 rationabili
563 729 597 792 et
609 729 787 791 manifesta
803 745 915 801 carisa,
963 730 1056 790 tram
1076 727 1195 791 litteris
1215 727 1381 805 petierunt
1394 726 1593 803 Apostolicis
1611 725 1763 796 excitari,
1876 754 1880 759 ·

120 823 294 901 repellere.
323 825 541 887 Probibemus
571 825 709 903 insuper
741 840 783 889 ne
816 825 917 887 alicui
973 827 1008 887 ut
1029 826 1077 887 ita
1091 826 1246 888 videlicet
1261 826 1311 887 eis
1339 824 1374 886 in
1399 824 1669 887 tribulationibus
1694 826 1765 886 suis
1857 874 1864 879 .

122 921 223 989 liceat
236 923 396 984 ecclesias
410 924 537 986 vestras
552 923 708 986 indebitis
729 922 918 986 exactioni·
972 924 1087 987 contra
1097 924 1326 986 malefactores
1334 938 1449 985 eorum
1459 925 1611 1000 prompta
1619 922 1770 988 debeatis

120 1018 184 1081 bus
209 1035 362 1097 gravare,
390 1021 443 1082 vel
475 1020 525 1083 eis
556 1037 660 1083 novas
688 1025 721 1084 et
752 1021 917 1083 indebitas
972 1023 1243 1099 magnanimitate
1254 1037 1467 1097 consurgere,
1486 1020 1572 1098 quod
1588 1020 1629 1082 ab
1643 1036 1770 1096 angus·

122 1118 379 1181 consuetudines
394 1119 563 1198 imponere
573 1120 631 1182 aut
643 1122 818 1182 consuetos
833 1135 916 1181 cen·
971 1120 1027 1183 tiis
1045 1137 1127 1199 quas
1146 1120 1310 1183 sustinent
1324 1120 1356 1182 et
1377 1119 1543 1197 pressuris
1558 1120 1669 1180 vestro
1685 1134 1767 1195 pos-

123 1232 191 1287 sus,
208 1216 261 1277 vel
280 1217 467 1293 pensiones,
484 1217 526 1279 ad
548 1234 607 1280 vos
621 1218 673 1279 vel
688 1218 729 1279 ad
750 1219 919 1280 monaste-
972 1219 1039 1281 sint
1061 1218 1216 1296 praesidio
1237 1218 1415 1296 respirare.
1442 1217 1584 1295 Ideoque
1601 1216 1769 1277 universi·

124 1313 212 1375 rium
227 1316 374 1376 vestrum
384 1315 599 1392 pertinentes
616 1316 739 1393 injuste
754 1316 914 1389 minuere,
971 1317 1030 1378 tati
1038 1317 1158 1379 vestrae
1170 1316 1427 1394 perApostolica
1438 1315 1561 1392 scripta
1573 1314 1769 1376 mandamus

122 1411 393 1485 sirbtralrereaut
406 1412 469 1473 sibi
476 1413 661 1475 temeritate
672 1414 919 1491 qualibetusur·
972 1414 1071 1491 atque
1092 1415 1314 1492 praecipimus,
1330 1414 1494 1491 quatenus
1513 1413 1600 1484 illos,
1619 1411 1676 1490 qui
1691 1427 1770 1489 pos-

123 1525 214 1587 pare.
246 1510 461 1572 Decernimus
488 1527 567 1588 ergo
598 1512 635 1575 ut
670 1512 754 1574 nulli
783 1511 918 1574 omnino
973 1513 1139 1575 sessiones
1158 1513 1211 1574 vel
1234 1528 1289 1575 res
1309 1527 1368 1573 seu
1389 1511 1504 1572 domos
1532 1504 1769 1588 praedictorum¹

124 1607 296 1669 bominum
312 1608 410 1670 liceat
422 1609 508 1670 banc
520 1609 675 1686 paginam
697 1610 820 1671 nostrae
832 1626 917 1671 con·
973 1611 1112 1672 [latrum
1127 1610 1180 1671 vel
1195 1610 1366 1672 bominum
1385 1624 1522 1670 suorum
1546 1608 1770 1670 irreverenter

122 1705 297 1775 cessionis,
323 1707 355 1767 et
380 1705 625 1784 prohibitionis,
649 1707 843 1783 infringere,
865 1707 918 1769 vel
972 1709 1168 1780 invaserint,
1198 1709 1256 1770 aut
1275 1723 1315 1769 sa
1334 1707 1458 1786 injuste
1473 1704 1676 1767 detinuerint
1692 1720 1767 1782 qum

123 1802 155 1862 ei
171 1803 382 1879 aliquatenus
397 1804 575 1867 contraire.
592 1806 714 1883 Siquis
730 1808 841 1867 autem
856 1805 918 1868 boc
973 1806 1140 1884 praedictis
1151 1805 1309 1867 fratribus
1325 1821 1368 1867 ex
1380 1805 1579 1867 testamento
1600 1802 1767 1865 deceden-

127 1901 293 1962 altentare
308 1902 835 1979 praesumpserit,indignationem
846 1919 920 1964 om·
972 1905 1055 1966 tium
1069 1903 1314 1981 relinquuntur,
1330 1920 1388 1965 seu
1405 1904 1440 1963 iu
1453 1903 1543 1979 ipsos
1558 1902 1679 1962 fratres
1694 1916 1771 1961 con·
1892 1906 1897 1915 ·

125 1998 306 2074 nipotentis
331 2000 403 2071 Dei,
419 2004 452 2061 et
474 1999 645 2063 beatorum
658 2002 748 2063 Petri
771 2002 805 2063 et
821 2001 917 2062 Pauli
972 2003 1023 2063 tra
1047 2002 1244 2079 Apostolicae
1271 2001 1366 2063 Sedis
1399 2001 1538 2072 indulta,
1571 1998 1769 2061 sententiam

124 2096 350 2172 apostolorum
373 2100 462 2175 eJus,
486 2114 522 2160 se
537 2099 668 2162 novemt
694 2100 916 2161 incursurum.
972 2099 1325 2162 excommunicationis
1338 2098 1395 2162 aut
1407 2097 1574 2160 interdicti
1589 2112 1770 2174 praesump-

124 2196 242 2255 Datum
262 2195 430 2267 Laterani,
442 2198 471 2257 V
489 2211 595 2257 nonas
609 2196 764 2269 octobris,
785 2197 919 2275 pontill-
973 2199 1077 2260 serint
1091 2198 1312 2275 promulgare,
1328 2197 1380 2259 vel
1395 2196 1541 2258 decimas
1560 2194 1711 2256 laborum
1725 2196 1768 2256 da

122 2291 218 2354 catus
233 2292 337 2355 nostri
350 2307 440 2355 anno
454 2293 571 2371 primo.
617 2308 620 2313 ·
972 2295 1236 2374 possessionibus
1246 2295 1369 2357 habitis
1384 2294 1461 2356 ante
1472 2293 1656 2356 concilium
1671 2306 1769 2367 gene-

972 2394 1044 2456 rale
1069 2410 1127 2455 sau
1152 2394 1429 2456 nutrimentorum
1449 2393 1616 2469 ipsorum,
1645 2389 1767 2467 spretis

972 2493 1169 2569 Apostolicae
1199 2491 1294 2553 Sedis
1317 2490 1517 2569 privilegiis,
1548 2490 1766 2565 extorquere,

445 2536 593 2623 XXXII
973 2590 1154 2652 monitione
1176 2589 1358 2667 praemissa,
1387 2589 1417 2651 si
1438 2588 1517 2649 laici
1537 2585 1672 2658 luerint,
1700 2602 1767 2662 pu-

972 2688 1057 2750 blice
1072 2688 1220 2751 candelis
1240 2687 1390 2749 accensis
1415 2682 1768 2747 excommunicationis
1853 2762 1858 2771 .

973 2786 1136 2849 sententia
1149 2785 1356 2863 percellatis3
1374 2785 1497 2845 sivero
1512 2782 1626 2844 clerici
1638 2781 1692 2843 vel
1712 2796 1771 2843 ca-

973 2886 1084 2947 nonic-i
1103 2884 1274 2961 regulares
1295 2898 1355 2944 seu
1373 2881 1527 2945 monachi
1545 2880 1679 2951 luerint,
1696 2893 1767 2947 eos,

123 2740 177 2801 Ad
210 2740 402 2817 Slqs’rtdum
422 2744 715 2817 archiepiscopum
742 2742 920 2819 diopuldi-

159 2850 302 2900 amimalia
334 2838 366 2901 ct
389 2836 635 2918 {suffrapauaos
663 2839 915 2913 mesomelas,

157 2938 310 3010 priores,
333 2936 549 3011 praepositos,
571 2940 838 3011 orclaldlaconos,
860 2940 920 2999 dc-

162 3046 269 3094 canos
287 3034 321 3095 ct
339 3036 425 3095 altos
449 3037 673 3096 ecclesiarum
693 3036 859 3111 prcetolos
881 3036 918 3097 tn

160 3130 423 3208 Maenalium,
440 3133 625 3205 provincia
636 3132 848 3195 constitutos·
973 3080 1193 3158 suspendatis,
1203 3080 1356 3141 neutram
1364 3076 1548 3139 relaxaturi
1557 3074 1767 3143 sententiam,

973 3178 1077 3239 donec
1100 3177 1268 3254 praedictis
1289 3173 1449 3237 fratribus
1469 3172 1618 3250 plenarie
1633 3168 1770 3232 satissa-

973 2982 1194 3061 appellatione
1210 2980 1348 3052 remota,
1367 2979 1409 3041 ab
1424 2979 1532 3042 officio
1554 2977 1587 3039 et
1606 2975 1769 3039 beneflcio
1884 3002 1891 3009 ·

439 3262 526 3322 doct.
542 3262 621 3325 ¹²¹6·
972 3276 1064 3337 ciant
1083 3275 1116 3337 et
1135 3275 1204 3337 tam
1226 3274 1306 3337 laici
1324 3288 1422 3352 quam
1444 3270 1557 3333 clerici
1581 3268 1768 3335 seculares,
1877 3304 1881 3309 -

123 3401 389 3469 [urbanarum
406 3400 621 3455 urkundenbuch.
632 3402 660 3455 r.
671 3402 713 3464 nr,
722 3419 748 3470 p.
759 3404 798 3465 ss,
810 3414 838 3455 no
849 3404 918 3472 son]
972 3373 1028 3450 qni
1048 3389 1107 3451 111'0
1126 3372 1272 3434 violenta
1291 3386 1449 3432 mannum
1474 3367 1654 3445 issl⁰0l50110
1680 3380 1767 3427 ana-

248 3484 255 3493 '
971 3471 1127 3532 thematis
1141 3469 1275 3531 vinculo
1287 3467 1411 3529 luerint
1425 3464 1585 3536 innodati,
1598 3478 1672 3525 cum
1694 3461 1769 3523 dio-

124 3547 257 3621 l’recipit
267 3546 378 3616 utillos,
392 3547 440 3621 qui
447 3546 645 3621 possessiones
657 3555 687 3607 et
697 3562 744 3607 res
753 3547 872 3607 fratrum
882 3548 918 3608 de
973 3567 1087 3629 cesam
1109 3565 1254 3645 episcopi
1277 3564 1398 3627 fitteris
1412 3563 1453 3625 ad
1483 3561 1600 3623 sedem
1626 3557 1770 3635 Aposto-

156 3636 230 3737 ΑΜ,
261 3636 449 3737 “leverim
484 3637 655 3707 ¹¹¹V³⁸⁰fi¹³²r
683 3638 916 3697 ⁰³⁰⁰fflmussica‘
972 3664 1070 3726 licam
1084 3665 1264 3736 venientes,
1278 3662 1319 3724 ab
1334 3661 1450 3723 eodem
1463 3659 1767 3722 vincnlomerean-

158 3733 244 3784 “⁰⁰¹⁸
261 3731 402 3784 κωπίω
416 3725 581 3799 pemeflam·
602 3776 604 3781 ·
863 3781 866 3786 ·
972 3763 1027 3826 tur
1050 3762 1188 3824 absolvi.
1210 3761 1316 3824 Villas
1335 3760 1446 3821 autem
1472 3758 1506 3818 in
1535 3755 1655 3834 quibus
1680 3752 1768 3815 bona

161 3869 329 3933 Honorius
361 3870 554 3947 episcopus,
590 3884 706 3933 servus
746 3888 917 3935 servorum
973 3861 1206 3940 praedictorum
1220 3858 1359 3921 fratrum
1372 3856 1425 3919 uel
1439 3855 1611 3917 bominum
1631 3866 1768 3912 suorum

121 3969 198 4041 oei,
225 3965 469 4030 venerabilibus
489 3966 647 4031 fratribus
668 3969 918 4049 archiepiscopo
973 3975 1032 4038 per
1045 3958 1238 4021 violentiam
1253 3957 1385 4019 detenta
1400 3952 1533 4023 ruenni,
1550 3949 1708 4031 quamdiu
1720 3947 1767 4011 ihi

121 4066 306 4143 blegnntin.
325 4067 358 4128 et
373 4066 595 4142 suffraganeis
609 4069 682 4144 ejus
696 4066 729 4129 et
743 4068 871 4131 dilectis
884 4070 919 4131 fl.
973 4060 1059 4132 sunt,
1074 4057 1243 4119 interdicti
1252 4054 1425 4118 sententiae
1432 4050 1637 4129 supponatis.
1647 4048 1767 4110 Datum

122 4165 177 4227 liis
189 4163 374 4236 abbatibus,
391 4163 573 4241 prioribus,
587 4164 844 4240 archidiaconis,
859 4167 920 4230 de-
972 4156 1140 4228 Iaatelflssb
1169 4156 1214 4217 ΙΙΙ
1233 4168 1339 4217 nonas
1366 4150 1527 4223 octobris,
1556 4145 1767 4226 ll⁰ntificatus

123 4263 217 4325 canis
232 4263 265 4324 et
282 4262 359 4324 aliis
380 4262 597 4323 ecclesiarum
612 4262 759 4339 praelatis
781 4265 817 4324 in
840 4266 918 4327 Ma·
972 4254 1078 4317 nostri
1099 4252 1315 4331 annoprimo.

121 4361 314 4437 puntinensi
324 4359 497 4437 provincia
512 4360 712 4432 constitutis,
729 4360 870 4424 salutem
885 4364 919 4425 et

122 4459 338 4537 apostolicam
352 4457 627 4520 benedictionem.
1283 4445 1451 4534 XXXIII

162 4558 237 4619 Non
252 4555 376 4634 absque
391 4555 505 4618 dolore
520 4555 630 4618 cordis
643 4556 676 4618 et
689 4556 834 4634 plurima
845 4558 918 4620 tlu-

122 4656 256 4718 batione
268 4654 455 4728 didicimus,
470 4654 555 4732 quod
566 4655 613 4715 itu
624 4654 658 4715 in
669 4652 834 4732 plerisque
845 4671 918 4733 par·
974 4651 1023 4710 Act
1032 4649 1194 4725 Slperum
1207 4640 1574 4708 abbatemmonastcrli
1586 4638 1622 4698 S.
1637 4632 1764 4695 blattea

122 4754 210 4817 tibus
230 4752 455 4815 ecclesiastica
488 4767 630 4815 censura
658 4752 852 4815 dissolvitur
884 4754 918 4817 et
1023 4749 1065 4808 de
1084 4748 1167 4807 Alba
1178 4746 1319 4817 ajusqtae
1332 4735 1712 4816 1)*ᾶῑ7ὋδΨοῖθθθηίῑθδ·

122 4852 292 4915 canonicae
311 4849 483 4913 sententiae
498 4850 660 4912 severitas
675 4853 870 4925 enervatur,
882 4853 919 4914 ut
1283 4855 1315 4913 ll
1329 4858 1385 4911 oct.
1399 4851 1477 4909 ltld.

122 4952 186 5014 Viri
208 4948 358 5027 relissiffli
384 4950 418 5010 et
438 4948 473 5009 hi
494 4948 640 5009 maxime
660 4948 716 5026 ‘1¹¹i
739 4964 799 5026 9⁰¹*
823 4950 917 5012 sedis
972 4974 1461 5047 [wirtembergisches·Urkundenbucb,
1475 4976 1495 5023 t.
1508 4970 1552 5030 111,
1565 4986 1591 5036 p.
1609 4966 1764 5030 timim]-
1872 5024 1875 5033 ¹

121 5048 322 5128 apostolicae
348 5046 524 5124 privilegia
558 5046 680 5123 majori
706 5046 819 5109 donati
841 5049 918 5111 sunt

125 5148 278 5209 libertate
291 5144 416 5223 passim
429 5160 449 5204 a
461 5142 730 5206 malefactoribus
746 5145 815 5205 suis
827 5145 919 5223 inju-

125 5248 194 5309 rias
211 5244 397 5307 sustineant
412 5244 445 5305 et
458 5241 605 5320 rapinas,
619 5242 697 5303 dum
718 5243 776 5304 vix
788 5244 920 5306 inveni-

125 5347 181 5406 tur
198 5344 256 5423 qui
270 5356 417 5419 congrua
437 5340 505 5402 illis
527 5341 730 5418 protectione
745 5341 920 5405 subveniat

123 5446 156 5505 et
183 5458 243 5521 pro
273 5439 414 5503 fouenda
444 5454 626 5516 pauperum
659 5438 849 5502 innocentia
882 5458 918 5503 se

124 5556 256 5603 murum
291 5537 493 5602 defensionis
535 5538 689 5615 opponat.
725 5537 920 5614 Specialiter
1013 5525 1683 5603 H0¹10P11180l1800911bsellussserlol‘llm
1693 5514 1765 5588 9⁰¹,

124 5640 235 5703 autem
247 5636 359 5699 dilecti
369 5635 468 5697 lilii...
481 5633 583 5696 abbas
596 5634 629 5696 et
641 5632 761 5696 fratres
769 5634 810 5697 de
821 5636 916 5711 Alba,
973 5620 1445 5701 dilectistlliisSigero,abbati
1455 5614 1768 5680 monasteriisanc-
1849 5700 1852 5713 Ι

124 5734 355 5803 cisnmimsis
378 5732 517 5805 ordinis,
543 5733 612 5795 tam
637 5730 679 5795 de
693 5730 918 5812 frequentibus
972 5728 1015 5788 ἴω
1043 5723 1159 5787 Mariae
1177 5722 1219 5785 do
1232 5720 1328 5792 alba,
1352 5721 1490 5797 elusim
1513 5711 1682 5783 sinilibus,
1697 5712 1767 5773 lam

972 5120 1105 5193 Sigerum
1115 5116 1247 5174 abbatem
1261 5112 1380 5187 ejusque
1393 5107 1495 5167 iratres
1508 5102 1769 5180 protegendossus·

1007 5208 1076 5281 cipit
1095 5218 1253 5277 omnesque
1276 5201 1343 5259 dicti
1365 5197 1488 5258 coenobii
1512 5193 1712 5291 possessiones¹
1733 5204 1769 5249 ac

1007 5295 1092 5366 bonu,
1104 5307 1225 5368 quorum
1239 5291 1360 5364 plurimu
1371 5287 1542 5346 nominatim
1553 5289 1693 5351 recenset,
1702 5292 1768 5353 pura

1008 5400 1042 5443 ac
1056 5382 1207 5458 privilegia
1221 5378 1381 5439 conllrmat.
