3802 6166
150 286 190 347 lt
773 283 952 355 nolloitu
973 282 1019 345 111
1039 282 1188 347 OPERA.
1760 279 1801 347 48

194 442 648 523 mocmtatmsrtausancd
657 446 829 511 Laurentii
841 446 950 508 inbu-
1002 443 1091 506 idem
1121 443 1359 506 monasterium
1386 443 1678 520 inpraesentiarum
1708 446 1800 524 juste

153 544 231 615 cina
246 542 419 621 presbeter
431 540 623 619 cardinalis
635 542 828 621 subscripsi.
1003 557 1044 604 ae
1055 543 1217 604 canonice
1236 538 1465 619 possidebant
1481 542 1690 615 infuturum,
1713 559 1799 605 con*

103 650 106 655 ·
193 642 262 717 Ego
286 640 475 717 Gregorius,
498 640 587 703 titrdi
612 642 743 705 Sanctae
763 642 949 704 anastasiae
1003 640 1153 703 cessione
1173 636 1384 715 Pontificum,
1407 638 1586 715 largitione
1608 656 1726 717 regum
1746 640 1800 704 sel

153 737 326 817 presbyter
339 737 530 812 cardinalis,
555 737 748 819 subscripsi.
1003 736 1203 815 principum,
1217 736 1386 800 oblatione
1397 736 1555 809 tidelium,
1568 752 1629 800 seu
1643 739 1720 800 aliis
1730 742 1801 816 jus·

193 838 261 911 Ego
275 836 403 906 Petrus,
418 836 506 898 tituli
521 837 633 899 Sancti
648 837 820 900 Laurentii
834 836 869 900 in
884 840 951 899 Da·
1003 834 1047 897 tis
1072 835 1190 908 modis,
1207 835 1387 913 praestante
1405 836 1556 908 Domino,
1579 838 1700 913 poterit
1721 837 1798 899 adi-

155 948 248 995 maso
263 932 437 1011 presbyter
451 934 643 1009 cardinalis,
654 934 849 1014 subscripsi.
1004 932 1088 1011 pisci
1104 933 1198 995 firma
1216 932 1309 995 robis
1330 933 1433 996 ethis
1455 950 1528 1011 quae
1549 935 1625 1011 post
1643 950 1703 995 sos
1723 951 1803 996 sue

194 1032 263 1108 Ego
279 1031 395 1106 Guido,
409 1034 523 1095 Sancti
532 1032 663 1095 Nicolai
673 1035 708 1095 in
721 1050 857 1097 carcere
871 1033 952 1095 'l'ul-
1005 1032 1166 1094 cesserint
1180 1032 1213 1094 et
1226 1029 1356 1094 illibata
1368 1033 1602 1107 permaneant:
1626 1031 1661 1092 in
1680 1031 1801 1110 quibus

155 1128 246 1189 liano
260 1128 420 1191 diaconus
435 1131 626 1203 cardinalis,
641 1131 836 1210 subscripsi.
1004 1129 1077 1191 haec
1099 1129 1245 1206 propriis
1270 1128 1426 1191 duximus
1448 1129 1667 1207 exprimenda
1694 1144 1799 1193 voea-

195 1228 263 1303 Ego
277 1228 489 1301 Octavianus,
504 1232 700 1293 Sanctorum
714 1231 822 1308 Sergii
835 1231 868 1293 et
882 1232 950 1292 Ba·
1005 1226 1112 1289 buliss
1140 1226 1322 1288 Ecclesiam
1344 1229 1455 1289 Bootes
1482 1227 1598 1289 Mariae
1630 1227 1673 1289 de
1698 1229 1804 1290 Actus

155 1324 210 1386 chi
225 1324 384 1387 diaeonus
391 1326 582 1400 cardinalis,
597 1327 791 1406 subscripsi.
1006 1340 1110 1402 usque
1124 1324 1165 1385 ad
1187 1326 1317 1387 ueteres
1332 1340 1444 1387 muros
1467 1325 1612 1387 civitatis
1635 1341 1711 1387 eum
1730 1327 1802 1389 tota

196 1424 263 1499 Ego
281 1423 463 1496 lohannes,
472 1426 667 1487 Sanctorum
691 1428 817 1487 cosmae
835 1424 871 1488 et
886 1427 953 1487 Da·
1006 1421 1183 1500 parrochia
1196 1438 1257 1483 sua
1267 1422 1300 1484 et
1314 1422 1541 1498 cimeterium
1557 1424 1710 1500 quartam
1719 1439 1802 1501 par-

158 1520 264 1582 miani
277 1520 437 1583 diaconus
449 1524 631 1585 cardinalis
644 1523 836 1601 subscripsi.
1007 1521 1073 1582 tem
1095 1520 1196 1585 castri
1219 1520 1305 1597 quod
1324 1521 1463 1583 vocatur
1489 1521 1605 1593 blanc,
1628 1538 1703 1582 cum
1730 1521 1801 1582 suis

197 1621 266 1695 Ego
292 1622 476 1693 Romanus,
505 1621 617 1684 Sancti
644 1622 762 1699 Angeli
794 1620 953 1683 diaconus
1007 1617 1284 1696 possessionibus,
1305 1620 1340 1683 et
1360 1618 1569 1683 medietatem
1591 1619 1692 1681 castri
1714 1619 1804 1696 quod

44 1720 49 1725 '
158 1716 350 1791 cardinalis,
367 1717 560 1796 subscripsi.
1007 1717 1250 1789 rocatnrbaaa,
1264 1731 1339 1777 cum
1352 1716 1628 1794 possessionibus,
1642 1718 1675 1778 et
1688 1720 1800 1778 tascas

199 1816 267 1890 Ego
284 1815 483 1893 Stephanus,
507 1817 620 1881 Sancti
634 1816 773 1883 Adriani
794 1815 954 1879 diaeonus
1007 1814 1048 1879 de
1067 1814 1303 1892 Porporeiras;
1320 1816 1354 1879 et
1371 1813 1545 1876 ecclesiam
1568 1815 1679 1876 Sancti
1701 1816 1802 1875 Lam-

159 1912 352 1987 cardlnalis,
367 1913 561 1993 subscripsi.
1007 1913 1103 1986 berti,
1114 1928 1187 1975 oum
1202 1926 1320 1975 manso
1333 1928 1410 1984 uno,
1423 1913 1455 1974 et
1467 1913 1501 1973 in
1514 1912 1655 1975 ecclesia
1669 1914 1801 1974 Sanctae

200 2012 319 2073 Datum
346 2012 520 2087 Laterani,
541 2028 602 2089 per
626 2029 762 2077 manunt
793 2009 952 2086 Ranerii,
1008 2010 1125 2073 Mariae
1139 2009 1278 2075 deBello
1289 2011 1375 2072 Loco
1386 2024 1532 2073 annuum
1540 2025 1677 2072 censum
1686 2010 1802 2072 decem

160 2108 282 2185 prioris
299 2110 878 2184 SanotiFridianiLucensissanctaa
893 2113 955 2174 Ro-
1009 2107 1191 2171 solidorum
1205 2107 1238 2170 et
1251 2106 1318 2173 nes
1333 2108 1540 2184 receptiones
1554 2123 1615 2185 pro
1630 2107 1800 2170 abbatissa

160 2222 268 2268 manae
280 2208 761 2287 Ecclesiaevicecancellarii,v
771 2209 847 2271 idus
862 2209 955 2271 Octo·
1008 2222 1068 2269 seu
1081 2205 1242 2284 priorissa
1254 2205 1290 2271 in
1302 2220 1410 2281 anuo;
1426 2206 1608 2267 Ecclesiam
1622 2206 1663 2267 de
1679 2208 1801 2267 Sancta

86 2386 91 2395 ⁸
160 2303 241 2379 bris,
262 2304 443 2369 indictione
462 2309 501 2380 V,
514 2307 756 2370 incarnationis
774 2306 956 2369 Dominicae
1008 2304 1115 2367 Maria
1131 2302 1273 2367 deBello
1286 2305 1384 2377 Loco,
1396 2304 1474 2365 etin
1486 2304 1565 2365 villa
1578 2307 1802 2381 quaevocetur

140 2418 143 2423 ·
159 2418 249 2465 anno
261 2405 431 2478 dccxvi,
445 2406 655 2482 pontificatus
667 2421 747 2470 sero
756 2404 881 2467 domini
891 2407 955 2466 Ho-
1010 2402 1152 2475 Sanctis,
1161 2400 1516 2479 etcircallumenquod
1529 2402 1802 2477 vocaturlvelna,

161 2500 360 2581 noriiPapae
375 2504 421 2565 111
435 2518 524 2566 anno
538 2503 656 2584 primo.
1008 2500 1116 2577 prata,
1141 2502 1251 2565 terras
1270 2499 1304 2563 et
1329 2499 1445 2563 uineas
1472 2502 1506 2563 et
1530 2499 1737 2575 molendina3
1769 2502 1803 2563 et

1008 2597 1097 2659 circa
1112 2613 1232 2675 aquam
1245 2614 1320 2675 quae
1330 2598 1468 2661 vocatur
1478 2600 1600 2673 Jarret,
1616 2598 1754 2674 vineas3
1769 2599 1803 2659 et

476 2668 640 2758 XXXIV
1008 2695 1397 2761 interritorioTurrium
1411 2694 1581 2768 Massiliae,
1597 2697 1706 2759 tascas
1727 2697 1800 2758 ter·

160 2831 470 2892 Admormstertum
480 2831 720 2894 &salvatoris
729 2831 955 2893 Massiliensis
1008 2808 1121 2856 mum
1134 2793 1522 2904 ⁰t⁰³rt⁰¹¹e⁸v¹¹¹⁰³¹f¹¹Q
1537 2810 1801 2871 q⁰³⁸⁰p¹⁸⁰⁰p¹¹³

459 2944 494 3003 fl
508 2950 555 3003 oct
581 2944 651 3003 im
1008 2906 1028 2955 u
1050 2891 1160 2955 vestro
1172 2891 1262 2955 tenet
1275 2892 1496 2967 monastar103
1513 2893 1622 2955 tascas
1634 2893 1668 2954 et
1680 2894 1799 2971 terras,

557 2987 563 3000 ‘
653 2988 660 3002 '
1008 2988 1125 3051 vineas
1139 2989 1173 3052 et
1184 2988 1287 3050 multa
1299 2989 1366 3050 alla
1403 3006 1454 3052 uae
1470 2989 1565 3053 multi
1586 2989 1739 3051 homines
1758 2990 1800 3052 ab

161 3066 267 3131 [Andro
286 3066 395 3199 111111ιέ1
411 3066 443 3120 de
461 3067 648 3198 l'Abbayedes
665 3068 806 3198 mliffium
824 3069 855 3119 de
872 3068 956 3121 Saint-
1008 3087 1123 3153 eodem
1135 3086 1337 3151 monasterio
1352 3005 1498 3163 legitime
1512 3088 1698 3166 possideam
1715 3091 1804 3149 Hos,

380 3162 460 3201 ’ΜΓ
472 3149 503 3200 ‘¹³
514 3151 603 3200 ”W
615 3150 646 3209 ¹⁰⁹
663 3164 693 3214 Ρ·
750 3150 768 3215 ¹]
1008 3184 1111 3265 pitulo
1124 3183 1237 3247 Sancti
1252 3184 1405 3266 Spiritus,
1422 3186 1456 3247 et
1468 3185 1592 3247 terrain
1607 3203 1680 3264 quae
1700 3203 1802 3249 voca-

160 3254 290 3320 i'uielam
306 3264 472 3321 monasterii
486 3264 614 3339 suscipit,
631 3280 694 3338 epus
709 3267 907 3338 possessiones
920 3281 955 3325 ac
1007 3284 1063 3347 tm·
1076 3284 1265 3348 Lauretum,
1280 3284 1386 3355 Quum
1398 3284 1509 3345 autem
1521 3285 1679 3360 generale
1692 3284 1798 3347 intpp.

198 3351 272 3409 b⁰¹¹⁸
305 3352 466 3423 ‘mmmm'
492 3361 578 3429 atque
605 3352 756 3413 ”bbffiiffioe
785 3355 954 3414 ⁰¹⁰⁰‘i0flem
1008 3380 1132 3445 dictum
1161 3380 1260 3443 terrae
1288 3380 1398 3453 tuerit,
1424 3381 1524 3444 liceat
1552 3381 1645 3445 uobis
1676 3383 1804 3443 clausis

194 3439 336 3499 ⁰⁰⁰⁰0ffi1·
1004 3478 1129 3558 januis,
1143 3479 1289 3543 exclusis
1302 3480 1596 3542 excommunicatis
1609 3481 1643 3542 et
1655 3480 1800 3542 interdl-
1845 3466 1851 3477 ’

199 3578 369 3639 Honorius
376 3579 562 3658 episcopus,
574 3596 691 3643 servus
699 3597 871 3653 servorum
881 3582 951 3655 Dei,
1007 3578 1062 3652 tis,
1078 3592 1144 3639 non
1159 3575 1300 3654 pulsatis
1314 3577 1496 3654 campanis,
1513 3594 1692 3654 suppressa
1706 3594 1802 3651 voce,

160 3674 292 3738 dilectis
315 3675 350 3737 in
372 3677 503 3741 Christo
524 3677 656 3743 filiabus
684 3678 861 3743 abbatissae
882 3696 954 3741 mo-
1008 3675 1128 3738 diurna
1145 3674 1255 3739 officia
1273 3673 1452 3737 celebrare.
1467 3678 1633 3739 Praeterea
1653 3676 1802 3738 auctori-

159 3774 298 3835 nnsterii
313 3774 425 3837 Sancti
441 3775 625 3838 salvatoris
635 3776 857 3839 Massiliensis
869 3780 955 3855 ejus·
1006 3773 1075 3835 tate
1084 3772 1273 3850 Apostolica
1288 3771 1500 3849 prohibemus
1516 3789 1558 3834 ne
1575 3773 1677 3835 alicui
1701 3774 1802 3836 liceat

159 3886 224 3947 que
238 3871 409 3933 sororibus
426 3873 491 3935 tam
501 3873 719 3949 praesentibus
727 3874 954 3952 quamluturis
1007 3869 1042 3933 in
1056 3885 1127 3940 voe,
1143 3872 1201 3931 aut
1224 3869 1257 3937 in
1274 3869 1482 3947 presbiteros
1497 3870 1590 3932 vobis
1609 3871 1737 3933 deditos
1759 3871 1801 3933 ad

39 3994 42 4001 ·
160 3968 348 4045 regularem
361 3970 466 4031 sitam
476 3970 635 4046 professis
648 3970 686 4033 in
699 3974 904 4049 perpetuum.
1007 3969 1153 4030 vestrum
1163 3967 1335 4029 servitium
1341 3968 1468 4046 jugiter
1476 3969 1658 4046 deputatos,
1669 3987 1802 4032 excom·

103 4140 106 4145 .
199 4065 421 4128 Prudentibus
446 4066 633 4143 virginibus
655 4084 730 4145 quae
749 4068 812 4129 sub
838 4070 953 4132 liabitu
1007 4065 1263 4138 manicationis,
1288 4065 1345 4127 aut
1383 4066 1419 4127 in
1448 4068 1685 4129 monasterium
1717 4086 1802 4131 ues-

158 4160 345 4239 religionis,
358 4164 510 4226 accensis
529 4164 747 4242 lampadibus,
772 4183 832 4245 per
851 4182 952 4245 opera
1008 4164 1093 4225 bum
1106 4163 1612 4243 interdictisententiam,absque
1625 4166 1801 4229 manifesta

158 4260 345 4322 sanctitatis
359 4262 487 4340 jugiter
502 4278 539 4327 se
550 4265 741 4343 praeparant
758 4265 808 4327 ire
821 4264 952 4327 obviam
1006 4277 1108 4323 causa
1121 4262 1155 4324 et
1166 4260 1367 4334 rationabili,
1392 4264 1613 4338 promulgare,
1631 4265 1688 4327 aut
1704 4264 1801 4328 vobis

157 4374 292 4436 sponso,
309 4359 404 4424 Sedis
426 4361 625 4440 apostolicae
646 4361 743 4427 debet
761 4364 952 4440 praesidium
1007 4374 1092 4422 nova
1107 4360 1140 4421 et
1151 4357 1299 4421 indebita
1326 4361 1521 4436 gravamina
1536 4361 1698 4438 irrogare.

158 4456 334 4535 impertiri,
348 4458 884 4538 neroaecrpusuuettamsriaus
898 4463 953 4524 in·
1046 4459 1151 4530 Quum
1166 4457 1278 4520 autem
1291 4457 1325 4520 in
1340 4459 1542 4520 monastario
1558 4462 1681 4531 vestro,
1696 4461 1804 4524 abba-

157 4571 276 4617 cursus
298 4558 356 4618 aut
372 4572 430 4618 eas
450 4573 471 4619 a
485 4559 656 4636 proposito
668 4562 802 4621 revocet
815 4561 872 4621 ant
895 4577 953 4622 ro-
1005 4556 1095 4617 tissse
1111 4554 1212 4618 luerit
1222 4555 1340 4618 electio
1351 4556 1560 4629 celebranda,
1576 4574 1649 4618 eam
1659 4559 1754 4620 vobis
1765 4561 1801 4623 in

157 4652 231 4728 bur,
247 4654 333 4731 quod
348 4654 447 4729 absit,
464 4671 570 4717 sacrae
588 4657 762 4733 religionis
779 4657 949 4735 infringat.
1006 4652 1206 4715 abbatissam
1217 4653 1392 4715 statuimus
1406 4655 1590 4732 apostolica
1603 4658 1803 4721 auctoritate

157 4754 204 4813 Ea
218 4755 364 4831 propter,
379 4754 509 4817 dilectae
523 4754 559 4815 in
573 4754 713 4817 Domino
727 4755 820 4827 tiliae,
831 4756 951 4818 vestris
1005 4751 1142 4813 concedi
1163 4767 1261 4829 quam
1282 4766 1341 4813 vos
1356 4752 1522 4813 communi
1541 4769 1717 4827 consensu,
1742 4759 1802 4819 aut

153 4851 254 4927 justis
268 4852 545 4928 postulationibus
561 4853 741 4915 clementer
759 4854 948 4925 annrdmus,
1005 4852 1112 4927 major
1136 4864 1214 4927 pars
1234 4850 1381 4910 vestrum
1402 4850 1534 4912 consilii
1556 4852 1700 4914 sanioris
1724 4870 1801 4916 cum

156 4947 191 5008 et
216 4948 390 5023 praelatum
420 4950 532 5013 Sancti
564 4950 749 5013 salvatoris
783 4952 952 5012 monaste-
1005 4947 1144 5010 consilio
1176 4946 1410 5023 religiosorum
1438 4948 1587 5010 virorum
1616 4953 1800 5015 sec-undum

155 5044 254 5117 rium,
272 5044 306 5105 in
328 5062 392 5123 quo
407 5046 519 5109 divino
535 5049 731 5125 mancipatae
752 5049 832 5111 estis
854 5050 952 5111 obse-
1005 5048 1108 5106 Deum
1123 5046 1155 5106 et
1169 5043 1256 5105 beati
1279 5046 1450 5107 Benedicti
1470 5048 1621 5123 regulam
1643 5051 1801 5126 provide-

156 5140 247 5218 quio,
283 5143 325 5204 ad
357 5147 529 5222 exemplar
561 5146 670 5209 felicis
709 5146 950 5209 recordationis
1005 5143 1078 5205 ritis
1104 5142 1301 5219 eligendam.
1325 5144 1540 5206 Decernimus
1560 5162 1638 5222 ergo
1661 5149 1697 5209 ut
1713 5151 1801 5211 nulli

154 5239 336 5301 Alexandri
372 5245 492 5320 Papae,
528 5244 783 5320 praedecessoris
823 5245 947 5317 nostri,
1004 5241 1140 5303 omnino
1158 5240 1328 5302 hominum
1351 5241 1450 5304 liceat
1472 5243 1645 5319 praelatum
1661 5262 1799 5310 monas-

156 5337 298 5401 Romani
314 5339 495 5414 Pontldcis,
510 5341 571 5403 sub
583 5341 671 5405 beati
686 5344 777 5405 Petri
790 5343 824 5405 et
835 5345 949 5404 nostra
1004 5338 1125 5399 terium
1140 5338 1264 5398 temere
1284 5337 1490 5414 perturbare,
1505 5341 1564 5401 aut
1581 5343 1653 5418 ejus
1664 5358 1801 5418 posses-

156 5436 361 5515 protectione
372 5438 583 5514 suscipimus,
595 5442 628 5503 et
643 5442 817 5517 praesentis
832 5441 949 5518 scripti
1004 5435 1114 5498 siones
1139 5436 1284 5508 auterre,
1309 5436 1361 5497 vel
1393 5436 1521 5498 ablatas
1552 5439 1708 5513 retinere,
1734 5445 1801 5504 nri-

156 5533 951 5616 priuilegiocommunimus:statuentesutquas-
1004 5548 1117 5600 nuere.
1127 5549 1185 5593 seu
1194 5531 1394 5610 quibuslibet
1403 5534 1634 5597 vexationibus
1644 5537 1796 5615 fatigare,

160 5648 299 5711 cumque
329 5633 567 5710 possessiones,
607 5650 822 5714 qusecumque
849 5635 947 5708 bona,
1004 5630 1063 5693 sed
1078 5632 1111 5693 et
1126 5630 1252 5693 illibata
1267 5632 1378 5695 omnia
1393 5633 1425 5694 et
1449 5630 1577 5709 integra
1596 5651 1800 5701 conseruen-
