3802 6166
64 352 127 416 373
201 354 814 417 xxx11.-1Nrasrtvirar1}3us
836 356 1015 419 PASCUA]
1037 357 1176 428 USQUE
1195 336 1583 425 Ab'emsracosrart.
1659 356 1720 417 374

64 513 130 577 Alii
146 512 275 576 iaciunt
300 512 442 576 fructum
467 514 525 576 sed
548 530 615 576 non
635 512 770 587 bonum,
787 516 864 593 quia
920 517 1055 589 nitate,
1097 515 1264 594 spirituali
1294 514 1496 577 visitatione.
1531 512 1721 590 Temporali

64 613 283 689 corrumpunt
318 611 400 672 illud
442 612 586 689 aliquus
627 612 776 674 criminis
810 613 865 674 ad·
920 614 1123 676 adversitate
1148 614 1227 691 quia
1254 614 1381 691 quoties
1413 610 1596 674 adversitas
1620 611 1720 688 hujus

64 709 239 782 mixtione,
267 709 313 771 ita
339 712 375 770 ut
403 713 471 770 Deo
492 726 557 771 non
584 710 628 770 sit
649 710 861 786 acceptabile.
920 713 1034 772 saeculi
1057 712 1222 788 patienter
1250 711 1292 772 ab
1314 713 1421 772 electo
1440 711 1633 781 sustinetur,
1659 724 1719 786 pro

63 806 159 869 Unde
172 808 207 867 in
221 806 401 883 Evangelio
419 828 425 866 :
443 809 560 870 Omitte
573 812 690 875 orbor,
702 824 779 882 pure
797 824 865 869 nort
920 809 1099 871 atiiictione
1127 811 1260 886 peccata
1283 809 1505 876 dimittuntur,
1532 807 1624 868 Unde
1646 808 1720 868 *Ec-

64 905 313 981 [mistrectum
322 907 459 976 bostram,
471 907 655 966 excidetur
664 906 697 967 ei
707 909 865 980 inignem
920 907 1126 968 ciesiasticus
1142 929 1149 966 :
1166 912 1254 969 Pius
1269 908 1301 969 et
1316 909 1519 989 misericors
1531 906 1583 966 est
1596 907 1720 965 Domi-

61 1003 226 1064 mittetur
242 1001 372 1081 (Mattb.
389 1018 438 1074 ιιι,
454 1002 518 1080 10).
536 1005 610 1064 Νοιι
623 1003 707 1065 dixit
724 1025 731 1063 ι
747 1005 866 1065 Urrants
921 1019 996 1076 ιιιιε,
1020 1006 1053 1066 et
1080 1006 1236 1067 remittet
1257 1008 1295 1067 a:
1312 1006 1465 1079 ternpore
1490 1002 1721 1063 tricidettonts

61 1103 169 1161 arbor
182 1115 259 1173 quoe
273 1115 342 1161 :ton
355 1101 439 1174 facit
452 1101 616 1174 sermione,
633 1104 693 1162 sed
707 1117 784 1175 eece
797 1116 865 1163 ιιοιι
916 1104 1059 1175 peccate
1073 1101 1187 1181 (Ecoli.
1205 1118 1240 1175 ιι,
1258 1101 1310 1181 15)
1323 1124 1331 1176 3
1346 1101 1513 1179 corporali
1527 1099 1721 1161 infirmitate

61 1198 146 1271 secti
161 1198 316 1272 [reectum
329 1200 464 1265 bostram,
480 1198 596 1259 volens
618 1199 759 1274 intelligi
779 1198 865 1276 quod
921 1201 954 1260 et
977 1200 1145 1276 spirituali
1170 1200 1373 1269 visitatione,
1400 1199 1478 1277 quia
1500 1197 1628 1275 quoties
1656 1196 1722 1257 ali-

63 1294 193 1357 iaciunt
217 1295 349 1373 quidem
376 1294 531 1367 tructum,
562 1296 618 1357 sed
643 1311 710 1358 non
730 1296 862 1357 bonum.
921 1296 995 1374 quis
1019 1297 1143 1359 electus
1165 1298 1302 1374 punitur
1327 1296 1493 1374 corporali
1513 1293 1718 1364 infirmitat,

64 1391 166 1453 Verbi
179 1392 288 1468 gratia
303 1392 514 1471 eleemosyna
529 1392 655 1455 iructus
675 1394 740 1465 est,
758 1395 814 1455 sed
837 1394 866 1453 si
920 1395 973 1455 vel
985 1409 1004 1454 a
1017 1396 1084 1456 Deo
1097 1395 1297 1457 intrinsecus
1310 1394 1465 1456 visitatur
1479 1393 1515 1454 ut
1528 1392 1649 1455 babeat
1664 1406 1721 1452 cor

65 1489 139 1566 quis
154 1489 250 1550 daret
263 1490 555 1568 eleemosynamde
566 1490 705 1567 rapinis,
718 1490 758 1552 de
769 1491 866 1552 iurtis
921 1492 1112 1563 contritum,
1136 1492 1235 1554 toties
1257 1494 1329 1568 eJus
1352 1494 1563 1568 peccatorum
1582 1488 1721 1550 maculae

64 1586 119 1647 vel
143 1587 184 1647 de
213 1586 409 1663 sacrilegiis,
435 1588 488 1649 vel
512 1589 547 1649 in
570 1589 734 1650 adulterio
757 1588 811 1650 vel
831 1589 865 1648 iu
921 1589 1149 1665 deterguntur.
1174 1590 1266 1652 Unde
1281 1589 1365 1650 bene
1384 1589 1724 1665 utrumquecompre-

66 1685 179 1761 aliquo
207 1684 375 1745 criminali
407 1688 542 1762 peccato
571 1685 711 1759 detixus,
741 1686 775 1747 et
808 1702 867 1762 per
922 1686 1037 1748 hendit
1063 1687 1219 1748 Salomon
1249 1702 1316 1747 uno
1349 1685 1526 1756 versiculo,
1552 1700 1626 1746 cum
1651 1684 1721 1745 ait:

67 1781 309 1858 eleemosynas,
328 1783 459 1845 comsit
484 1784 705 1860 impoenitens
719 1799 755 1845 se
774 1785 867 1861 putet
921 1788 1027 1846 Livor
1040 1789 1194 1846 victuaria
1204 1786 1377 1861 absterget
1388 1790 1492 1856 asoto,
1512 1783 1546 1844 et
1557 1788 1670 1857 propre
1684 1784 1722 1842 iu

67 1882 171 1940 bourn
191 1879 384 1956 propitiare,
412 1880 539 1942 tructus
554 1882 773 1958 eleemosynas
800 1898 866 1942 non
920 1884 1165 1944 secretioribus
1184 1884 1319 1944 ventris
1340 1881 1452 1961 (Prov.
1464 1898 1522 1952 xx,
1537 1878 1603 1959 30).
1621 1878 1722 1939 Livor

66 1976 173 2037 bonus
188 1977 342 2050 eflicitur,
366 1979 443 2055 quia
459 1994 518 2055 per
538 1979 766 2055 eleemosynas
788 1994 866 2039 suas
921 1980 1069 2041 vulneris
1091 1980 1142 2042 est
1156 1980 1343 2052 infirmitas,
1362 1980 1414 2041 vel
1433 1977 1590 2056 quaelibet
1612 1975 1723 2053 passio

67 2075 163 2150 quasi
190 2073 261 2136 vult
283 2072 395 2136 emere'
420 2076 605 2149 Dominum,
630 2079 666 2139 ut
687 2077 785 2139 liceat
803 2076 867 2137 sibi
922 2079 1081 2155 corporis,
1110 2079 1187 2155 quia
1211 2079 1298 2140 livor
1318 2078 1479 2153 abstergit
1500 2075 1598 2148 mala,
1623 2075 1720 2145 idest,

67 2173 202 2248 impune
226 2189 375 2250 peccare.
406 2174 501 2235 Unde
528 2176 763 2251 Augustinus:
792 2177 868 2236 Vite
922 2178 1068 2252 peccata.
1098 2177 1209 2252 Plagae
1241 2177 1276 2237 in
1304 2174 1540 2237 secretioribus
1568 2172 1720 2244 ventris,

66 2272 216 2331 bmninis
228 2272 279 2332 est
289 2272 455 2332 mactando
470 2276 507 2332 tn
519 2277 651 2345 rrectius,
664 2275 697 2335 et
706 2288 773 2348 per
787 2278 869 2334 elee-
922 2273 1017 2346 idest,
1034 2275 1190 2336 contritio
1204 2275 1237 2335 et
1251 2273 1437 2334 humiliatio
1460 2271 1662 2349 poenitentiae
1686 2269 1722 2329 in

67 2382 231 2441 anaspum
250 2369 495 2444 propitiandus
518 2370 571 2430 est
592 2375 696 2432 Deus.
725 2373 800 2431 Non
825 2371 867 2431 ad
923 2371 1158 2432 secretioribus
1173 2372 1294 2433 animae
1304 2371 1498 2447 abstergunt
1512 2368 1610 2440 mala,
1625 2367 1722 2438 idest,

67 2464 129 2525 boc
151 2466 392 2542 quodammodo
416 2467 586 2540 emendus
611 2470 647 2529 ut
670 2484 709 2529 ea
738 2484 869 2544 semper
922 2470 1069 2545 peccata.
1087 2469 1122 2530 Si
1138 2471 1211 2546 quis
1225 2469 1327 2545 igitur
1338 2468 1543 2529 christianus
1560 2466 1622 2527 sert
1636 2463 1724 2525 iruc·

68 2562 168 2624 liceat
182 2563 318 2640 impune
334 2566 549 2626 committere.
922 2564 1133 2636 lumborum,
1148 2567 1185 2626 et
1196 2566 1321 2642 patitur
1334 2565 1481 2642 aliquam
1496 2561 1723 2623 infirmitatem

106 2660 173 2720 Alii
199 2659 327 2723 iaciunt
353 2661 499 2723 fructum
532 2661 675 2732 bonum,
702 2663 760 2725 sed
789 2677 867 2725 caro
923 2664 1084 2740 corporis,
1100 2663 1153 2724 vel
1166 2664 1380 2740 temporalem
1397 2661 1641 2732 adversitatem,
1657 2674 1724 2719 non

69 2757 253 2829 marcescit,
271 2760 308 2819 ut
320 2760 468 2830 suntilli,
485 2761 541 2836 qui
556 2776 632 2821 cum
647 2761 714 2821 sint
729 2761 866 2821 ierveu-
923 2761 1146 2832 contristetur,
1162 2761 1239 2838 quia
1259 2760 1412 2837 purgatio
1426 2759 1487 2821 est.
1501 2760 1541 2820 st
1553 2758 1629 2819 ideo
1643 2771 1725 2833 pur-

68 2856 117 2918 tes
136 2855 171 2914 in
188 2855 363 2932 principio,
385 2858 574 2933 emergente
587 2858 699 2935 aliqua
715 2859 868 2919 adversi·
923 2860 979 2935 gat
993 2873 1068 2919 eum
1092 2858 1236 2919 coelestis
1251 2858 1410 2934 agricola,
1437 2858 1473 2918 ut
1487 2856 1629 2918 trucium
1649 2853 1724 2931 plus

69 2954 135 3013 tate
148 2952 248 3029 liujus
260 2953 386 3025 saeculi,
408 2954 463 3015 vel
479 2954 684 3027 difficultate,
706 2955 869 3016 desistunt
923 2957 1052 3028 afferat,
1070 2957 1148 3034 quia
1169 2957 1255 3018 sicut
1272 2956 1395 3032 legitur
1409 2977 1416 3015 :
1431 2957 1500 3016 Nec
1518 2967 1677 3030 prospera
1692 2952 1725 3012 te

69 3065 88 3110 a
117 3048 204 3111 bono
219 3066 330 3127 opere,
353 3052 387 3112 et
406 3052 576 3113 declinant
597 3053 638 3114 ad
659 3052 794 3114 malum.
822 3055 868 3113 De
923 3055 1077 3126 allevent,
1102 3070 1162 3115 nec
1191 3054 1331 3115 adversa
1357 3056 1389 3115 te
1405 3051 1611 3122 conturbent,
1633 3048 1724 3127 quia,

70 3147 188 3225 quibus
213 3149 249 3209 in
278 3148 340 3210 Job
357 3170 365 3209 :
381 3151 542 3210 secetur·
570 3154 669 3224 quast
701 3154 804 3212 vitreo
831 3154 869 3212 ie
924 3153 1010 3214 sicut
1024 3153 1151 3214 exaltat
1164 3152 1269 3213 malos
1285 3153 1320 3213 in
1337 3152 1401 3213 hoc
1425 3152 1547 3212 saeculo
1567 3148 1652 3209 utin
1667 3146 1724 3206 iu-

67 3248 183 3322 primo
195 3246 283 3318 itere
297 3247 415 3321 botrus
426 3251 502 3320 ejus
515 3246 601 3326 (Job.
617 3265 673 3320 xv,
684 3247 751 3326 33).
763 3248 869 3309 Vinea
923 3250 998 3312 turo
1018 3249 1245 3321 humilientur,
1273 3251 1321 3311 ita
1345 3248 1498 3309 humiliat
1517 3247 1550 3309 et
1569 3243 1726 3322 opprimit

71 3342 201 3405 laediiur
214 3344 248 3405 in
267 3343 374 3419 primo
390 3344 482 3417 tiore,
498 3346 526 3405 si
542 3346 673 3423 quando
689 3346 791 3407 nimio
805 3346 869 3407 iri·
924 3347 1027 3409 bonos
1040 3350 1072 3408 et
1082 3349 1190 3423 Justos
1205 3346 1444 3408 tentationibus
1459 3347 1493 3406 in
1504 3345 1567 3406 boc
1589 3341 1722 3415 mundo,

71 3455 159 3515 gore,
175 3441 466 3516 sanguinantem
483 3444 580 3505 modo
602 3444 696 3504 multi
713 3444 869 3505 ilorentes
926 3445 1006 3504 utin
1022 3444 1133 3505 futuro
1145 3444 1346 3505 exaltentur.

71 3537 164 3600 bonis
180 3539 347 3616 operibus,
364 3542 459 3617 quasi
486 3542 583 3602 vinea
603 3542 786 3617 tanguntur
804 3541 870 3602 iri·
966 3541 1059 3604 Unde
1074 3541 1108 3601 in
1120 3541 1352 3602 Ecclesiastico
1370 3562 1377 3599 :
1397 3544 1487 3601 Vasa
1498 3541 1593 3613 specu
1604 3537 1726 3612 probet
1738 3596 1775 3631 Ὗ

71 3652 159 3712 gore,
185 3637 281 3707 idest,
310 3638 521 3711 adversitate,
537 3639 569 3700 et
582 3641 792 3702 marcescunt
808 3655 869 3700 eo·
925 3642 1065 3714 fornace,
1091 3640 1124 3700 et
1144 3642 1298 3699 ltoririncs
1311 3638 1427 3711 justos
1449 3637 1592 3699 tentatio
1612 3635 1725 3695 tribe·
1825 3702 1833 3709 g

71 3748 143 3794 rum
158 3734 256 3805 botri,
269 3735 354 3797 idest
369 3736 479 3807 tiores,
498 3737 582 3798 idest
593 3737 688 3798 bonae
704 3739 872 3814 operatio·
925 3738 1063 3798 lotionis
1075 3734 1190 3814 (Eccli.
1204 3733 1366 3814 xxvii,6).
1378 3736 1470 3796 Sicut
1480 3734 1571 3794 calor
1581 3731 1727 3794 fornacis

72 3846 138 3893 nes.
156 3832 221 3893 Sed
237 3832 314 3910 quid
326 3834 458 3909 prodest
472 3834 521 3895 eis
533 3835 618 3911 quod
631 3835 736 3911 primo
749 3834 872 3896 luerint
926 3835 1060 3895 indurat
1078 3849 1158 3894 vasa
1175 3834 1300 3906 iictilia,
1318 3849 1391 3910 quae
1405 3833 1499 3909 prius
1519 3831 1615 3893 erant
1636 3829 1725 3890 mol-

72 3928 872 4008 ierventesinbonoopare.sitamcitodesistunt
927 3931 992 4005 lia,
1028 3933 1075 3994 ita
1110 3933 1248 3994 tentatio
1286 3930 1512 3993 tribulationis
1552 3927 1727 3990 conilrmat

73 4043 129 4105 pro
143 4027 287 4104 aliquus
309 4029 539 4104 malignitatei
560 4031 653 4092 Unde
666 4032 869 4106 Gregorius:
927 4032 1060 4090 sanctos
1080 4030 1115 4089 in
1137 4030 1228 4090 omni
1250 4029 1390 4091 veritate
1417 4028 1450 4090 et
1469 4025 1611 4104 justitia,
1628 4025 1727 4102 juxta

73 4126 275 4186 «Incassum
308 4123 430 4185 bonum
466 4127 594 4202 agitur,
632 4128 661 4187 si
689 4131 766 4188 ante
795 4128 872 4190 vitae
928 4127 1012 4204 quod
1040 4127 1120 4188 dicit
1138 4126 1388 4189 ιῐιιοοὶιεοιιινισ
1408 4128 1574 4202 gaudem:
1597 4123 1726 4185 existi-

72 4223 250 4286 terminum
284 4222 510 4283 deseratur.»
547 4226 584 4285 st
609 4225 785 4301 Apostolus
811 4241 871 4286 nos
928 4226 1032 4296 ritate,
1049 4227 1191 4298 farcires,
1208 4241 1287 4286 marn
1303 4224 1493 4285 incideritis
1509 4227 1544 4283 in
1561 4221 1727 4282 tentatio-

72 4318 873 4395 noratur,diceanaomnnroctcivtesmonceg-
929 4337 1009 4383 :wne
1039 4320 1122 4400 (lac.
1153 4338 1176 4394 ι,
1206 4320 1251 4401 2).
1280 4325 1319 4384 Et
1352 4321 1510 4382 Dominus
1532 4341 1539 4379 ι
1559 4322 1639 4379 Jam
1667 4332 1728 4379 eos

72 4420 204 4478 emarus
219 4417 304 4494 (Gal.
321 4434 366 4489 vr,
382 4417 427 4495 9).
444 4419 527 4491 Quia
539 4419 662 4495 legitur
677 4419 710 4478 in
727 4422 874 4495 Evange-
927 4423 1047 4481 micitdi
1059 4419 1145 4481 estis
1155 4422 1301 4494 propter
1314 4433 1510 4480 serationem
1529 4433 1629 4491 quem
1643 4421 1731 4477 tocu-

72 4513 466 4589 1i021v0nqutcoeperrt,
483 4518 874 4590 sedprriperseccrouf-
928 4519 984 4579 tus
1010 4532 1088 4578 sum
1117 4520 1211 4579 oobis
1233 4514 1343 4595 (Joan.
1369 4533 1425 4588 xv,
1446 4514 1492 4594 3).
1515 4517 1622 4592 Super
1639 4514 1728 4574 buno

71 4613 243 4686 ritusque
262 4616 298 4672 tn
316 4613 433 4684 siuem,
451 4615 635 4674 bicsatous
652 4614 720 4674 erit
739 4613 871 4692 (llattlr.
927 4614 1036 4676 locum
1065 4614 1145 4676 dicit
1168 4615 1385 4692 Augustinus,
1408 4616 1493 4691 quod
1516 4613 1665 4673 Christus
1687 4610 1729 4672 de

72 4725 104 4781 x,
119 4711 186 4784 22).
210 4710 313 4784 Igitur
327 4726 456 4771 omnem
477 4711 645 4787 palmitem
672 4727 737 4771 non
763 4711 874 4772 ieron·
927 4712 1091 4790 baptismo
1118 4713 1161 4775 sit
1183 4712 1311 4774 locutus
1335 4713 1406 4773 haec
1421 4711 1535 4773 verba.
1554 4709 1617 4770 Sed
1635 4723 1730 4786 quae-

72 4809 137 4867 tem
160 4807 314 4878 trucium,
332 4807 384 4867 vel
403 4807 562 4869 serentem
578 4808 710 4885 quidem
727 4810 783 4869 sed
807 4826 873 4870 non
929 4810 1067 4871 rendum
1083 4810 1178 4871 nobis
1193 4812 1253 4882 est,
1272 4826 1375 4887 quare
1387 4825 1451 4869 non
1467 4809 1553 4869 dixit
1564 4824 1582 4866 ‹<
1595 4807 1729 4884 propter

71 4902 206 4976 bonum,
231 4905 284 4965 vei
312 4904 471 4966 serentem
496 4905 618 4966 bonum
638 4906 694 4966 sed
711 4907 875 4969 citodeti-
927 4908 1128 4985 baptismum
1163 4907 1248 4985 quod
1284 4907 1360 4968 dedi
1394 4905 1499 4977 vobis,
1534 4921 1608 4966 oum
1644 4903 1730 4966 dixit

73 5002 226 5069 cientem,
243 5001 338 5063 tollet
352 5003 495 5064 coelestis
513 5004 672 5079 agricola.
689 5006 874 5066 sionnam
929 5007 1064 5082 propter
1072 5021 1258 5066 sermonem
1272 5020 1368 5080 quem
1379 5003 1588 5065 locutussum
1596 5001 1729 5062 vobis.»

73 5101 128 5179 qui
150 5100 215 5161 iert
231 5100 384 5171 iructum,
404 5101 558 5178 purgabit
573 5117 659 5173 eum,
681 5103 717 5163 ut
730 5101 873 5164 iructum
929 5104 975 5164 Ad
994 5103 1057 5164 boc
1081 5102 1250 5163 sciendum
1271 5102 1356 5179 quod
1381 5116 1468 5178 aqua
1483 5100 1637 5178 baptismi
1654 5100 1727 5161 sine

73 5197 874 5277 plusaiierat.Palmitesiaciuntiructumquando
929 5200 1030 5262 verbo
1045 5217 1111 5262 non
1132 5201 1232 5262 lavat.
1267 5199 1331 5260 sed
1355 5199 1441 5260 sicut
1465 5214 1552 5277 aqua
1580 5198 1729 5259 exterius

73 5295 188 5358 tideles
211 5294 337 5356 iaciunt
358 5311 441 5373 opus
465 5296 598 5368 bonum,
624 5297 681 5358 sed
695 5299 805 5359 tamen
820 5299 875 5359 in·
929 5299 1019 5360 lavat
1042 5314 1178 5376 corpus,
1207 5297 1253 5359 ita
1275 5297 1383 5374 gratia
1405 5297 1502 5374 aquis
1530 5296 1642 5357 intusa
1671 5308 1730 5373 per

73 5392 187 5470 digent
201 5393 409 5469 purgatione.
928 5396 1065 5458 verbnm
1091 5397 1179 5458 lavat
1201 5396 1352 5457 interius.
1381 5394 1473 5457 Unde
1498 5394 1727 5470 Augustinus:

114 5491 209 5554 Unde
223 5490 395 5552 sciendum
410 5492 555 5569 estquod
567 5492 672 5553 tribus
688 5493 794 5554 modis
807 5510 876 5556 coe-
929 5495 1097 5556 «Accedit
1111 5493 1248 5557 verbum
1267 5493 1309 5555 ad
1335 5494 1546 5564 elementum,
1564 5494 1596 5553 et
1616 5490 1652 5552 itt
1671 5506 1729 5551 sa·

72 5588 167 5651 lestis
181 5588 331 5664 agricola
346 5591 467 5666 purgat
480 5590 633 5668 palmites
648 5606 736 5662 suos,
752 5591 876 5653 videli—
930 5595 1187 5668 crementum»
1209 5592 1296 5653 unde
1322 5591 1416 5654 tanta
1441 5590 1547 5652 virtus
1571 5605 1665 5666 aquae
1694 5589 1731 5649 ut

73 5690 135 5761 cat,
156 5686 333 5765 temporali
359 5687 572 5761 adversitate,
593 5688 759 5769 corporali
776 5690 874 5753 indr-
929 5706 1049 5769 corpus
1070 5690 1185 5768 tangat
1208 5692 1242 5752 et
1264 5706 1323 5752 cor
1345 5689 1469 5762 abluat,
1494 5686 1560 5748 nisi
1586 5685 1729 5747 iaciente
