3802 6166
55 286 118 347 689

55 444 225 517 nasteriis,
243 444 354 505 valeat
367 443 560 509 reaccendi:
572 443 852 507 discretionives-

54 546 117 605 trae
132 557 191 619 per
204 542 394 619 Apostolica
407 541 530 619 scripta
545 542 750 614 mandamus,
768 542 801 604 et
814 542 850 604 in

53 640 179 701 virtute
213 638 412 701 obedientia
440 638 662 715 praecipimus,
688 640 851 718 quatenus

55 752 117 813 per
141 752 200 797 vos
219 736 320 814 ipsos,
338 737 394 798 aut
418 751 478 812 per
494 735 684 812 religiosas,
701 736 850 799 circum-

56 834 254 912 spectasque
275 848 454 909 personas,
476 849 577 911 supra
598 834 696 896 dictis
716 850 852 896 monas-

54 932 152 994 teriis
181 931 385 993 visitationis
417 931 602 993 antidotum
628 932 848 1008 impendatis3

54 1027 278 1091 reformantes
309 1030 341 1091 et
371 1028 576 1104 corrigentes
607 1029 642 1089 in
674 1029 724 1090 eis
753 1032 850 1105 juxta

55 1126 205 1205 praedicti
219 1124 361 1186 coenobii
377 1126 510 1197 statuta,
527 1142 600 1203 quae
621 1126 849 1198 correctionis,

55 1226 90 1287 et
115 1223 362 1285 reformationis
385 1223 496 1285 officio
519 1223 673 1285 videritis
687 1224 849 1298 indigere.

96 1323 215 1383 Datum
237 1321 405 1389 Laterani,
420 1320 519 1382 tertio
538 1320 699 1382 kalendas
722 1320 849 1398 aprilio,

54 1418 268 1502 pontificatus
283 1417 388 1480 nostri
399 1433 487 1480 anno
500 1419 541 1479 ll.

342 1650 570 1739 CLXXXIII

54 1805 107 1868 Aa
119 1803 274 1864 abbatem
287 1803 320 1864 et
335 1803 540 1865 conventum
555 1801 667 1863 adtacti
686 1803 852 1864 Vincenttt

198 1901 550 1962 Premebat-ratensis
564 1903 708 1962 ordirztr.

345 2030 454 2103 iapril.
470 2031 549 2088 1218.

111 2155 206 2221 [liuga
218 2154 330 2206 Annales
340 2154 438 2205 ordinis
447 2154 597 2205 Praemonst.
607 2155 638 2212 11,
649 2153 723 2219 prob.
733 2154 803 2219 dib]

68 2282 225 2342 Confirmat
239 2280 470 2338 substitutionem
483 2280 798 2337 Pramoustratemium
811 2280 840 2336 iu

163 2372 257 2429 locum
270 2368 477 2427 monachorum
490 2370 583 2426 sancti
592 2368 743 2428 vincentii.

95 2488 266 2549 Honorius
302 2487 499 2565 episcopus,
529 2502 645 2547 servus
680 2500 851 2548 servorum

56 2587 128 2658 Ilei,
139 2585 269 2646 dilectis
285 2585 363 2646 filiis
380 2583 490 2645 abbati
504 2583 537 2644 et
553 2584 729 2646 conventui
744 2584 851 2645 sancti

57 2682 227 2745 vincentii
247 2682 573 2744 Praemonstratensis
597 2681 736 2753 ordinis,
760 2682 852 2743 salu-

54 2785 122 2843 tem
138 2784 172 2843 et
186 2780 401 2857 apostolicam
415 2779 690 2840 benedictionem.

99 2879 178 2937 Cum
203 2892 223 2937 a
245 2876 340 2937 nobis
361 2876 484 2953 petitur
507 2874 592 2953 quod
612 2876 738 2951 justum
754 2875 804 2936 est
818 2876 851 2936 et

61 2975 248 3045 honestum,
264 2975 332 3035 tam
351 2974 446 3050 vigor
467 2973 633 3051 aequitatis
652 2989 751 3049 quam
769 2973 851 3034 ordo

56 3073 165 3148 exigit
177 3070 328 3143 rationis,
345 3073 382 3132 ut
396 3071 429 3131 id
443 3086 502 3147 per
522 3070 779 3131 sollicitudinem
795 3069 849 3131 of-

56 3170 125 3231 ficii
141 3169 247 3230 nostri
259 3170 300 3230 ad
311 3167 456 3230 debitum
472 3167 671 3244 perducatur
685 3168 849 3228 effectum.

57 3269 146 3327 Sane
161 3282 234 3328 cum
257 3265 352 3327 bonae
372 3265 539 3326 memoriae
562 3264 737 3342 Syroslaus
753 3267 853 3326 Wra-

55 3364 260 3425 tislaviensis
275 3363 459 3439 episcopus,
476 3378 496 3423 a
520 3362 722 3424 monasterio
741 3363 851 3424 vestro

56 3462 166 3535 nferis
181 3461 364 3532 monachis,
390 3460 448 3537 qui
470 3475 545 3522 esse
562 3463 805 3522 consueverant
817 3460 851 3521 in

56 3560 184 3631 eodem,
199 3560 334 3637 propter
360 3574 512 3620 enormes
535 3573 694 3620 excessus
716 3574 805 3630 suos,
819 3560 853 3620 et

55 3657 219 3719 bonorum
246 3656 394 3733 ejusdem
421 3656 614 3717 monasterii
634 3655 851 3732 dilapidatio-

57 3772 146 3827 nem,
170 3756 296 3832 ejectis,
319 3754 482 3825 statuerit,
500 3756 536 3814 ut
549 3754 584 3814 in
602 3754 730 3824 eodem,
749 3755 852 3816 vestri

55 3855 181 3915 statuta
193 3852 320 3913 ordinis
332 3851 557 3922 servarentur,
570 3849 656 3928 quod
671 3850 766 3913 bonae
781 3868 853 3913 me-

55 3951 173 4011 moriae
186 3952 303 4013 Petrus
317 3950 405 4010 tituli
421 3950 528 4010 sancti
536 3948 685 4010 Marcelli
700 3949 852 4027 praesby-

56 4052 119 4120 ter,
133 4049 212 4110 tunc
227 4048 357 4109 Sauctae
368 4047 524 4108 Mariaein
537 4047 599 4108 Via
613 4046 680 4108 lata
693 4046 853 4109 diaconus

56 4146 240 4208 cardinalis
256 4146 385 4220 legatus
402 4144 496 4206 Sedis
515 4145 716 4221 Apostolicae
730 4159 854 4221 appro-

57 4244 159 4305 bavit.
189 4245 258 4304 Nos
281 4242 401 4304 vestris
436 4242 730 4319 postulationibus,
757 4245 853 4318 grato

58 4343 297 4403 concurrentes
325 4356 487 4412 assensu,
524 4339 608 4416 quod
642 4356 663 4399 a
695 4340 854 4416 praedicto

58 4439 215 4515 episcopo
242 4437 378 4515 provide
402 4436 601 4507 factumest,
624 4437 659 4497 in
675 4436 738 4498 hac
761 4441 854 4513 parte

59 4535 149 4597 atah
164 4536 279 4597 eodem
295 4536 415 4611 legato,
432 4534 518 4596 sicut
528 4534 650 4595 dictum
662 4536 723 4605 est,
734 4549 857 4612 appro-

59 4632 184 4705 batum,
203 4632 435 4709 praedictorum
449 4631 688 4693 monachorum
704 4632 856 4693 molesta·

60 4732 152 4793 tione
184 4730 330 4791 indebita
360 4745 426 4790 non
462 4728 635 4800 obstante,
659 4729 856 4791 auctoritate

59 4829 251 4904 Apostolica
295 4828 553 4899 confirmamus,
600 4830 634 4889 et
681 4828 856 4903 praesentis

61 4926 178 5001 scripti
194 4925 378 5002 patrocinio
400 4923 653 4985 communimus.
670 4924 762 4987 Nulli
777 4941 856 5000 ergo

61 5023 197 5084 omnino
210 5022 380 5083 hominum
394 5022 494 5084 liceat
505 5022 591 5083 hanc
606 5022 762 5099 paginam
775 5038 856 5083 nos-

62 5124 123 5182 tre
139 5120 412 5190 confirmationis
430 5122 492 5180 etc.

103 5218 222 5279 Datum
237 5218 402 5288 Laterani,
421 5218 463 5278 IV
483 5233 587 5277 nonas
605 5216 733 5295 aprilis
749 5217 860 5294 ponti-

64 5316 183 5387 ocutus
198 5316 304 5381 nostri
317 5330 405 5377 anno
420 5314 576 5377 secundo.

679 285 909 349 EPISI'OLAE.
932 285 1011 347 LIB.
1035 286 1077 347 11.

1644 292 1706 355 ooo

1195 452 1421 546 CLXXXIV

944 598 997 658 Ad
1011 599 1206 672 episcopum
1219 600 1415 662 Nacratetcn.
1432 601 1465 663 ct
1485 602 1653 664 decanum
1670 604 1704 665 ef
1764 600 1768 607 “

1020 698 1300 757 archidiaconum
1314 702 1589 775 Aitdepovcrtses.

1202 818 1405 890 iaprlldfld.

936 929 1056 995 [fluet.
1066 931 1110 982 lib.
1120 932 1152 991 ll,
1161 932 1235 997 epist.
1248 933 1317 983 1003.
1331 935 1388 984 llss.
1402 936 1439 985 La
1451 935 1527 985 Porta
1535 936 1571 987 du
1579 936 1674 1002 lircil]

905 1037 1021 1095 Mandat
1031 1045 1061 1096 ut
1078 1046 1229 1111 procurent
1244 1040 1273 1095 in
1289 1042 1463 1098 monasterio
1475 1043 1640 1115 Burgolicn.
1659 1060 1704 1103 re·

940 1127 1016 1199 gulsa
1031 1128 1127 1185 Sancti
1142 1128 1288 1187 Benedicti
1301 1132 1429 1187 strictam
1445 1129 1667 1190 observantiam.

945 1245 1126 1317 Honorius,
1139 1247 1213 1317 eto,
1228 1247 1384 1308 venerab.
1401 1247 1532 1309 fratri...
1550 1250 1705 1327 episcopo

906 1342 1093 1404 Nanneten.
1114 1343 1250 1406 decano.
1268 1344 1301 1405 et
1319 1348 1357 1406 G.
1376 1345 1611 1409 archidiacono
1631 1351 1705 1410 An·

906 1439 1066 1516 degaven.

945 1537 993 1599 Ad
1009 1538 1212 1601 audientiam
1225 1542 1372 1603 nostram
1388 1540 1509 1603 dilecto
1524 1541 1630 1603 lilio...
1645 1541 1707 1603 ab·

906 1631 981 1695 bate
993 1636 1183 1711 Burgolien.
1193 1637 1387 1698 monasterii
1405 1637 1571 1700 referente
1586 1655 1706 1715 perva-

906 1730 965 1801 nit,
981 1731 1066 1808 quod
1083 1748 1156 1792 cum
1170 1732 1203 1791 in
1220 1732 1336 1793 eodem
1349 1735 1580 1796 monasteri0a
1597 1735 1705 1811 prima

906 1827 957 1886 sui
973 1827 1167 1889 fundatione
1193 1829 1274 1891 ordo
1296 1830 1498 1893 monasticus
1522 1830 1624 1895 fuerit
1643 1832 1704 1895 sub

905 1922 993 1986 beati
1018 1926 1188 1987 Benedicti
1218 1927 1333 2002 regula
1356 1928 1536 2000 institutus,
1554 1929 1594 1989 de
1614 1945 1702 1992 novo

907 2022 1040 2099 quidam
1052 2023 1087 2083 in
1100 2024 1173 2100 ipso
1185 2023 1249 2085 sibi
1260 2026 1532 2101 repugnantiaet
1539 2027 1703 2089 nonnulla

906 2121 1021 2181 contra
1049 2122 1199 2197 regulam
1234 2122 1310 2182 sunt
1339 2124 1461 2184 statuta
1489 2124 1701 2200 praedIctam,

906 2219 1039 2294 propter
1054 2217 1140 2295 quod
1155 2219 1190 2279 in
1205 2220 1319 2281 eodem
1339 2219 1411 2281 loco
1427 2220 1656 2283 aemulationes
1672 2222 1705 2285 et
1773 2238 1776 2243 ·
1855 2240 1862 2247 ·

906 2314 1064 2376 scandala
1096 2316 1190 2393 quasi
1215 2318 1342 2393 jugiter
1367 2317 1580 2380 suscitantur.
1611 2320 1705 2381 Unde

906 2410 1001 2473 nobis
1023 2411 1195 2474 humiliter
1218 2413 1417 2491 supplicavit
1438 2416 1475 2476 ut
1488 2418 1560 2493 jam
1581 2416 1704 2478 dictum

907 2511 1145 2571 monasterium
1155 2510 1196 2571 ad
1208 2527 1414 2573 communem
1428 2513 1550 2574 statum
1561 2512 1705 2575 aliorum

906 2606 1055 2683 ejusdem
1070 2608 1197 2669 ordinis
1220 2608 1380 2670 reducere
1395 2609 1620 2687 dignaremur.
1635 2612 1704 2672 Nos

906 2703 1009 2778 igitur
1033 2704 1136 2781 quieti
1151 2705 1184 2765 et
1196 2705 1431 2782 tranquillitati
1451 2707 1703 2769 consistentium

906 2799 990 2860 inihi
1000 2800 1175 2877 providere
1189 2803 1348 2874 volentes,
1364 2801 1556 2865 discretioni
1581 2804 1702 2866 vestrae

907 2913 967 2974 per
976 2898 1165 2975 apostolica
1178 2900 1302 2977 scripta
1310 2901 1516 2973 mandamus,
1527 2903 1702 2978 quatenus,

906 2996 935 3056 si
949 2998 999 3057 est
1013 2996 1069 3068 ita,
1091 3012 1205 3058 omnes
1219 2998 1365 3075 ejusdem
1381 2999 1575 3061 monasterii
1588 3000 1620 3061 et
1635 2999 1708 3060 sin-

906 3093 1003 3169 gulos
1027 3093 1069 3154 ad
1100 3094 1266 3171 praedictae
1301 3095 1426 3172 regulae
1462 3096 1707 3158 observantiam

907 3191 979 3251 vice
994 3192 1107 3252 nostra
1128 3190 1286 3252 iuducere
1306 3192 1501 3268 procuretis,
1516 3194 1708 3254 contradic-

906 3290 1013 3359 tores,
1035 3288 1135 3366 siqui
1158 3288 1364 3365 postmodum
1393 3290 1624 3366 apparuerint,
1645 3306 1706 3367 per

906 3385 1353 3447 censuramecclesiasticam
1368 3386 1593 3463 appellatione
1615 3390 1707 3464 post-

906 3481 1026 3557 posita,
1040 3482 1294 3558 compescend03
1315 3499 1381 3544 non
1411 3483 1560 3545 obstante
1580 3484 1708 3545 consti-

906 3578 1033 3639 tutione
1051 3595 1152 3655 super
1175 3580 1273 3657 hujus
1300 3581 1432 3642 statutis
1453 3584 1568 3642 contra
1589 3584 1626 3641 B.
1646 3584 1710 3642 Be-

906 3675 1708 3755 nedictiregulamadinventisaSededpostolica

906 3774 1092 3851 impetrata.
1104 3775 1195 3848 Quod
1211 3774 1312 3836 sinon
1327 3791 1453 3848 omnes,
1465 3778 1540 3847 etc„
1554 3777 1591 3838 tu
1607 3775 1711 3838 frater

907 3871 1148 3949 episcopocum
1163 3887 1280 3933 eorum
1295 3873 1411 3944 altero,
1426 3874 1488 3935 etc.
1507 3875 1626 3935 Datum
1638 3875 1706 3934 La-

906 3968 1025 4040 terani,
1051 3972 1169 4047 quarto
1203 3985 1308 4031 nonas
1337 3971 1466 4047 aprilis,
1497 3968 1713 4050 pontificatus

907 4068 1015 4129 nostri
1031 4083 1120 4130 anno
1133 4068 1290 4130 secundo.

1209 4245 1414 4333 CLXXXV

931 4388 984 4447 Ad
995 4388 1184 4448 Artsclmcot
1198 4389 1464 4449 memoriensem
1477 4391 1685 4462 apocope-m.

1208 4508 1225 4565 1
1240 4509 1320 4582 april.
1337 4510 1415 4567 fala.

945 4624 1064 4685 [depost.
1072 4623 1116 4673 lib.
1128 4625 1159 4679 ll,
1171 4622 1246 4687 epist.
1259 4623 1329 4674 foof.
1340 4624 1395 4674 llss.
1406 4626 1442 4675 La
1453 4625 1531 4674 Porta
1541 4623 1577 4674 du
1585 4624 1680 4689 Thell]

912 4729 1046 4788 Concedit
1055 4730 1089 4787 ad
1100 4731 1253 4788 alencium
1263 4732 1407 4793 licentiam
1420 4730 1560 4789 retinendi
1571 4730 1711 4788 beneficia

949 4833 1013 4890 quae
1028 4826 1094 4875 aute
1109 4819 1277 4877 electionem
1289 4820 1325 4876 ad
1347 4820 1476 4893 regimen
1493 4820 1622 4877 ecclesiae
1635 4822 1710 4878 Lau·

950 4906 1088 4965 dunensis
1107 4907 1279 4966 obtinuerat.

955 5025 1134 5096 Honorius,
1152 5028 1228 5093 etc„
1247 5024 1432 5088 venerabili
1455 5025 1616 5089 fratri.....
1639 5028 1712 5087 lin-

914 5119 1018 5180 selmo
1033 5119 1227 5182 Laudunen.
1242 5121 1409 5198 episcopa.

955 5217 1154 5294 Supplicasti
1170 5217 1266 5279 nobis
1278 5220 1314 5279 ut
1324 5235 1398 5280 cum
1409 5218 1621 5295 episcopatus
1635 5220 1712 5281 tuus

915 5330 1033 5390 magno
1049 5316 1330 5391 prematuronere
1352 5315 1548 5388 debitorum,
1565 5316 1711 5378 retinere

914 5411 1076 5472 beneficia
1100 5428 1172 5490 qttae
1197 5412 1382 5484 obtinebas,
1402 5414 1534 5490 quando
1558 5414 1651 5475 fuisti
1670 5414 1712 5475 ad

915 5509 1062 5583 regimen
1079 5508 1229 5572 ecclesiae
1246 5510 1437 5571 Lavrdunen.
1456 5513 1655 5587 assumptus
1670 5509 1710 5570 de

915 5608 1027 5667 nostra
1050 5606 1109 5670 tihi
1132 5608 1350 5685 permissione
1379 5608 1504 5670 liceret.
1526 5606 1711 5682 Nosigitur
1806 5646 1809 5651 -
