3802 6166
14 282 18 291 ι
119 216 225 321 67¹..

121 416 350 498 runt,tempus
360 418 464 497 ipsius
475 416 614 481 concilii
626 417 841 496 appellationi
852 434 922 481 sua

122 518 301 583 terminum
316 516 523 595 praefigentes
534 537 541 576 ε
551 516 592 578 ad
604 532 701 593 quem
712 516 798 577 idem
811 518 922 579 custos

122 632 186 679 nec
200 618 314 679 venire
329 615 467 683 curavit,
482 630 543 676 nec
558 614 777 676 sufficientem
792 615 922 677 mittere

121 713 360 793 responsalem.
379 712 472 774 Unde
488 712 528 773 ad
544 712 675 790 praefati
702 711 830 775 abbatis
852 714 924 775 ins-

123 814 274 885 tantiam,
286 811 343 891 qui
358 828 423 872 non
449 812 522 872 sine
534 811 691 887 gravibus
708 811 876 872 laboribus
891 815 924 873 et

124 910 279 988 expensis
303 909 390 987 apud
412 909 529 971 sedem
545 909 767 987 apostolicam
797 909 922 970 diutius

123 1009 356 1086 exspectaret,
394 1008 480 1069 idem
514 1007 740 1084 praedecessor
770 1010 920 1070 noster...

123 1107 235 1169 abbati
262 1106 302 1168 de
321 1107 425 1168 Ticon
450 1108 483 1168 et
509 1105 646 1181 collegis
668 1106 772 1183 ipsius
796 1106 924 1168 dederit

72 1224 75 1229 ·
123 1204 246 1267 litteris
261 1205 295 1265 in
318 1204 493 1276 mandatis,
511 1206 548 1265 ut
566 1203 740 1282 praesatum
755 1205 923 1266 custodem

63 1330 66 1335 ·
123 1302 160 1364 in
191 1303 348 1380 expensis
385 1302 542 1379 legitimis
580 1302 857 1374 condemnanteS,
890 1302 925 1362 in

124 1417 228 1462 causa
243 1402 315 1478 ipsa
329 1401 563 1478 procederent3
580 1400 613 1462 et
627 1416 700 1461 eam
720 1400 923 1466 deciderent,

95 1498 156 1559 ·si
182 1499 271 1559 esset
297 1498 337 1559 de
374 1499 519 1574 partium
554 1497 734 1558 voluntate.
768 1497 925 1575 Alioquin

125 1596 275 1657 eamdem
287 1595 328 1656 ad
342 1595 458 1656 Sedem
473 1595 694 1672 apostolicam
705 1595 923 1665 remitterent,

125 1693 330 1755 sufficienter
340 1692 546 1763 instructam,
559 1692 767 1769 praefigentes
778 1692 926 1769 partibus

127 1791 303 1853 terminum
330 1790 588 1865 competentem3
616 1805 680 1865 quo
708 1791 843 1866 propter
864 1788 926 1850 1100

125 1886 927 1964 apostolicoseconspectnipresentarentsaepe

127 1984 215 2047 dicto
230 2001 310 2061 ergo
325 1985 460 2047 custode
481 1984 702 2061 respondente
715 2001 826 2047 coram
835 1985 929 2062 judi-

127 2081 222 2145 cibus
250 2084 353 2161 ipsis,
385 2084 470 2159 quod
506 2082 584 2144 licet
613 2083 759 2160 praedia,
788 2100 927 2161 quorum

126 2180 259 2259 petebat
280 2181 448 2252 decimae,
486 2181 593 2242 dictus
621 2181 722 2242 abbas
748 2181 927 2259 aliquando

127 2295 246 2341 revera
260 2295 321 2340 sua
336 2279 480 2352 fecisset,
497 2294 536 2340 ea
557 2280 668 2341 tamen
694 2279 845 2341 ecclesiae
866 2279 927 2341 Al-

127 2376 222 2439 bensi
235 2378 433 2446 contulerat,
452 2377 550 2453 longe
567 2378 743 2453 antequam
757 2393 856 2454 super
866 2376 929 2437 hoc

128 2474 193 2537 sibi
205 2474 247 2537 ab
257 2476 330 2553 ipso
343 2475 461 2537 abbate
474 2475 612 2553 quaestio
623 2478 711 2537 mota
724 2477 820 2537 esset.
835 2474 929 2537 Unde

128 2590 338 2651 nequaquam
362 2574 433 2650 ipse
462 2574 638 2651 superbis
664 2574 843 2634 convenire
866 2573 929 2635 de-

129 2670 238 2742 bebat,
266 2671 324 2733 sed
349 2672 421 2749 ipsa
445 2671 597 2743 ecclesia,
615 2687 688 2747 quae
702 2671 789 2733 dicta
805 2671 930 2748 praedia

129 2769 341 2847 possedisset,
359 2770 439 2831 licet
456 2771 534 2831 tunc
549 2769 732 2845 provisioni
753 2769 833 2830 dicti
854 2786 932 2830 cus-

79 2936 82 2941 ,
129 2866 217 2929 todis
230 2867 345 2927 eadem
356 2866 586 2927 commisisset.
598 2865 722 2927 Abbate
735 2882 814 2927 vero
827 2882 845 2927 e
856 2883 932 2927 con·

129 2965 234 3026 trario
249 2966 419 3025 asserente
437 2986 444 3023 :
459 2963 544 3042 quod
560 2964 667 3025 dictus
690 2967 812 3037 custos
834 2966 929 3041 post-

131 3078 231 3140 quam
263 3061 304 3123 ad
335 3078 411 3124 eum
441 3062 529 3124 dicta
556 3062 681 3139 praedia
705 3062 928 3135 devenerunt,

130 3159 240 3237 ipsum
262 3157 413 3221 abbatem
437 3175 504 3220 non
529 3159 682 3221 albensis
695 3161 846 3221 ecclesiae
865 3178 929 3221 no-

131 3258 233 3330 mine,
245 3258 312 3319 imo
323 3274 383 3319 suo
398 3257 597 3335 probibuita
608 3260 819 3336 perceptione
833 3260 931 3321 solita

132 3357 356 3430 decimarum
373 3357 506 3418 tandem
517 3356 698 3433 capitulum
713 3356 819 3434 ipsius
829 3357 933 3419 eccle·

132 3455 193 3517 siae
203 3454 450 3532 praediaeadem
461 3454 502 3515 ad
516 3470 552 3516 se
565 3454 731 3531 pertinere
747 3454 929 3527 affirmans,

27 3546 30 3551 ’
132 3552 281 3631 praelatis
291 3552 473 3631 jndicibus,
486 3570 528 3613 ne
541 3553 576 3613 in
587 3569 688 3613 causa
701 3554 776 3630 ipsa
791 3554 825 3614 in
839 3570 930 3631 prae·

128 3650 291 3729 judicium
314 3652 387 3727 ejus
403 3650 629 3727 procederent,
653 3650 798 3713 inhibuit
812 3652 931 3729 appel-

132 3748 248 3823 lando;
274 3749 407 3826 propter
433 3748 518 3825 quod
542 3747 673 3825 Judices
701 3749 741 3810 de
763 3750 933 3811 voluntate

133 3847 278 3925 partium
293 3862 429 3908 causam
445 3846 550 3923 ipsam
570 3847 610 3907 ad
631 3863 772 3908 examen
787 3850 932 3925 Aposto-

133 3944 234 4004 licum
248 3944 459 4014 remiserunt,
476 3959 582 4005 nonas
592 3946 770 4007 ,lanuarias
783 3946 933 4023 proxime

134 4042 320 4119 praeteritas
357 4041 393 4101 in
420 4041 598 4102 terminum
632 4043 860 4119 assignantes,
891 4043 931 4103 ad

135 4154 232 4215 quem
253 4138 364 4198 nullus
388 4139 490 4210 venit,
519 4155 577 4215 pro
598 4144 668 4217 jam
680 4140 777 4201 dictis
788 4140 933 4217 capitulo

135 4236 189 4297 vel
209 4236 356 4307 custode,
374 4238 589 4313 procuratore
611 4237 716 4314 ipsius
739 4238 931 4300 monasterii

135 4332 259 4395 diutius
285 4335 508 4410 exspectante.
522 4336 572 4396 Ne
587 4335 690 4412 igitur
701 4335 808 4397 dictus
823 4338 933 4397 custos

135 4430 176 4493 de
186 4447 247 4493 sua
256 4432 541 4508 tergiversationis
555 4434 774 4505 contumacia,
793 4433 933 4495 ulterius

134 4529 306 4608 glorietur,
321 4530 512 4591 discretioni
531 4531 651 4591 vestrae
672 4547 731 4607 per
744 4531 933 4608 apostolica

135 4629 260 4705 scripta
274 4626 481 4695 mandamus,
498 4629 661 4705 quatenus
681 4628 832 4689 eumdem
857 4645 935 4689 cus-

134 4726 245 4789 todem
260 4725 517 4787 condemnantes
534 4726 568 4786 in
584 4726 741 4803 expensis
764 4726 932 4802 legitimis,

135 4826 170 4885 01
183 4824 223 4885 ad
246 4822 444 4884 solutionem
471 4823 604 4884 illarum
630 4824 853 4901 appellatione
875 4841 933 4887 re-

135 4922 237 4993 mota,
260 4937 319 4998 per
342 4938 502 4984 censuras
523 4922 768 4984 ecclesiasticas
790 4924 936 5001 compel-

136 5018 243 5080 latis:
268 5019 412 5081 audiatis
438 5019 568 5092 deinde,
592 5038 665 5097 quae
696 5024 935 5084 monasterium

136 5115 245 5193 ipsum
265 5133 325 5193 pro
340 5119 433 5194 parte
448 5134 520 5190 sua,
537 5124 570 5180 et
584 5136 656 5195 quae
672 5122 783 5182 custos
796 5121 828 5182 et
842 5120 936 5198 capi-

135 5214 242 5276 tulum
250 5214 408 5276 antedicti
419 5231 477 5291 pro
486 5231 522 5277 se
533 5215 689 5278 duxerint
702 5218 933 5294 proponenda3

135 5314 170 5374 et
183 5312 331 5373 incensa
346 5328 451 5389 usque
464 5312 505 5373 ad
515 5312 720 5375 definitivam
737 5316 935 5376 sententiam

136 5408 266 5471 sublato
281 5408 512 5485 appellationis
523 5409 692 5472 obstaculo
708 5413 933 5487 procedentes,

105 5548 108 5553 -
134 5507 230 5570 illam
245 5508 273 5568 si
287 5508 397 5584 partes
408 5508 649 5581 consenserint,
667 5508 732 5570 tine
743 5510 852 5572 debito
866 5514 937 5573 ter-

135 5606 289 5681 minetis;
306 5603 455 5683 alioquin
470 5605 620 5667 eamdem
632 5606 672 5668 ad
687 5623 748 5670 nos
758 5608 936 5671 remittatis

742 256 919 321 BONORII
940 258 986 323 111
1007 258 1156 323 OPERA.

1724 268 1776 327 dte

976 420 1397 496 sufficienterinstructam,
1411 422 1626 501 praefigentes
1635 424 1776 501 partibus

975 517 1154 579 terminum
1173 520 1424 595 competentem,
1452 538 1518 599 quo
1541 535 1602 597 per
1622 537 1777 597 procura·

977 615 1066 677 tores
1080 616 1218 677 idoneos
1228 619 1442 693 compareant
1450 633 1565 679 coram
1581 618 1689 691 nobis,
1703 635 1777 681 sen-

977 714 1115 775 tentiam
1140 716 1335 791 recepturae.
1360 716 1451 789 Quod
1481 717 1510 776 si
1537 732 1605 777 non
1629 734 1775 787 omnes,

978 810 1042 872 duo
1057 813 1217 874 vestrum.

1018 912 1136 971 Datum
1164 910 1337 982 Laterani,
1366 911 1494 973 decimo
1521 913 1623 974 tertio
1650 913 1777 974 kalend.

978 1007 1088 1085 april,
1103 1009 1313 1085 pontificatus
1329 1010 1434 1071 nostri
1453 1026 1543 1071 anno
1558 1012 1719 1074 secundo.

1296 1198 1470 1284 CLXVII

980 1340 1222 1401 1100110101
1245 1340 1278 1401 ct
1301 1344 1583 1403 orclcidiocoaum
1605 1342 1776 1404 Bisuntin.

1263 1463 1296 1520 tl
1313 1471 1396 1521 mart.
1412 1463 1491 1521 1218.

1016 1577 1134 1642 [aegest.
1146 1578 1188 1627 lib.
1200 1578 1231 1635 ll,
1242 1577 1317 1641 epist.
1330 1573 1385 1627 918.
1395 1576 1451 1628 llss.
1463 1580 1500 1629 La
1514 1580 1588 1629 Parte
1599 1578 1633 1628 du
1646 1580 1719 1629 Tbeil
1732 1579 1741 1643 ]

982 1687 1018 1744 Ut
1038 1685 1183 1756 querelam
1206 1684 1344 1742 adversus
1368 1690 1514 1742 cantorem
1539 1690 1569 1743 01
1598 1686 1781 1759 praepositum

1018 1775 1211 1832 lausanensis
1235 1775 1505 1843 000100101101111,
1530 1776 1699 1849 Apostolica
1720 1791 1781 1835 auc·

1018 1865 1130 1921 10111110
1141 1863 1285 1921 dirimant.

1022 1982 1199 2055 Honorius,
1217 1984 1292 2054 etc,
1312 1982 1441 2044 dilectis
1458 1983 1536 2043 tiliis
1558 1982 1666 2059 priori
1683 1983 1783 2045 sancti

983 2081 1116 2142 Pauli...
1144 2081 1284 2152 cantori,
1311 2081 1392 2150 et...‚
1418 2080 1659 2143 archidiacono
1683 2082 1782 2143 sancti

982 2180 1121 2243 Joannis
1141 2180 1305 2241 Bisuntin.

1023 2278 1169 2339 Dilectus
1206 2277 1294 2338 illius
1321 2278 1352 2339 J.
1377 2276 1562 2338 catholicus
1594 2278 1780 2337 Lausanen.

984 2375 1135 2436 ecclesiae
1149 2390 1209 2452 pro
1230 2390 1277 2446 se,
1300 2390 1338 2435 ac
1354 2373 1549 2452 quibusdam
1567 2372 1647 2434 aliis
1662 2390 1781 2435 conca-

985 2473 1114 2534 nonicis
1129 2473 1210 2543 suis,
1232 2472 1327 2533 nobis
1349 2470 1550 2533 insinuando
1574 2472 1779 2543 monstravit,

986 2571 1072 2648 quod
1094 2570 1276 2648 capitulum
1301 2570 1448 2647 ejusdem
1469 2569 1622 2631 ecclesiae
1638 2586 1699 2646 pro
1714 2586 1781 2629 mo-

985 2668 1058 2730 dico
1082 2668 1276 2745 reputantes
1298 2667 1460 2728 beneficia
1479 2667 1712 2729 ecclesiastica
1728 2668 1777 2727 in·

985 2766 1095 2843 dignis
1124 2766 1277 2827 conterre
1306 2765 1473 2842 personis,
1503 2766 1536 2824 C.
1566 2764 1728 2826 clericum
1753 2766 1781 2825 in

986 2864 1199 2943 praepositum
1214 2865 1475 2940 assumpserunt,
1491 2861 1547 2942 qui
1562 2879 1640 2925 cum
1655 2860 1780 2925 ratione

986 2964 1214 3040 praepositurae
1231 2962 1411 3023 secundum
1427 2963 1549 3024 statuta
1566 2963 1738 3023 canonum
1752 2963 1780 3022 et

986 3061 1051 3123 loci
1064 3060 1335 3123 consuetudinem
1356 3059 1572 3136 approbatam
1598 3059 1735 3121 deberet
1749 3060 1778 3119 in

986 3158 1214 3235 presbyterum
1242 3157 1439 3235 promoveri,
1465 3156 1688 3218 diminutione
1709 3172 1779 3234 pro-

986 3258 1050 3335 prii
1075 3256 1223 3334 corporis
1246 3257 1463 3333 repugnante,
1477 3271 1577 3331 quum
1604 3255 1650 3317 sit
1673 3270 1782 3316 mono·

986 3357 1092 3427 cuiue,
1114 3357 1147 3418 et
1171 3355 1256 3416 alias
1271 3355 1406 3431 indigne
1421 3368 1487 3414 non
1506 3354 1617 3430 potest
1639 3353 1780 3414 ecclesia

986 3455 1021 3515 11
1050 3454 1167 3515 ordine
1201 3453 1311 3515 debito
1348 3452 1557 3525 ministrare;
1589 3454 1629 3512 R.
1660 3465 1780 3529 quoque

988 3552 1145 3613 clericum
1174 3555 1289 3613 natum
1309 3550 1349 3611 de
1370 3550 1535 3609 adulterio
1553 3551 1725 3610 cantorem
1739 3548 1781 3608 ei-

987 3650 1062 3711 dem
1075 3650 1224 3711 ecclesiae
1235 3648 1455 3725 praefecerunt
1466 3647 1501 3707 in
1516 3646 1624 3723 ipsius
1639 3646 1779 3710 ecclesie

988 3748 1130 3808 dedecus
1155 3750 1190 3808 et
1208 3747 1385 3823 jacturam.
1420 3746 1530 3816 Quare
1552 3744 1651 3805 nobis
1682 3743 1781 3806 extitit

988 3844 1220 3921 supplicatum,
1236 3843 1341 3921 utqui
1357 3842 1508 3903 decorem
1525 3842 1645 3903 domus
1660 3840 1781 3905 Domini

988 3944 1139 4004 tenemur
1154 3941 1293 4015 diligere
1318 3958 1392 4001 cum
1413 3940 1586 4017 propbeta,
1602 3941 1711 4002 eidem
1728 3956 1779 4001 ec-

988 4039 1100 4102 clesiae
1141 4042 1281 4116 paterna
1316 4038 1540 4100 sollicitudine
1576 4041 1780 4117 providentes

989 4138 1164 4216 praedictos
1188 4138 1401 4215 praepositum
1424 4138 1457 4198 01
1471 4137 1642 4199 cantorem
1659 4138 1779 4200 tacere·

989 4252 1062 4297 mus
1090 4232 1131 4295 ab
1159 4232 1284 4295 eisdem
1310 4234 1528 4309 dignitatibus
1557 4236 1724 4307 amoveri3
1753 4234 1780 4293 et

989 4350 1090 4411 quum
1104 4349 1147 4394 ex
1161 4349 1201 4395 eo
1223 4332 1309 4409 quod
1334 4332 1508 4409 praelatum
1532 4332 1717 4409 capitulum
1733 4334 1779 4392 in·

989 4432 1107 4508 dignos
1117 4430 1477 4507 addignitateseligere
1489 4428 1671 4511 [eligendo]
1682 4432 1781 4492 scien·

989 4530 1041 4590 ter
1053 4530 1213 4605 potestate
1229 4544 1264 4589 se
1279 4528 1484 4605 privaverint
1496 4528 1656 4603 eligendi,
1675 4529 1782 4605 digm-

989 4643 1103 4689 remur
1123 4626 1230 4687 eidem
1255 4626 1407 4688 ecclesiae
1429 4626 1470 4687 de
1492 4627 1647 4703 personis
1664 4624 1780 4688 idoneis

990 4725 1176 4802 providere.
1193 4726 1278 4797 Quia
1299 4741 1378 4786 vero
1392 4725 1487 4786 nobis
1502 4741 1569 4787 non
1586 4726 1737 4787 constitit
1748 4722 1780 4783 de

990 4823 1182 4901 praemissis,
1194 4823 1386 4884 discretioni
1397 4825 1516 4883 vestrae
1528 4838 1588 4898 per
1600 4823 1781 4900 A'postolica

989 4923 1113 4999 scripta
1140 4922 1345 4989 mandamus,
1376 4922 1552 4996 quatenus,
1581 4922 1712 4985 vocatis
1735 4918 1779 4999 qui

990 5021 1123 5083 luerunt
1144 5019 1317 5089 evocandi,
1339 5021 1373 5080 et
1396 5019 1555 5097 inquisita
1572 5036 1676 5097 super
1697 5021 1738 5082 iis
1756 5019 1782 5077 et

989 5119 1123 5191 cognita
1154 5117 1311 5187 veritate,
1339 5118 1426 5195 quod
1461 5118 1662 5179 canonicum
1691 5116 1782 5179 suerit

989 5216 1213 5293 appellatione
1232 5216 1414 5294 postposita
1435 5216 1603 5287 statuatis,
1628 5216 1778 5278 11010110

990 5313 1077 5391 quod
1090 5314 1305 5375 decreveritis
1317 5328 1377 5389 per
1388 5328 1565 5375 censuram
1581 5313 1784 5378 ecclesiasti·

990 5429 1063 5473 cam
1083 5411 1305 5490 appellatione
1331 5415 1484 5472 cessante
1508 5412 1654 5475 tirmiter
1678 5413 1784 5475 obser·

990 5508 1175 5587 vari3qu0d
1185 5508 1214 5567 si
1224 5524 1290 5568 non
1301 5508 1783 5577 omnes,etc.Datu1nLaterani

991 5607 1100 5669 idibus
1122 5606 1232 5667 martii
1251 5622 1338 5666 anno
1354 5606 1511 5668 secundo.
