3802 6166
58 316 120 380 611)

54 478 268 555 cbiepiscopo
300 477 505 549 bublinensi,
533 474 745 555 Apostolicae'
763 476 858 540 Sedis

54 577 174 651 legato,
193 575 345 637 salutem.

94 674 237 737 Litteras
258 673 478 735 fraternitatis
502 673 568 735 tuae
584 674 744 735 consueta
763 671 859 733 beni-

54 772 183 849 gnitate
194 772 389 848 recepimus,
406 774 439 833 et
451 787 501 843 ea,
522 787 595 850 quae
611 787 711 847 super
725 770 858 846 negotio

53 870 273 932 Artlertensis
284 869 520 931 etLaoniensis
536 867 753 931 ecclesiarum
763 867 858 930 nobis

55 968 251 1045 signiticasti
268 984 327 1044 per
346 968 433 1039 illas,
457 968 645 1029 notavimus
669 966 856 1043 diligenter.

56 1070 145 1128 Sane
159 1067 195 1139 ii,
213 1065 269 1143 qui
291 1065 332 1126 ad
354 1065 502 1142 ipsarum
522 1064 739 1126 ecclesiarum
764 1064 857 1139 regi-

55 1181 132 1226 men
148 1166 224 1225 ante
240 1163 483 1224 ordinationem
508 1163 654 1235 illorum,
675 1161 716 1224 de
740 1161 859 1239 quibus

54 1261 153 1323 nobis
169 1261 343 1338 scripsisti,
361 1261 516 1323 asserunt
534 1261 694 1322 canonice
715 1276 750 1321 66
766 1260 858 1321 elec·

56 1362 129 1430 tos,
160 1359 200 1420 ad
236 1359 527 1434 praesentationem
563 1359 709 1420 nostram
745 1358 859 1419 aestate

55 1456 226 1534 praeterita
241 1456 429 1527 6661611166,
457 1472 569 1517 666616
597 1455 690 1517 nobis
713 1456 860 1531 graviter

55 1556 136 1616 sunt
148 1554 341 1631 conquaesti,
360 1554 444 1630 quod
460 1571 560 1631 quum
571 1553 611 1615 ad
626 1554 859 1630 praedictarum

55 1653 272 1713 ecclesiarum
283 1652 430 1727 regimen
439 1651 598 1713 canonice
611 1651 752 1713 luissent
761 1651 858 1721 electi

56 1767 76 1811 a
95 1750 249 1827 capitulis
267 1750 471 1821 earumdem,
488 1749 641 1811 6111616116
657 1749 858 1811 venerabilis

57 1848 171 1909 fratris
193 1848 296 1909 nostri
310 1847 527 1909 cassellensis
543 1847 797 1925 archiepiscopi,
819 1848 858 1908 de

57 1962 123 2023 quo
141 1946 173 2005 in
188 1946 255 2006 tuis
269 1945 376 2007 iecisti
391 1945 512 2007 litteris
527 1945 738 2017 mentionem,
754 1962 858 2022 quos-

55 2045 132 2103 dam
149 2044 183 2103 in
199 2043 350 2104 ecclesiis
368 2043 449 2120 ipsis
475 2043 728 2120 perpotentiam
749 2044 857 2105 laica-

55 2143 122 2203 lem
155 2142 300 2203 intrusos
337 2133 416 2201 iecit
452 2141 487 2201 in
525 2157 640 2203 aarum
669 2141 857 2219 episcopos,

55 2238 315 2301 reclamantibus
336 2239 526 2300 earumdem
546 2239 711 2316 capitulla,
736 2254 858 2300 conse-

55 2334 167 2395 crari:
184 2349 285 2410 super
309 2351 373 2410 quo
397 2334 474 2395 licet
496 2334 623 2395 litteras
648 2334 860 2395 ostenderent

59 2432 281 2503 diversorum,
310 2447 370 2492 666
398 2432 509 2492 tamen
533 2432 623 2508 ipsos
641 2448 700 2508 per
718 2434 860 2509 quatuor

57 2545 190 2591 menses
214 2529 248 2590 et
271 2529 358 2590 ultra
382 2529 719 2607 lecimusenpectare,
744 2530 860 2590 61166-

61 2643 124 2689 san
146 2627 357 2688 aduersarius
372 2627 495 2705 aliquis
512 2629 728 2704 compareret,
745 2643 784 2689 ac
800 2628 859 2688 de-

57 2741 149 2786 mum
164 2726 295 2786 nemine
311 2725 533 2801 comparente,
550 2726 710 2802 quosdam
725 2725 766 2786 de
788 2725 859 2785 lra-

56 2822 165 2884 tribus
177 2822 430 2883 nostriseisdem
442 2822 857 2884 concessimusauditores:

57 2921 115 2997 qui
141 2936 216 2981 cum
240 2935 291 2991 ea,
313 2935 386 2996 quae
413 2922 781 2997 proposueruntcoram
797 2920 857 2993 616,

57 3020 92 3079 61
115 3034 173 3095 666
187 3017 426 3079 testimoniales
443 3017 570 3079 litteras
586 3022 737 3079 astruere
752 3035 857 3080 cona-

56 3116 190 3186 bantur,
208 3115 303 3176 nobis
318 3115 460 3176 fideliter
474 3116 681 3188 retulissent,
703 3133 763 3177 666
783 3117 860 3177 11661

57 3214 266 3291 postularent
280 3213 453 3285 instanter,
467 3217 502 3274 ut
515 3215 681 3286 66666616,
694 3214 779 3290 quod
796 3214 861 3274 166-

57 3314 128 3373 tum
143 3310 251 3373 luerat
263 3327 322 3387 per
338 3310 513 3372 olllcialem
528 3312 861 3388 praedictu111,digna·

58 3424 172 3470 remur
196 3409 385 3479 electiones,
415 3426 488 3485 quae
513 3408 552 3470 de
568 3409 649 3486 ipsis
672 3408 767 3470 166166
782 3409 858 3470 166-

58 3510 156 3579 6661,
185 3506 401 3578 confirmare,
432 3508 509 3583 quia
540 3508 650 3568 tannen
678 3523 774 3567 nemo
801 3523 860 3583 pro

58 3606 153 3682 parte
176 3604 281 3665 altera
304 3604 526 3680 comparebat,
553 3607 668 3666 contra
688 3604 780 3665 illam
796 3604 859 3665 ab·

57 3703 186 3764 sentem
212 3703 245 3762 61
263 3701 470 3762 indefensam
497 3718 563 3762 non
587 3702 742 3763 duximus
763 3702 861 3764 aliter

58 3799 315 3877 procedendum,
348 3800 403 3861 sed
439 3800 570 3873 negotia
596 3800 667 3877 ipsa
692 3799 752 3860 sub
770 3804 860 3862 certa

57 3898 165 3957 166166
183 3897 418 3963 commisimus,
436 3913 495 3973 per
518 3914 616 3974 quam
637 3900 746 3973 666166
760 3900 862 3959 utrae-

59 4012 123 4071 que
137 4011 231 4054 suam
248 3995 402 4070 poterunt
408 3995 572 4071 justitiam
585 3995 734 4056 oblinere
751 4013 758 4055 :
775 3997 860 4056 611116

57 4095 137 4155 11661
155 4093 260 4152 munii
278 4094 325 4153 tui
349 4092 468 4153 adhoc
488 4093 665 4168 diligenter
679 4094 861 4155 institerint

57 4193 91 4252 et
107 4190 298 4267 prudenter,
314 4188 562 4250 commissiones
577 4193 687 4252 tamen
703 4207 803 4269 super
817 4191 860 4250 116

57 4290 165 4351 166166
178 4304 244 4348 666
261 4286 416 4349 duximus
431 4288 647 4349 revocandas.

97 4389 217 4447 Datum
231 4385 387 4446 Laterani
404 4388 431 4445 ll
447 4385 610 4446 kalendas
631 4384 722 4455 maii,
744 4386 858 4463 ponti-

56 4486 177 4545 tlcatus
191 4484 294 4545 nostri
311 4500 398 4544 anno
414 4483 569 4544 secundo.

429 4670 490 4758 CL

96 4824 151 4883 atd
178 4823 582 4890 66666166,666611166166
607 4821 820 4895 6166661666

352 4918 580 4979 Placentinos

352 5049 368 5105 3
388 5055 471 5106 16611.
491 5049 569 5105 1218.

95 5153 219 5220 [Uglrelli
246 5155 320 5204 ltalia
341 5168 419 5212 saera,
441 5159 459 5202 t.
481 5154 524 5209 lv,
543 5153 605 5215 910;
628 5154 757 5218 Raynald,
775 5154 808 5204 ad

332 5247 393 5283 ann.
416 5232 513 5294 latas
534 5232 585 5298 32]

50 5340 152 5415 Rogat
163 5349 192 5397 et
206 5340 334 5398 bortatur
347 5340 528 5397 Placentinos
544 5348 573 5397 ut
589 5342 696 5396 nullum
708 5350 860 5399 exerceant

91 5431 298 5489 commercium
312 5445 377 5488 cuin
391 5429 578 5486 bobiensibus
593 5432 857 5487 excommunicatis.

97 5558 293 5620 induratum
309 5558 426 5617 661666
441 5557 553 5633 populi
570 5557 753 5629 bobiensis
767 5559 812 5620 ita
825 5562 860 5621 ut

57 5657 252 5731 6666116166,
282 5657 315 5716 61
343 5654 575 5715 abominabilis
599 5655 715 5728 166166,
733 5656 859 5717 dixisse

688 314 917 379 EPIS'I'OLAE.
940 314 1018 377 LIB.
1042 315 1083 377 Il.

912 474 1066 538 videatur
1090 474 1126 536 in
1155 474 1254 537 corde
1273 490 1345 548 suo,
1370 475 1403 537 61
1429 487 1540 550 66666,
1571 472 1714 533 666661

911 577 1015 637 Deus.
1042 577 1126 635 Ecce
1148 574 1237 635 enim
1259 573 1486 651 possessiones
1510 572 1543 634 et
1566 570 1714 632 redditus

912 672 1085 734 Bobiensis
1098 671 1247 733 ecclesias
1260 672 1376 733 matris
1394 686 1475 742 suae,
1490 670 1544 731 cui
1556 670 1622 731 tam
1633 672 1715 730 tcm-

913 771 1038 849 porali,
1069 784 1167 847 quam
1202 769 1388 846 spirituali,
1416 769 1452 829 16
1481 767 1714 844 jurisdictione

914 868 1085 945 subjacere
1114 869 1307 939 noscuntur,
1334 870 1405 945 jam
1434 882 1493 943 per
1518 866 1713 938 triennium,

914 966 1053 1043 abrupto
1076 966 1244 1028 fidelitatis
1264 965 1409 1038 6166616,
1439 966 1472 1026 61
1493 981 1573 1026 6666
1596 964 1714 1025 salutis

915 1082 984 1126 suae
1008 1064 1207 1141 posthabita,
1233 1064 1429 1135 detinentes,
1458 1063 1564 1139 ipsius
1586 1063 1718 1139 episco-

914 1180 991 1240 pum
1007 1164 1184 1239 pastorem,
1210 1165 1243 1225 et
1264 1162 1434 1223 dominum
1456 1162 1576 1223 horum
1596 1161 1719 1235 cogunt

914 1260 1150 1322 miserabiliter
1168 1261 1317 1321 exiliare.
1335 1262 1507 1336 Quumque
1524 1259 1611 1319 idem
1627 1258 1718 1334 cpis-

914 1373 1015 1434 copus
1057 1359 1160 1420 166116
1201 1360 1399 1434 6666666166
1441 1357 1575 1434 injuriis
1606 1356 1716 1418 inter-

914 1456 1004 1529 dicti,
1022 1456 1055 1518 et
1075 1455 1429 1517 excommunicationis
1449 1453 1633 1516 sententias
1657 1455 1714 1515 tu-

914 1553 991 1615 lerit
1018 1554 1052 1614 in
1079 1554 1212 1615 eosdem
1237 1554 1270 1615 et
1296 1554 1331 1613 in
1357 1551 1515 1616 iacobum
1543 1551 1717 1627 Pugisium

914 1651 1020 1713 civem
1044 1651 1286 1723 Placentinum,
1303 1651 1360 1727 qui
1380 1653 1460 1712 tunc
1480 1650 1628 1726 ipsorum
1651 1653 1718 1710 Bo-

913 1748 1077 1810 biensium
1102 1749 1250 1824 regimen
1280 1748 1458 1820 obtinebat,
1483 1750 1639 1823 satagens
1658 1762 1716 1809 666

914 1862 973 1925 666
1003 1846 1192 1924 hujusmodi
1219 1862 1349 1923 poenam
1376 1846 1416 1907 ad
1443 1847 1531 1907 viam
1560 1845 1601 1907 ab
1625 1845 1717 1908 invio

914 1960 1083 2014 16666616,
1100 1944 1165 2022 1661
1188 1944 1336 2021 praelatis
1356 1944 1529 2005 sententiis
1544 1943 1716 2021 66611166-

914 2043 1006 2102 nium
1022 2044 1093 2119 jam
1120 2041 1329 2118 contemptis,
1347 2057 1555 2119 nequaquam
1580 2040 1715 2107 suntad

914 2155 950 2201 66
973 2155 1033 2217 666
1056 2140 1285 2216 poenitentiam
1306 2140 1445 2210 6666661,
1462 2139 1714 2215 operumexbi-

913 2236 1038 2299 bitione
1063 2238 1284 2298 monstrantes
1301 2252 1337 2297 66
1353 2237 1393 2298 (16
1408 2236 1544 2297 illorum
1559 2252 1632 2297 esse
1647 2252 1714 2298 nu·

914 2352 1017 2408 16666,
1030 2336 1070 2397 de
1084 2336 1201 2414 quibus
1215 2352 1235 2396 a
1247 2336 1385 2397 Domino
1401 2334 1523 2396 dicitur
1532 2356 1539 2395 :
1549 2336 1717 2397 Percussi

914 2448 986 2505 eos,
1010 2434 1045 2496 61
1074 2447 1143 2495 666
1163 2435 1357 2505 delacerent,
1379 2433 1505 2505 attriti,
1531 2433 1714 2495 6166666-

913 2532 1167 2607 6666166616666
1185 2534 1411 2605 disciplinam.
1429 2534 1535 2591 Porro
1551 2531 1714 2593 66661661

914 2628 1062 2689 dolentes
1083 2628 1277 2704 accipimus,
1301 2629 1516 2690 6661616616
1540 2629 1715 2706 iniquitate

913 2725 1048 2798 1666116,
1071 2726 1251 2803 cupiditate
1273 2726 1480 2803 adipiscendi
1502 2726 1715 2804 jurisdictio-

913 2824 1041 2885 661616
1066 2824 1238 2900 episcopos
1260 2824 1295 2883 in
1317 2824 1546 2900 praeJ'udicium
1569 2823 1716 2900 praelatae

915 2920 1131 2993 6661661666
1147 2938 1245 2998 quam
1261 2924 1397 2999 spectat,
1413 2923 1446 2983 et
1454 2923 1532 2999 Jura
1546 2921 1650 2998 ipsius
1661 2938 1718 2983 ec-

915 3019 1025 3080 clesiee
1041 3019 1231 3090 invadendi,
1244 3020 1293 3080 eis
1307 3019 1465 3091 16666661,
1481 3020 1643 3081 auxilium
1657 3021 1716 3081 im·

915 3116 1088 3194 pendendo
1113 3132 1180 3177 nou
1202 3117 1409 3178 attendentes
1432 3118 1518 3193 quod
1538 3133 1599 3193 par
1616 3134 1715 3194 666116

915 3215 1058 3275 16616666
1084 3215 1315 3292 complectitur
1330 3216 1363 3277 et
1381 3214 1540 3287 lautores,
1560 3216 1714 3291 utigitur

916 3327 975 3372 666
1000 3312 1305 3374 excommunicatos
1328 3312 1517 3389 huiusmodi
1538 3313 1712 3385 evitantes,

917 3409 1036 3471 similis
1054 3410 1344 3487 laqueivinculum
1360 3411 1501 3482 66116116,
1518 3412 1551 3471 61
1563 3411 1627 3487 ipsi
1640 3410 1716 3470 sub·

918 3506 1024 3569 tracto
1049 3507 1114 3568 sibi
1136 3508 1311 3585 participio
1332 3508 1443 3569 vestro
1464 3507 1606 3581 contusi,
1622 3525 1640 3569 a
1654 3525 1715 3570 sua
1814 3502 1817 3507 ’

916 3605 1095 3683 iniquitate
1115 3607 1216 3667 citius
1233 3606 1444 3683 resipiscant,
1463 3606 1713 3668 universitatem

915 3705 1061 3765 vestram
1085 3720 1253 3780 rogamus,
1275 3719 1458 3777 monemus,
1483 3705 1517 3766 61
1540 3705 1715 3766 1161166166

915 3801 951 3861 16
976 3802 1127 3873 Domino,
1149 3804 1181 3864 61
1201 3802 1460 3879 perllpostolica
1479 3802 1575 3864 vobis
1588 3803 1721 3880 scripta·

916 3900 1055 3961 tirmiter
1074 3900 1296 3978 praecipiendo
1319 3899 1528 3969 mandamus,
1552 3901 1716 3978 quatenus

916 4014 990 4058 cum
1012 3998 1094 4075 ipsis
1109 3999 1144 4058 16
1157 3998 1348 4075 hujusmodi
1363 3998 1486 4059 duritia
1502 3999 1715 4075 persistenti-

915 4094 1717 4170 bus,nullumeserceatiscommerciurn,velcon·

915 4195 1068 4263 tractum,
1097 4209 1159 4254 nec
1177 4194 1326 4270 regimen
1341 4193 1446 4271 ipsius
1462 4195 1525 4257 loci
1543 4195 1584 4256 ab
1602 4195 1715 4273 aliquo

915 4291 1054 4359 civium,
1083 4292 1142 4353 aut
1169 4291 1374 4353 subditorum
1398 4294 1585 4354 uestrorum
1610 4293 1715 4369 recipi

914 4387 1569 4468 permittatis,0bertumStrictumcivem
1581 4391 1717 4451 Placen-

914 4487 1030 4559 tinum,
1055 4486 1111 4563 qui
1133 4487 1173 4547 de
1197 4502 1282 4549 novo
1304 4487 1427 4548 dicitur
1448 4488 1596 4565 ipsorum
1620 4489 1713 4561 regi·
1746 4518 1749 4523 ·

914 4600 988 4645 meu
1003 4584 1181 4660 recepisse,
1193 4584 1233 4644 ad
1249 4584 1282 4646 id
1299 4585 1528 4647 dimittendum
1541 4586 1715 4662 temporali

915 4682 1122 4744 districtione
1133 4684 1299 4759 cogentes.
1313 4683 1358 4743 Ad
1370 4684 1442 4744 lraec
1453 4700 1553 4759 quum
1573 4682 1717 4744 Bobien-

915 4780 961 4840 sis
971 4780 1113 4842 ecclesia
1124 4781 1331 4857 spiritualem
1342 4783 1374 4842 et
1388 4782 1716 4859 temporalemjuris·

915 4876 1093 4940 dictionem
1114 4879 1149 4938 in
1168 4877 1323 4939 Bobiensi
1345 4878 1466 4940 babeat
1479 4878 1625 4951 civitate,
1640 4880 1718 4941 nul-

914 4975 981 5037 lam
1002 4975 1098 5037 uobis
1117 4976 1384 5052 jurisdictionem
1410 4975 1648 5050 universalem,
1662 4977 1716 5040 661

914 5073 1151 5151 particularem
1166 5074 1201 5134 in
1214 5073 1307 5134 illam
1320 5074 1516 5151 conquirere
1532 5076 1713 5150 attentetis,

915 5187 976 5232 nec
989 5172 1141 5249 conquiri
1156 5187 1176 5232 a
1192 5172 1313 5233 6661616
1335 5172 1475 5244 civibus,
1492 5176 1551 5235 aut
1572 5174 1713 5237 suliditis

914 5269 1125 5346 permittatis
1137 5270 1338 5338 relaxantes,
1355 5272 1387 5331 61
1398 5269 1546 5333 relaxari
1556 5270 1716 5336 166166166

910 5369 1112 5444 juramenta,
1136 5370 1169 5429 et
1196 5366 1414 5444 obligationes
1439 5369 1525 5431 alias
1548 5370 1716 5447 siquibus

915 5463 1060 5539 praelatae
1085 5464 1229 5525 civitatis
1253 5464 1417 5537 homines,
1443 5467 1476 5526 et
1490 5466 1549 5526 alii
1563 5467 1714 5528 66616666

916 5559 1060 5637 praelatae
1075 5561 1199 5622 6666611
1214 5561 1319 5633 vobis,
1336 5564 1394 5623 aut
1406 5563 1526 5624 vestris
1539 5563 1715 5625 66166666-

915 5657 1003 5729 11161,
1026 5659 1084 5723 aut
1109 5659 1358 5737 particulariter
1382 5660 1543 5738 tuipsius
1565 5660 1716 5725 ecclesiae

1652 262 1872 373 cao'¹
