3802 6166
118 306 180 367 599

120 464 323 529 remiserunt
335 481 449 527 omnes
460 464 660 542 quaestiones
670 463 831 543 praeteriti
840 465 920 527 tcm-

121 565 224 641 poris,
248 579 330 642 quas
358 564 519 625 adversus
548 563 786 625 monasterium
811 562 919 624 Floris

122 662 333 740 aliquatenus
357 678 490 724 morere
505 664 652 740 possent,
675 662 709 723 et
723 660 920 723 dimiserunt

122 758 272 822 absolute
288 760 446 838 quidquid
461 762 640 823 tenuerant
652 760 741 822 intra
755 760 921 824 tenimen-

121 860 202 929 tum,
224 857 310 935 quod
326 859 564 921 monasterium
586 860 694 922 Floris
715 859 861 937 possidet
878 874 921 920 ex

122 955 208 1017 dono
222 956 399 1032 imperiali,
414 959 450 1019 ut
460 957 542 1017 nihil
554 958 589 1018 in
600 973 639 1018 eo
651 958 818 1019 decaetero
829 972 922 1034 qtrae·

121 1055 199 1115 rant
224 1053 264 1115 ad
296 1054 526 1127 laborandum,
545 1056 597 1117 rel
616 1056 828 1133 pascendum,
855 1054 921 1117 nisi

121 1152 292 1215 voluntate
316 1153 463 1227 abbatIs,
492 1156 524 1216 et
548 1153 688 1217 fratrum
710 1154 829 1216 Floris.
856 1156 920 1215 I‘ro

122 1266 188 1328 qua
223 1251 400 1314 concordia
432 1252 672 1314 inviolabiliter
692 1254 851 1330 perpetuo
879 1252 923 1337 ad·

123 1348 267 1410 inuicem
281 1349 488 1412 observanda
510 1351 671 1428 obligavit
685 1367 721 1413 se
733 1367 811 1428 pars
826 1351 921 1412 utra-

124 1463 187 1523 que
203 1445 265 1508 sub
280 1464 377 1525 poena
393 1451 524 1511 centum
540 1450 714 1511 unciarum
736 1449 821 1521 auri,
847 1464 921 1509 me-

123 1544 279 1606 dietatem
295 1546 452 1607 solvendo
467 1546 570 1622 regias
584 1548 697 1620 curiae,
713 1547 747 1609 et
763 1545 923 1608 medieta-

125 1644 192 1703 tem
208 1643 357 1704 adversae
380 1646 477 1721 parti,
500 1645 677 1706 concordia
703 1644 922 1706 nihilomiuus

126 1741 235 1810 firma,
252 1742 285 1802 et
299 1741 410 1803 stabili
426 1744 650 1819 permanente.
674 1743 722 1803 Ad
745 1743 844 1821 hujus
861 1759 924 1803 an-

124 1840 192 1900 tem
219 1840 405 1901 concordiae
432 1842 530 1917 atque
563 1840 775 1917 obligationis
811 1857 923 1902 coram

127 1936 222 1999 nobis
248 1938 343 2000 sactae
366 1940 570 2012 memoriam,
593 1941 625 2001 et
644 1938 837 2001 inviolabile
858 1938 923 1999 sn·-

128 2036 330 2097 mamentum
346 2051 493 2113 praesens
515 2037 673 2114 scriptum
689 2038 821 2114 scripsit
837 2038 925 2098 Wil-

127 2132 247 2195 lelmus
263 2134 463 2196 (lusentiuus
473 2135 636 2208 notarius,
651 2138 776 2207 nostra,
791 2138 824 2197 et
838 2135 925 2197 alio-

129 2247 203 2292 rum
219 2232 452 2310 praedictorum
468 2233 689 2311 suscriptione
704 2234 878 2295 munitum.

168 2335 275 2403 Anno,
289 2346 415 2404 mense,
429 2331 462 2393 et
477 2332 593 2394 indict.
605 2331 819 2413 praescriptis,
836 2334 939 2409 pon-‘

130 2428 276 2491 titlcatus
290 2428 396 2491 nostri
411 2446 488 2491 ann.
503 2431 544 2490 11.

170 2530 237 2602 Ego
248 2529 354 2588 Lucas
366 2529 423 2588 Dei
433 2527 541 2603 gratia
552 2528 922 2605 cusentinamniephc.

55 2678 61 2689 .
130 2625 266 2702 propria
281 2642 381 2686 manu
395 2626 565 2704 suscripsi.

170 2726 238 2800 Ego
252 2726 270 2786 J
273 2723 396 2785 acobus
409 2723 619 2785 cusentimus
633 2724 789 2787 decanus.

169 2823 237 2896 Ego
251 2821 395 2882 llichael
409 2821 651 2883 thesaurarius.

167 2919 236 2993 Ego
251 2918 419 2978 Goiiridus
434 2919 603 2980 cusentin.
618 2919 812 2980 canonicus.

170 3016 237 3090 Ego
259 3015 422 3091 Rogerius
438 3016 526 3077 Illius
547 3016 672 3079 Raonis
690 3016 803 3092 regius
825 3015 927 3077 Insti-

129 3112 259 3173 tiarIus.

168 3214 237 3288 Ego
250 3213 446 3275 Benedictus
455 3213 570 3291 jndex,
583 3213 640 3291 qui
653 3228 754 3291 supra
765 3211 913 3274 interlui.

168 3310 295 3372 ‚iudicis
310 3312 429 3373 aeterni
445 3312 643 3373 meditemur
661 3309 748 3373 sacta
762 3310 924 3373 moderni.

167 3408 269 3469 Jacob
284 3409 403 3471 ludex.

170 3506 261 3567 Nulli
275 3523 367 3584 ergo,
382 3510 458 3577 etc„
471 3524 579 3584 rspice
589 3526 600 3568 .·
611 3510 733 3570 nostrae
748 3508 926 3570 conflrma-

129 3602 231 3665 tionis
244 3605 438 3683 intringere,
448 3608 501 3669 rel
517 3607 560 3680 ei,
573 3609 785 3681 etcaespae:
798 3609 927 3669 contra·

131 3700 196 3777 ire,
211 3702 324 3781 siquis
337 3705 458 3778 autem,
471 3706 548 3778 etc,
559 3720 666 3780 respice
676 3723 690 3766 .·
700 3705 924 3766 incursurum.

168 3805 241 3864 hat.
259 3804 415 3866 Laterani
428 3806 458 3865 Il
474 3804 544 3865 hal.
559 3803 656 3866 Febr.
674 3819 751 3865 ann.
769 3805 810 3865 11.

166 4135 219 4194 Aa
238 4133 394 4195 abbatem
410 4134 446 4195 ct
460 4133 667 4197 collocatum
680 4134 888 4197 morcostem‘t

324 4234 360 4293 S.
375 4234 543 4294 Iohannis
557 4235 598 4294 dc
610 4236 723 4294 Flore.

425 4354 462 4413 bo
477 4353 538 4427 jnn.
554 4354 633 4412 lile.

275 4470 394 4535 {Ughelli
410 4470 486 4520 ltalia
496 4484 575 4529 secra,
590 4474 610 4520 t.
622 4471 665 4529 lx.
680 4485 706 4535 p.
717 4469 786 4535 Im]

127 4581 177 4639 Eis
193 4578 398 4637 monasterium
413 4577 489 4652 quod
504 4578 604 4637 Cebria
623 4577 735 4645 dicitur,
758 4576 828 4635 olim
848 4578 924 4636 Gra·

162 4684 272 4739 corum,
287 4683 364 4726 uunc
377 4667 548 4738 desolatum,
563 4674 591 4725 ct
604 4668 710 4725 montis
723 4667 812 4727 ttarci
830 4667 925 4725 cocle·

163 4759 237 4818 siam
252 4757 413 4815 confirmat.

169 4881 275 4950 Quum
291 4893 311 4938 a
332 4875 428 4938 nobis
444 4876 567 4954 petitur
581 4873 713 4950 usqaec':
726 4876 928 4955 perducatur

130 4976 294 5038 effectum.
325 4978 431 5046 Quum
462 4974 575 5049 igitur,
610 4974 697 5036 sicut
726 4974 925 5051 accepimus,

130 5074 294 5151 quondam
317 5073 470 5135 Joachim
500 5072 597 5133 bonae
630 5073 799 5134 memoriae
825 5071 927 5133 abhas

129 5171 238 5233 Floris
261 5171 500 5233 monasterium
528 5171 596 5232 siri
625 5170 791 5232 subditum
824 5186 926 5232 cons-

128 5269 289 5331 truxIsset
300 5268 333 5328 in
349 5269 491 5331 ecclesia
503 5269 626 5330 Montis
641 5268 758 5341 Marci,
776 5284 874 5345 quam
885 5268 927 5329 ad

129 5367 162 5429 id
180 5367 211 5428 ei
224 5366 410 5429 contulerat
424 5367 590 5444 quondam
605 5370 642 5427 G.
659 5366 928 5443 tuncepiscopus

130 5465 345 5535 Geruntinus,
371 5466 404 5527 et
427 5465 577 5526 eamdem
596 5464 761 5542 quondam
783 5464 926 5527 Guillel-

129 5582 203 5627 mus
214 5578 388 5625 successor
400 5565 472 5641 ejus
489 5563 523 5623 in
536 5562 711 5639 religionis
726 5563 838 5628 odium
851 5563 929 5625 des-

130 5663 303 5737 truxisset,
333 5676 374 5725 ac
407 5659 504 5726 bonae
528 5660 697 5725 memoriae
726 5662 927 5735 Bernardus,

738 302 914 367 HONORII
936 302 980 363 111
1001 302 1151 365 OPERA.

1716 304 1768 367 tlon

973 462 1030 540 qui
1049 461 1211 525 successit
1238 460 1406 523 eidemin
1430 462 1769 541 recompensationem

973 560 1073 637 huJus
1090 559 1214 634 damni,
1237 563 1271 622 et
1289 562 1327 622 ut
1340 562 1585 624 monasterium
1604 560 1652 623 ibi
1670 564 1771 640 posset

974 659 1144 721 commode
1164 660 1327 736 reparari,
1343 660 1430 721 duas
1443 659 1540 722 robis
1556 659 1679 721 eccles.
1696 676 1769 723 cou-

973 758 1087 819 tulerit
1118 757 1388 821 consideratione
1418 758 1548 828 divina,
1583 761 1619 821 et
1646 760 1769 825 taudem

974 857 1178 934 priusquam
1194 856 1256 918 hoc
1272 857 1376 929 fleret,
1394 859 1514 920 Foren.
1532 860 1769 923 monasterium

975 956 1198 1031 contemptum
1238 956 1403 1028 extiterit,
1438 958 1472 1019 et
1501 957 1544 1019 de
1576 958 1770 1034 Apostolica

976 1053 1071 1115 Sedis
1091 1054 1288 1116 auctoritate
1304 1056 1466 1117 mutatum
1484 1055 1519 1116 in
1541 1056 1617 1118 loco
1641 1056 1707 1133 ipsi
1723 1072 1771 1119 ec-

975 1153 1086 1214 clesiae
1100 1152 1171 1212 tam
1185 1152 1308 1226 vicino,
1323 1153 1409 1230 quod
1429 1152 1555 1232 absque
1568 1156 1666 1231 gram
1683 1171 1771 1217 scan-

976 1251 1051 1313 dalo
1068 1252 1159 1314 aliud
1181 1251 1303 1313 ibidem
1323 1268 1388 1314 non
1408 1254 1516 1330 potuit
1537 1254 1770 1317 monasterium

976 1350 1135 1411 ordinari.
1149 1348 1360 1411 Postmodum
1373 1365 1452 1411 vero
1465 1350 1641 1423 NicolauS,
1654 1351 1710 1427 qui
1720 1368 1771 1412 nu·

977 1464 1036 1526 per
1060 1447 1227 1525 praedictiS
1252 1446 1411 1509 successit
1434 1448 1614 1525 episcopis,
1639 1450 1770 1512 retenIIs

977 1546 1040 1607 sibi
1055 1546 1247 1607 memoratis
1260 1546 1421 1619 ecclesiis,
1433 1547 1466 1607 et
1479 1546 1621 1623 prefata
1637 1549 1771 1611 ecclesia

977 1645 1098 1707 Montis
1111 1644 1227 1716 Marci,
1239 1660 1313 1705 cum
1325 1644 1395 1705 suis
1409 1645 1634 1721 pertinentiis,
1650 1662 1772 1707 monas·

976 1745 1061 1806 torio
1076 1743 1185 1805 Floris
1201 1742 1260 1803 sub
1280 1758 1391 1804 annuo
1407 1759 1509 1805 censu
1524 1742 1654 1822 absque
1669 1745 1771 1823 aliqua

978 1842 1166 1903 conditione
1204 1840 1362 1914 demissa,
1398 1840 1563 1919 qtroddam
1604 1847 1771 1905 monaste-

978 1940 1065 2001 rium
1081 1939 1166 2017 qried
1188 1940 1311 2001 dicitur
1326 1939 1455 2012 Cabria,
1475 1940 1556 2001 olim
1573 1944 1769 2013 Graecorum,

979 2055 1067 2099 nunc
1086 2037 1269 2099 desolatum
1284 2038 1378 2099 vobis
1393 2038 1479 2115 quod
1502 2038 1663 2101 faceretis
1686 2040 1720 2100 in
1738 2054 1771 2099 eo

980 2136 1215 2198 monasterium
1228 2136 1355 2198 ordinis
1366 2137 1467 2198 vestri
1483 2138 1665 2210 concessit,
1681 2137 1716 2198 ut
1728 2138 1769 2197 sic

979 2235 1089 2296 saltim
1104 2234 1385 2312 praedecessorum
1400 2249 1536 2295 suorum
1552 2236 1647 2312 pium
1661 2252 1768 2314 prepo-

979 2332 1077 2394 situm
1094 2331 1299 2409 adimpleret.

1018 2434 1064 2491 Ea
1081 2433 1224 2508 propter,
1241 2430 1354 2493 dilecti
1367 2430 1401 2491 in
1414 2430 1554 2493 Domino
1570 2431 1646 2505 fllii,
1661 2431 1770 2493 restris

975 2530 1076 2606 justis
1091 2527 1368 2605 postulationibus
1381 2532 1578 2602 annuentes,
1594 2530 1698 2607 praed.
1709 2544 1769 2589 mo-

979 2627 1161 2689 nasterium
1178 2626 1305 2695 Cabriae
1320 2629 1353 2689 et
1373 2627 1523 2689 eamdem
1539 2630 1665 2690 Montis
1675 2626 1768 2689 blarci

980 2726 1157 2787 ecclesiam
1185 2740 1259 2785 cum
1283 2726 1491 2802 pertinentiis
1515 2727 1605 2795 suis,
1630 2727 1714 2787 sicut
1732 2740 1764 2785 ea

976 2826 1075 2901 juste,
1104 2839 1144 2884 ac
1168 2823 1305 2899 pacitlce
1332 2823 1518 2900 possidetis,
1549 2825 1586 2886 ut
1612 2825 1648 2886 in
1672 2824 1763 2901 ipsius

980 2921 1126 2999 episcopi
1139 2921 1330 2982 authentico
1346 2920 1476 2997 plenius
1495 2923 1695 2991 continetur,
1714 2938 1763 2983 vo-

980 3019 1030 3081 bis
1053 3022 1085 3080 et
1107 3036 1165 3096 per
1188 3034 1246 3080 ros
1262 3018 1369 3080 eidem
1385 3020 1588 3081 monasterio
1610 3022 1718 3081 vestro
1731 3018 1763 3077 de

981 3117 1761 3194 Floriauctoritatehpostelicaconfirmamuset

981 3216 1155 3293 praesentIs
1183 3216 1296 3293 scripti
1319 3216 1505 3293 patrocinio
1520 3216 1758 3278 communimus.

981 3314 1073 3376 Nulli
1096 3330 1175 3391 ergo
1205 3330 1340 3388 arsque:
1363 3317 1484 3376 nostrae
1514 3310 1759 3375 confirmationis

982 3411 1175 3489 infringere,
1201 3412 1253 3473 rel
1278 3413 1320 3484 ei,
1350 3413 1425 3483 etc,
1449 3426 1555 3486 ttsqtte
1570 3430 1582 3473 .·
1597 3411 1755 3474 contraire.

983 3512 1017 3572 Si
1033 3512 1107 3588 quis
1118 3511 1227 3572 autem
1243 3525 1350 3585 tcsqrce
1365 3526 1376 3572 :
1392 3510 1617 3572 incursurum.

1021 3610 1139 3671 Datum
1164 3608 1330 3680 Laterani,
1351 3610 1382 3669 X
1403 3608 1585 3671 Kalendar.
1602 3604 1753 3672 februarii.

982 3724 1069 3770 anno
1085 3705 1240 3773 secundo.

1318 3868 1447 3957 CXIII

1046 4022 1100 4085 Act
1113 4024 1324 4086 Theodoram
1338 4024 1459 4083 dacem
1472 4023 1702 4084 Conanrenron.

1277 4143 1384 4216 251'811.
1403 4144 1481 4201 lale.

1019 4259 1167 4326 [bernaldi
1178 4258 1245 4310 Anu.
1262 4260 1402 4309 ecclesiast.
1416 4260 1448 4309 ad
1465 4274 1527 4312 ann.
1539 4258 1611 4317 ltls,
1622 4260 1680 4325 til,
1689 4258 1732 4318 ἢ]

982 4380 1054 4435 Eum
1069 4376 1233 4435 cohortatur
1252 4375 1288 4434 ad
1307 4375 1548 4450 perseverandum
1569 4378 1598 4435 in
1620 4371 1757 4435 obedimur

1016 4481 1087 4540 erga
1111 4466 1215 4523 Sedem
1239 4467 1398 4524 Romanam
1421 4473 1448 4523 et
1470 4473 1569 4523 monet
1587 4465 1625 4524 de
1647 4463 1758 4541 operibus

1017 4555 1219 4614 mtsericordlae
1234 4556 1266 4614 iu
1278 4556 1408 4629 captives
1421 4562 1450 4611 et
1465 4570 1617 4629 pauperes

1022 4684 1157 4745 Gratum
1172 4682 1330 4759 gerimus,
1349 4684 1382 4744 et
1394 4684 1577 4759 acceptum,
1592 4682 1674 4762 quod
1691 4675 1756 4741 sicut

981 4796 1024 4842 ex
1040 4780 1201 4842 relatione
1213 4778 1415 4841 venerabilis
1428 4779 1541 4841 fratris
1560 4780 1664 4842 nostri
1674 4781 1756 4841 loan-

982 4878 1034 4939 nis
1054 4879 1201 4957 epiScopi
1217 4878 1428 4941 crotonensis
1448 4879 1647 4955 accepimus,
1669 4877 1753 4955 ipsum

982 4978 1015 5038 et
1028 4976 1164 5039 tratrem
1178 4978 1300 5037 Etlrem
1315 4977 1487 5038 eremitam
1499 4978 1639 5039 nuncios
1651 4972 1753 5037 nasim

982 5074 1136 5137 hilariter
1162 5075 1327 5152 recepisti,
1358 5078 1391 5137 et
1416 5075 1602 5139 honorifice
1627 5076 1751 5153 pertrac-

982 5175 1071 5245 tasti,
1093 5190 1132 5235 ac
1152 5174 1307 5235 dilectum
1330 5174 1434 5234 illlum
1455 5176 1606 5236 nostrum
1620 5178 1751 5237 loannem

983 5272 1070 5334 tituli
1089 5274 1120 5333 S.
1145 5272 1306 5334 Praxedis
1331 5271 1560 5349 presbyterum
1581 5266 1752 5334 cardinalem

982 5374 1020 5432 Α.
1039 5374 1071 5431 S.
1089 5373 1125 5431 L.
1142 5369 1298 5442 honoras,
1321 5373 1353 5432 et
1368 5386 1447 5446 erga
1468 5370 1564 5432 illum
1580 5371 1612 5432 te
1633 5372 1753 5431 mansus

982 5470 1051 5531 tum
1073 5468 1223 5541 exhibes,
1240 5470 1273 5530 et
1286 5467 1477 5544 benignum,
1495 5470 1652 5549 tuamque
1666 5472 1753 5546 perso·

983 5581 1059 5626 nam
1095 5564 1137 5627 ad
1174 5568 1395 5627 sacrosanctae
1433 5567 1593 5629 Romanas
1627 5554 1754 5628 Ecclesiae

983 5662 1190 5729 devotionem
1219 5678 1404 5743 exponens,
1439 5670 1480 5725 ac
1507 5664 1616 5742 ipsam
1643 5662 1756 5746 prinam
