3802 6166
106 318 144 377 ot
742 311 971 375 EPISTOLAE.
994 310 1072 373 LIB.
1096 312 1121 371 1.
1718 318 1759 380 02

106 474 313 538 stitutionem
338 474 534 537 auctoritate
552 471 741 551 apostolica
765 471 905 535 robora·

103 575 204 648 runt3
220 572 436 635 nihilominus
449 572 585 649 insuper
596 586 698 647 grave
709 572 742 632 et
752 570 904 634 illicitum

104 671 300 749 reputantes
314 669 463 748 praehere
476 669 720 733 conniventiam
732 669 785 731 161
798 686 905 747 praes·

105 773 181 831 tare
194 768 355 840 favorem,
368 769 436 830 uta
458 768 621 830 sententia
640 767 904 845 compromissio-

105 867 159 928 nis
170 866 248 927 fidei
261 866 422 942 religione
435 866 573 927 firmatae
585 867 707 927 1611616
715 866 901 939 recedatur,

105 966 147 1027 de
175 964 343 1027 communi
376 965 516 1025 consilio
542 963 682 1024 fratrum
714 965 902 1025 nostrorum

105 1078 209 1125 causa
232 1062 365 1137 cognita
386 1061 584 1123 sententiam
606 1061 767 1133 dedimus,
793 1063 904 1123 11166-

105 1161 250 1222 cuudum
266 1159 353 1236 quod
369 1158 486 1220 arbitri
508 1158 805 1235 pronuntiaverant
821 1159 902 1220 ordo

104 1256 343 1318 canonicorum
356 1256 562 1331 regularium
574 1254 607 1315 in
618 1255 774 1332 praedicta
789 1255 902 1316 Sancti

104 1352 258 1417 Severini
273 1353 415 1415 ecclesia
429 1352 638 1425 reformetur,
655 1352 823 1430 perpetuis
837 1352 904 1414 ibi-

103 1454 179 1515 dem
194 1450 398 1529 temporibus
417 1450 676 1523 conservandus,
701 1450 747 1512 ita
770 1452 805 1512 ut
819 1450 903 1512 defl-

104 1550 270 1613 cientibus
285 1549 502 1620 secularibus
520 1550 576 1627 qui
597 1565 686 1610 nunc
708 1549 742 1609 in
757 1564 797 1610 ea
812 1550 900 1617 sunt,

102 1648 217 1710 nullus
232 1648 298 1708 nisi
317 1648 483 1724 regularis
498 1648 533 1708 iu
548 1647 689 1709 eeclesia
704 1647 777 1724 ipsa
791 1662 903 1708 succe·

102 1748 172 1818 dat,
191 1747 295 1808 salvis
314 1745 496 1808 honoribus
516 1746 549 1806 et
568 1744 738 1806 beneficiis
754 1746 901 1822 ipsorum

102 1845 307 1906 secularium
332 1843 528 1905 clericorum
558 1844 715 1921 quamdiu
743 1843 899 1915 vixerint,

102 1943 170 2003 nisi
182 1942 223 2003 ad
236 1942 363 2018 frugem
373 1941 519 2002 melioris
533 1941 610 2002 vitae
622 1939 777 2001 claruerint
790 1940 902 2003 trans-

103 2040 262 2101 eundum.
280 2043 322 2101 Ut
337 2039 440 2115 igitur
459 2039 532 2100 haec
554 2037 762 2100 diffinitionis
777 2040 900 2100 nostrae

102 2138 270 2199 sententia
298 2136 417 2199 futuris
440 2137 641 2215 temporibus
662 2136 901 2198 inviolabiliter

102 2237 329 2307 conservetur,
364 2251 437 2296 eam
477 2235 673 2297 auctoritate
709 2234 901 2312 Apostolica

102 2335 351 2406 confirmamus,
372 2332 404 2394 61
424 2333 598 2410 praesentis
623 2333 738 2410 scripti
755 2331 902 2409 patroci-

101 2434 162 2495 nio
177 2432 417 2495 communimus
439 2432 634 2509 perpetuum
656 2429 824 2492 silentium
840 2428 900 2490 suh

101 2530 376 2592 interminatione
387 2529 608 2591 anathematis
621 2528 826 2604 imponentes
835 2527 898 2600 his,

103 2628 162 2706 qui
197 2629 312 2690 contra
343 2627 537 2703 religionem
568 2626 694 2688 ordinis
722 2624 898 2701 regularis,

103 2743 205 2804 quam
219 2727 253 2787 11
267 2725 404 2804 praefata
420 2724 562 2786 ecclesia
574 2723 819 2785 reformandam
838 2723 900 2784 de-

104 2826 273 2887 crevimus
288 2825 321 2886 61
343 2823 531 2895 tenendam,
548 2822 710 2884 suscitare
730 2821 770 2883 de
790 2823 900 2884 cetero

101 2923 355 3001 praesumpserit
369 2921 595 2999 questionem.
613 2920 705 2981 Nulli
729 2936 808 2997 ergo
829 2934 902 2979 om-

104 3022 188 3083 nino
214 3021 385 3083 laomiuum
411 3019 510 3081 licoat
533 3019 618 3080 hanc
645 3018 811 3096 pagiuam,
836 3018 898 3079 etc.

104 3120 226 3180 Datum
240 3121 394 3190 Veronae,
407 3119 470 3178 etc.
487 3116 701 3177 Decernimus
716 3130 806 3191 ergo,
823 3115 898 3186 etc,

105 3218 263 3294 paginam
279 3217 401 3276 uostrae
415 3214 686 3285 confirmationis,
703 3214 765 3274 etc.
779 3213 900 3289 Siquis

103 3309 902 3385 1111611,616.1)11111111161111,111111111161611-

104 3412 188 3485 bris,
206 3411 416 3490 pontificatus
431 3409 536 3471 nostri
549 3424 636 3470 atino
653 3407 771 3485 prime.

459 3684 545 3770 XLI

100 3931 154 3989 Ad
180 3927 337 3988 1111111611
357 3926 391 3987 ct
410 3926 616 3987 coa-ecatum
640 3924 845 3985 aacouosterif
865 3925 902 3982 111

147 4025 478 4086 1116111611111611116
503 4026 662 4097 Nympho
686 4021 904 4083 Florentino-

142 4139 238 4185 111111.

401 4236 434 4292 it
455 4233 607 4293 6611116.

156 4375 298 4442 [11161111
310 4376 470 4441 spicilegium
482 4375 655 4437 liberianum,
668 4389 693 4439 p.
704 4374 760 4433 7ll5,
771 4374 811 4424 Nt.
823 4371 849 4434 d]

103 4532 300 4591 hiolendiuum
311 4546 396 4605 super
406 4530 568 4603 Nympham
579 4529 615 4587 111
626 4527 768 4601 llugolinn
779 4525 902 4586 Ostiensi

140 4630 169 4681 ct
193 4621 364 4681 velletrensi
395 4621 531 4693 episcopo
554 4620 597 4676 eis
627 4618 780 4685 collatum,
806 4623 905 4674 tenore

140 4710 336 4769 concessionis
347 4710 462 4778 inserto,
475 4708 635 4767 coufirmat.

145 4881 324 4953 Honorius,
332 4880 506 4957 episcopus
522 4895 638 4940 servus
653 4893 825 4939 servorum
832 4875 903 4949 Dei,

103 4980 237 5042 dilectis
253 4979 330 5039 filiis
343 4979 464 5049 abbati,
476 4978 509 5039 61
521 4977 698 5038 conventui
711 4973 905 5036 monasterii

104 5077 141 5137 in
166 5078 278 5137 moute
307 5073 431 5135 Mirieti
460 5072 500 5133 de
528 5070 681 5149 Nympha
721 5068 906 5131 Florentini

103 5174 245 5244 ordiale,
258 5172 398 5234 salutem
413 5170 446 5233 61
462 5170 677 5247 apostolicam
695 5167 904 5229 benedictio-

104 5288 193 5334 uem.

143 5368 250 5432 Justis
278 5367 458 5444 petentium
487 5364 661 5427 desideriis
687 5363 826 5441 dignum
856 5362 907 5425 est

102 5484 166 5529 nos
193 5466 326 5527 facilem
356 5464 503 5542 praebere
531 5479 740 5531 consensum,
770 5463 802 5523 61
829 5463 906 5523 vota

102 5582 178 5644 quae
198 5581 218 5626 a
241 5563 381 5625 rationis
404 5563 536 5624 tramite
553 5577 617 5622 non
640 5559 833 5621 discordant
855 5557 907 5620 ef-

102 5664 192 5727 fectu
221 5662 442 5739 prosequente
470 5660 647 5737 complere.
678 5661 725 5720 Ea
759 5656 904 5735 propter,

958 471 1070 533 dilecti
1082 472 1118 533 in
1133 471 1272 534 Domino
1287 470 1360 545 filii,
1372 471 1492 535 vestris
1500 472 1601 552 justis
1613 476 1760 553 postula·

957 569 1103 630 tionibus
1124 571 1219 646 grato
1246 572 1484 634 concurrentes
1504 587 1664 649 assensu3
1685 590 1761 637 mo-

957 666 1126 728 lendinum
1139 683 1239 745 super
1246 667 1433 745 Nympham
1444 672 1539 746 cujus
1548 670 1758 735 medietatem

956 764 1158 825 venerabilis
1167 764 1583 843 fraternosterllugolinus
1594 769 1756 831 Ostiensis

957 862 990 923 et
1002 862 1219 924 velletrensis
1234 863 1419 941 episcopus,
1436 865 1578 942 pecunia
1593 883 1654 927 sua
1669 883 1758 945 emp·

956 959 1034 1031 1111,
1050 959 1153 1021 libere
1168 960 1262 1022 vobis
1278 960 1428 1031 contulit,
1446 963 1613 1041 aliamque
1626 965 1756 1028 medie-

956 1057 1056 1118 tatem
1076 1058 1116 1118 ad
1136 1074 1230 1119 suam
1250 1075 1398 1120 mensam
1418 1062 1632 1137 spectantem,
1656 1079 1755 1139 quam

957 1154 997 1216 de
1010 1171 1173 1216 consensu
1187 1163 1220 1219 61
1233 1157 1403 1220 voluntate
1416 1159 1552 1236 capituli
1567 1161 1758 1223 velletren-

957 1252 1013 1325 sis,
1031 1254 1064 1314 et
1084 1253 1124 1315 de
1146 1255 1235 1315 certa
1252 1256 1391 1317 scientia
1406 1256 1500 1317 vobis
1514 1257 1640 1318 donans
1660 1258 1755 1335 post·

956 1351 1089 1412 modum
1103 1353 1292 1428 integravit,
1307 1354 1393 1415 sicut
1413 1354 1449 1415 in
1471 1355 1591 1416 litteris
1606 1357 1755 1433 eJ‘usdem

957 1449 1104 1527 episcopi
1138 1451 1367 1527 perspeximus
1399 1453 1530 1529 plenius
1563 1454 1753 1516 contineri:

956 1546 1050 1607 vobis
1066 1549 1099 1609 61
1113 1563 1243 1625 pervus
1260 1549 1463 1611 monasterio
1475 1550 1588 1613 vestro
1603 1553 1754 1613 auctori-

955 1644 1022 1706 tate
1043 1646 1235 1722 Apostolica
1260 1647 1506 1720 confirmamus,
1528 1650 1561 1710 et
1581 1649 1755 1725 praesentis

956 1742 1071 1819 scripti
1079 1744 1264 1820 patrocinio
1276 1746 1528 1806 communimus.
1537 1747 1755 1825 Admajorem

957 1840 1067 1901 autem
1091 1841 1141 1902 rei
1165 1842 1377 1914 evidentiam,
1400 1845 1548 1904 tenorem
1568 1844 1755 1907 litterarum

955 1937 1102 2015 episcopi
1126 1939 1167 2000 de
1188 1939 1290 2001 verbo
1312 1941 1352 2001 ad
1374 1941 1511 2001 verbum
1535 1942 1755 2018 praesentihus

956 2032 1110 2094 duximus
1125 2034 1350 2108 inserendum,
1367 2039 1462 2113 cujus
1476 2038 1573 2099 tenor
1585 2038 1637 2099 est
1649 2038 1727 2100 talis
1744 2060 1752 2100 :

995 2133 1279 2194 «venerabilibus
1314 2135 1349 2194 11
1371 2134 1501 2196 Christo
1523 2134 1692 2209 fratribus,
1720 2137 1754 2198 61

955 2230 1146 2290 reverendis
1160 2232 1276 2292 amicis
1290 2232 1412 2294 Christi
1428 2232 1550 2304 abbati,
1565 2234 1598 2294 61
1612 2248 1752 2296 eonven-

955 2326 1004 2388 tui
1018 2329 1141 2390 sanctae
1156 2330 1272 2391 Mariae
1285 2330 1320 2390 in
1335 2331 1445 2392 Monte
1460 2330 1597 2404 Mirieti,
1607 2332 1752 2407 Hugoli-

956 2440 1018 2485 nus
1040 2426 1253 2488 miseratione
1268 2427 1381 2489 divina
1403 2428 1565 2490 Ostiensis
1586 2428 1756 2491 61116116-

954 2522 1076 2583 trensis
1107 2524 1297 2601 episcopus,
1325 2527 1516 2603 perpetuam
1546 2526 1582 2587 in
1612 2527 1751 2591 Domino

956 2620 1144 2682 salutem.»

995 2720 1103 2781 «Etsi
1122 2720 1198 2781 aliis
1222 2720 1305 2783 locis
1329 2722 1495 2799 religiosis
1519 2722 1619 2785 officii
1641 2723 1752 2786 debito

955 2817 1078 2894 passim
1093 2818 1267 2880 teneamur
1281 2820 1408 2892 adesse,
1424 2836 1539 2882 eorum
1559 2822 1670 2883 tamen
1690 2820 1753 2884 de-

954 2913 1069 2975 bemus
1087 2917 1195 2993 potius
1216 2917 1386 2979 intendere
1408 2918 1588 2980 commodis
1609 2919 1642 2981 et
1664 2935 1752 2997 aug-

955 3012 1085 3086 mentis,
1114 3014 1232 3091 quihus
1261 3015 1387 3078 utiliter
1411 3017 1586 3093 providere
1613 3017 1752 3094 speciali

956 3111 1097 3188 quadam
1112 3112 1335 3175 sollicitudine
1358 3129 1587 3191 provocamur.
1604 3115 1688 3176 Hinc
1703 3115 1754 3178 est

956 3208 1042 3285 quod
1068 3224 1129 3271 nos
1155 3212 1392 3272 monasterium
1416 3212 1524 3289 ipsum
1548 3213 1583 3272 in
1605 3228 1668 3289 quo
1692 3228 1752 3275 vos

955 3307 1094 3366 Domino
1108 3307 1281 3369 deservitis
1294 3308 1335 3370 ad
1349 3309 1508 3370 honorem
1521 3309 1592 3381 Dei,
1605 3311 1637 3371 61
1646 3310 1753 3373 beatae

955 3403 1102 3480 Virginis
1125 3406 1240 3467 matris
1264 3422 1333 3467 suae
1358 3408 1593 3477 constructum,
1610 3407 1752 3469 etvobis

956 3501 988 3563 61
1011 3517 1070 3578 per
1095 3519 1154 3565 vos
1176 3503 1284 3564 ordini
1306 3504 1416 3565 vestro
1440 3520 1459 3565 a
1484 3504 1579 3565 nobis
1593 3506 1752 3583 perpetua

956 3598 1133 3660 donatione
1159 3615 1352 3661 concessum
1372 3599 1473 3677 Justis
1499 3601 1617 3675 modis,
1634 3601 1754 3679 quibus

956 3712 1151 3773 possumus,
1173 3699 1333 3776 ampliare
1356 3698 1517 3771 volentes,
1543 3700 1773 3779 medietatem¹

957 3795 1055 3855 unius
1084 3796 1180 3857 molae
1201 3797 1297 3874 juxta
1315 3797 1513 3874 Nympham,
1539 3798 1753 3860 admoneam

957 3894 1104 3955 nostram
1113 3894 1303 3971 specialiter
1311 3895 1540 3972 pertinentem,
1551 3896 1591 3957 de
1601 3912 1753 3970 assensu,

957 3992 989 4054 et
1002 3992 1171 4054 voluntate
1187 3992 1311 4052 domini
1331 3995 1442 4070 Papae,
1459 4009 1602 4055 necnon
1619 3997 1652 4058 et
1665 3995 1754 4073 capi·

957 4089 1019 4151 tuli
1033 4090 1259 4162 velletrensis,
1275 4090 1380 4163 vohis,
1393 4092 1426 4152 et
1441 4092 1609 4169 provehis
1624 4109 1756 4155 monas·

957 4188 1040 4250 terio
1055 4190 1165 4250 vestro
1179 4190 1425 4263 concessimus,·
1447 4190 1609 4269 reliquam
1624 4207 1755 4271 quoque

957 4287 1062 4364 ipsius
1083 4286 1179 4348 molae
1201 4286 1420 4360 medietatem,
1438 4305 1536 4366 quam
1562 4292 1675 4352 nostra
1695 4308 1756 4368 pe-

958 4384 1056 4446 cunia
1071 4400 1268 4456 emeramus,
1282 4385 1377 4447 vohis
1391 4386 1608 4449 nihilominus
1623 4388 1659 4448 11
1671 4389 1756 4450 elee-

958 4497 1095 4560 mosyna
1126 4482 1180 4559 pia
1207 4482 1405 4545 liberalitate
1435 4483 1647 4557 (16111111116,
1675 4488 1753 4563 J‘ure
1842 4542 1845 4547 .

960 4581 1115 4657 perpetuo
1144 4580 1281 4658 pacifice
1308 4582 1552 4658 possidendam.
1579 4583 1628 4644 Ad
1654 4583 1753 4661 hujus

959 4679 1068 4740 autem
1101 4678 1325 4740 concessionis
1351 4680 1384 4740 61
1412 4680 1601 4741 donationis
1631 4681 1754 4743 nostrae

959 4777 1150 4854 perpetuam
1182 4777 1377 4837 memoriam
1412 4778 1444 4838 et
1478 4777 1662 4851 munimen,
1691 4778 1755 4841 hoc

960 4875 1117 4952 scriptum
1139 4874 1212 4935 fleri
1234 4874 1327 4935 vohis
1340 4874 1489 4947 fecimus
1504 4875 1628 4948 nostra,
1646 4878 1679 4939 et
1692 4891 1754 4939 ca-

960 4973 1155 5034 nonicorum
1179 4973 1436 5033 velletrensium
1457 4972 1756 5050 subscriptionibus

960 5071 1165 5143 roboratum,
1193 5070 1363 5146 nostrique
1401 5070 1503 5147 sigilli
1536 5071 1756 5149 impressione

960 5169 1142 5243 munitum3
1168 5168 1377 5246 pontificatus
1400 5168 1525 5230 domini
1540 5172 1679 5232 Honorii
1694 5188 1757 5249 pa-

960 5284 1011 5345 pae
1027 5270 1082 5339 ΙΙΙ,
1097 5283 1184 5328 auno
1208 5266 1315 5344 primo
1339 5283 1452 5328 mense
1474 5268 1629 5342 octobris,
1643 5269 1756 5332 indic-

960 5367 1051 5428 tione
1066 5368 1141 5427 V.»

1001 5463 1094 5524 Nulli
1109 5479 1187 5539 ergo
1203 5463 1337 5523 omnino
1358 5462 1529 5525 hominum
1553 5464 1653 5526 liceat
1671 5465 1758 5528 hanc

962 5562 1117 5639 paginam
1142 5562 1264 5622 nostrae
1286 5561 1547 5623 confirmationis
1563 5563 1756 5640 infringere,

962 5659 1016 5722 161
1029 5659 1060 5721 61
1073 5676 1157 5722 ausu
1170 5660 1347 5721 temerario
1362 5661 1540 5722 contraire.
1553 5661 1588 5723 si
1603 5661 1676 5738 quis
1691 5677 1758 5722 au·
