3802 6166
132 304 174 364 79
598 304 774 367 nononn
797 308 841 366 111
862 308 1012 389 OPERA.
1027 340 1069 354 -
1083 312 1317 373 saltuosas
1749 318 1791 381 80

133 466 167 527 et
181 461 439 539 toarattiolieatcl
456 462 548 545 (Luc.
578 479 614 539 n,
635 464 681 545 5).
698 466 737 527 at
755 466 933 543 ltaquarta
986 468 1087 532 tatem
1121 473 1232 533 Beatae
1259 472 1387 533 blariae.
1423 474 1509 534 Nam
1541 476 1643 537 Beata
1682 478 1791 540 Maria

138 578 261 623 aurora
276 564 326 623 est
340 563 447 623 Maria
462 562 503 623 de
517 562 622 639 stirpe
636 563 752 624 David.
986 566 1129 643 benigna
1144 569 1206 641 est,
1220 569 1317 642 idest,
1333 571 1428 647 larga
1443 571 1478 632 in
1497 571 1671 635 beneflciis
1686 576 1792 637 omni·

174 671 256 731 Item
283 669 349 729 tria
378 668 593 731 attenduntur
622 669 658 730 in
686 686 829 739 aurora,
859 688 932 751 quse
986 664 1047 726 bus
1072 667 1316 744 postulantibus
1338 669 1513 732 devotione
1528 672 1673 734 sincera.
1695 674 1791 735 Unda

134 767 355 844 spiritualiter
367 767 560 845 pertinetad
571 766 702 829 beatam
713 769 933 830 Marianit'ir·
987 764 1142 826 Salomon
1159 766 1191 826 in
1209 765 1425 828 Proverbiis:
1449 771 1578 831 Martias
1599 785 1685 832 sacas
1700 786 1790 847 epe-

134 864 257 941 gincm,
281 864 420 933 scilicet,
440 866 624 942 evigilatio,
645 866 721 927 nnis
737 868 931 943 praeceden-
985 863 1058 923 ertit
1075 866 1167 937 inopi
1182 864 1215 925 et
1226 869 1362 937 patratas
1376 881 1460 927 satas
1471 867 1627 928 eceteauitt
1646 872 1694 928 od
1704 885 1790 944 pore-

133 961 217 1024 tium
236 961 450 1024 tenebrarum
478 966 512 1025 et
537 963 669 1027 initium
697 964 782 1026 lucis
810 965 930 1027 subse·
980 974 1086 1032 iteres
1106 959 1219 1038 (Pron.
1243 978 1339 1035 xxm,
1358 962 1425 1043 20).
1441 964 1544 1027 Beata
1563 966 1673 1027 Maria
1687 966 1789 1028 abun·

132 1060 275 1138 quentis.
304 1061 483 1136 Evigilatio
504 1064 604 1140 justa
630 1062 712 1123 illud
738 1085 746 1124 :
769 1065 929 1141 surpite,
985 1056 1040 1119 <lat
1055 1057 1182 1119 divitiis
1204 1059 1238 1120 in
1262 1061 1476 1134 mortalibus,
1502 1063 1686 1123 secundum
1701 1066 1787 1142 quod

133 1161 327 1234 diademas,
352 1163 435 1232 oilie
458 1160 573 1223 eerelet
593 1164 780 1233 Dominus,
804 1161 932 1223 scilicet
991 1154 1026 1215 in
1058 1156 1248 1218 Proverbiis
1269 1158 1350 1221 dicit
1374 1160 1405 1219 ei
1426 1159 1515 1220 lilius
1535 1176 1644 1221 suus:
1668 1164 1789 1225 Mirttce

132 1254 168 1317 ln
184 1256 358 1331 uirginem.
377 1258 539 1319 Veniente
561 1274 704 1336 namque
717 1258 859 1321 veritato
872 1259 932 1321 de-
984 1254 1064 1325 illice
1089 1258 1388 1332 coitarepooeruat
1411 1254 1562 1330 divitias,
1595 1259 1634 1321 tu
1660 1274 1787 1336 strper-

131 1351 336 1415 buitumbra
357 1370 491 1416 cessare
507 1357 606 1431 juxta
628 1356 709 1417 illud
728 1378 735 1417 :
751 1360 932 1419 Novisse·
983 1366 1106 1427 ot't’ssa
1139 1367 1177 1413 08
1210 1356 1397 1416 universa-i
1432 1354 1546 1433 (Prov.
1582 1372 1680 1429 ¹1¹1,
1717 1356 1784 1437 29).

129 1455 413 1527 pervenientibus
431 1454 552 1514 cetera
576 1455 743 1526 objicietis
764 1452 929 1531 (Levita,
984 1449 1085 1519 Quasi
1107 1449 1253 1512 dicer0t=
1279 1452 1392 1513 Multa
1411 1452 1500 1525 flliae.
1524 1454 1638 1515 multae
1661 1455 1785 1517 anima

131 1546 198 1629 26).
219 1552 269 1610 En
283 1565 348 1627 quo
363 1550 451 1611 enim
466 1550 577 1612 velum
591 1551 704 1629 templi
726 1553 866 1615 scissum
881 1555 932 1615 est
984 1546 1234 1624 acquisiverunt
1248 1549 1312 1609 sibi
1329 1549 1464 1612 diuitias
1476 1552 1694 1625 immortales,
1711 1568 1784 1615 coe-

132 1662 153 1716 a
173 1662 302 1708 summo
318 1662 423 1725 usqne
446 1648 611 1720 deorsum,
635 1647 781 1712 ablatum
803 1651 854 1712 est
871 1668 931 1712 ve-
984 1643 1083 1706 iestes
1098 1645 1330 1720 beatitudines,
1354 1648 1410 1709 sad
1432 1650 1479 1718 ttt,
1504 1650 1626 1711 Sancta
1645 1653 1784 1713 sancta·

20 1780 28 1789 -
132 1743 244 1807 lamen
272 1760 292 1805 a
317 1744 404 1807 faeie
430 1744 555 1823 Moysis
575 1748 611 1808 ut
625 1749 800 1824 appareret
823 1749 930 1825 gloria
984 1758 1070 1815 rum,
1097 1744 1200 1820 Virgo
1223 1745 1391 1821 virginum
1412 1762 1630 1824 supergressa
1647 1764 1686 1811 os
1708 1749 1787 1810 ubi-

132 1842 244 1904 vultus
259 1844 342 1921 ejus.
359 1846 406 1904 De
422 1842 493 1921 ipsa
510 1845 611 1906 etiam
625 1845 755 1921 virgine
770 1847 929 1923 speciali·
984 1855 1112 1913 versas,
1147 1842 1233 1919 quod
1264 1842 1351 1905 sicut
1384 1844 1478 1905 nulla
1513 1845 1574 1907 tibi
1610 1846 1719 1923 potuit
1749 1847 1785 1909 in

130 1942 184 2003 ter
211 1941 371 2019 scriptum
396 1942 447 2002 est
471 1962 479 2001 :
504 1942 587 2008 Οιιω
612 1943 754 2005 coelectos
780 1948 931 2006 haereses
984 1938 1111 1999 meritis
1122 1942 1319 2017 comparari,
1333 1941 1380 2003 ita
1395 1957 1457 2003 nec
1468 1942 1501 2003 in
1517 1943 1666 2019 praemiis
1679 1944 1785 2021 aequi-

131 2039 434 2101 astariacensis.
450 2039 927 2119 initiumsubsequentislucis,
984 2036 1107 2113 parari.
1133 2039 1213 2098 Cum
1241 2039 1346 2114 igitur
1372 2039 1452 2101 luna
1478 2042 1594 2103 nostra
1616 2042 1661 2104 sit
1686 2042 1785 2119 plena

133 2136 220 2197 unde
246 2139 278 2198 et
304 2136 338 2197 in
362 2138 460 2213 partu
492 2136 599 2215 ipsius
627 2138 763 2200 claritas
792 2139 930 2201 circum·
982 2135 1109 2195 celesti
1125 2136 1262 2208 honore,
1282 2138 1368 2200 idest
1387 2138 1493 2214 gloria
1516 2139 1782 2213 etbeatitudine,

133 2233 229 2299 fulsit
240 2236 401 2312 pastores.
419 2238 493 2312 ipsa
513 2238 563 2297 est
584 2236 673 2297 enim
692 2237 811 2308 Maria,
832 2237 928 2310 idest,
983 2248 1101 2292 manus
1125 2249 1203 2293 suas
1225 2235 1357 2311 aperuit
1377 2236 1480 2312 inopi,
1498 2238 1531 2298 et
1552 2238 1682 2313 palmas
1704 2254 1783 2299 suas

132 2332 229 2394 stella
249 2332 369 2406 maris,
399 2349 473 2410 quae
497 2349 619 2396 novum
643 2333 747 2396 edidit
767 2336 871 2396 solem
897 2336 929 2397 et
983 2330 1132 2391 exteffllit
1148 2330 1189 2390 ad
1206 2347 1378 2408 Paulines.
1400 2333 1487 2394 idest
1503 2335 1606 2397 multa
1621 2335 1783 2397 beneficia

131 2429 223 2491 sidus
252 2430 422 2507 singulare
455 2430 655 2509 praefulgens
679 2434 814 2511 propter
842 2433 927 2511 quod
982 2427 1111 2490 confert
1123 2429 1348 2504 indigentibus
1361 2432 1394 2492 et
1405 2432 1661 2507 postulantibus.

128 2525 298 2591 Elisabeth
312 2527 384 2590 ait:
405 2532 496 2591 Uinde
510 2533 670 2592 bocoratht
686 2532 726 2591 ut
747 2532 866 2593 veritat
884 2534 929 2593 cd
1022 2527 1061 2587 El
1086 2528 1164 2587 nota
1192 2527 1257 2587 duo
1286 2527 1483 2590 admiranda
1517 2530 1553 2590 iu
1581 2530 1781 2595 humiditate

129 2640 187 2707 ¹pse
200 2625 315 2686 creater
328 2629 468 2687 Detrahat
481 2629 550 2687 atet
563 2624 658 2706 (Luc.
673 2642 696 2699 1,
713 2626 778 2705 43).
794 2630 833 2689 Et
848 2628 928 2689 alibi
982 2621 1081 2694 lunae,
1106 2623 1261 2686 videlicet
1282 2626 1368 2701 qnod
1387 2626 1458 2703 ipsa
1474 2627 1517 2689 sit
1536 2627 1633 2704 plena
1653 2630 1780 2691 coelesti

130 2720 254 2784 dicitur
268 2743 275 2787 ι
291 2724 422 2784 Beatus
444 2724 568 2785 celator
581 2727 640 2799 put
661 2725 695 2786 te
718 2726 873 2800 portavit
895 2726 928 2787 et
981 2721 1100 2795 gloria,
1113 2723 1146 2782 et
1159 2722 1245 2799 quod
1259 2722 1475 2799 superfundat
1489 2725 1780 2803 nohisgratiarnm

129 2822 324 2893 reomaense
335 2820 466 2882 saetstt
477 2818 570 2895 (huc.
584 2836 631 2892 sn,
648 2819 712 2900 17).
981 2818 1194 2880 charismata.
1211 2822 1258 2881 De
1279 2821 1386 2897 primo
1404 2822 1550 2883 diximus
1565 2823 1610 2883 ibi
1631 2846 1639 2884 ε
1660 2826 1783 2888 struae

168 2918 248 2979 Haec
262 2917 374 2979 autem
395 2933 531 2991 aurora,
546 2918 679 2990 iratres,
696 2919 835 2996 pulchra
851 2918 925 2990 tuit,
980 2917 1060 2988 {libe
1073 2920 1372 2993 compreenderunt
1386 2921 1538 2982 divitias.
1561 2924 1608 2983 De
1632 2924 1780 2986 secundo

130 3014 190 3076 sed
206 3014 345 3091 pulchra
366 3015 402 3076 ut
428 3016 507 3076 luna
534 3018 668 3094 propter
691 3018 812 3078 maritas
833 3033 928 3094 pros-
980 3011 1025 3072 ibi
1042 3034 1049 3072 :
1065 3016 1192 3074 blattas
1205 3029 1288 3076 snos
1301 3017 1440 3089 apertat
1453 3020 1583 3090 inopi...

131 3128 228 3173 suras
245 3114 277 3174 ct
301 3112 474 3187 arigustias
495 3130 577 3191 quas
604 3114 764 3175 sustinuit
782 3115 816 3174 in
832 3116 926 3192 pueri
1021 3111 1113 3171 Luna
1135 3113 1185 3172 est
1207 3112 1421 3173 multiformis
1443 3114 1476 3175 in
1500 3115 1574 3177 luco
1598 3132 1671 3177 sua.
1693 3118 1782 3180 Nam

128 3210 307 3279 aautritura.
329 3210 423 3272 Unde
449 3212 481 3272 et
509 3210 669 3274 infantem
694 3214 815 3289 pannis
831 3213 928 3274 invo-
980 3207 1159 3284 aliquando
1189 3207 1292 3284 fulget
1326 3226 1453 3271 summo
1489 3214 1676 3287 corniculo,
1709 3216 1780 3277 ali-

128 3308 231 3369 latum
248 3308 358 3387 posuit
378 3308 413 3368 in
428 3310 603 3386 praesepio,
618 3310 696 3386 quia
713 3326 779 3370 non
803 3312 877 3371 erat
895 3311 926 3371 ei
980 3304 1111 3381 qaiarnlo
1124 3305 1203 3367 orbe
1215 3306 1335 3378 medio,
1350 3308 1529 3385 aliquando
1540 3327 1681 3388 corpore
1694 3315 1777 3375 toto.

126 3406 220 3471 lacus
235 3406 269 3467 in
282 3405 478 3468 diversorio.
981 3402 1035 3462 Sic
1059 3404 1160 3464 Beata
1179 3404 1286 3466 Maria
1311 3403 1375 3465 tuit
1396 3406 1609 3469 multiformis
1632 3408 1666 3469 in
1690 3408 1778 3483 luce,

168 3506 247 3577 Qnae
266 3506 318 3566 ost
339 3504 401 3565 ista
418 3521 491 3581 quaa
513 3505 664 3567 ascendii
686 3505 782 3583 qnasi
803 3522 925 3567 aurora
979 3498 1065 3562 idest
1075 3500 1109 3559 in
1122 3502 1307 3563 sanctitate.
1320 3504 1405 3563 Nam
1416 3504 1493 3565 ante
1509 3504 1779 3570 incarnationem

126 3618 344 3679 consurgens,
359 3602 498 3680 pulchra
514 3604 549 3664 ut
566 3603 656 3672 luna,
672 3604 777 3665 electa
801 3606 838 3665 nt
853 3604 926 3666 solt
979 3596 1040 3657 tilii
1055 3598 1114 3658 Dei
1136 3598 1198 3661 tuit
1218 3614 1338 3674 magara
1359 3600 1394 3660 in
1411 3602 1597 3672 sanctitate,
1622 3605 1699 3680 psost
1718 3606 1778 3667 iu·

126 3700 270 3761 Pulcbra
296 3703 330 3760 ut
348 3701 438 3760 larua.
465 3702 559 3760 Luna
583 3702 634 3762 ost
658 3700 779 3776 frigida
802 3703 835 3762 et
858 3702 925 3761 hn-
979 3696 1205 3757 carnationem
1232 3700 1348 3774 major,
1378 3698 1474 3760 inodo
1504 3700 1670 3773 maxima,
1699 3704 1780 3780 quia

126 3796 263 3857 midaei
280 3796 537 3857 multiformisin
558 3796 631 3857 luce
651 3813 722 3858 sua.
745 3799 925 3874 Frigiditas
977 3809 1057 3855 vero
1074 3792 1136 3854 soli
1152 3793 1237 3855 idest
1251 3794 1320 3855 nno
1335 3811 1396 3856 suo
1417 3794 1452 3856 iu
1476 3798 1670 3860 ooelcstibus
1690 3816 1778 3862 con-

126 3895 214 3955 lnnae
230 3893 381 3967 designat
401 3894 627 3969 uirginitatem
650 3894 703 3955 rel
726 3897 922 3968 castitatem,
973 3892 1101 3968 juncta.
1122 3892 1208 3953 Nam
1222 3892 1402 3953 accedente
1422 3893 1509 3955 Filio
1527 3895 1587 3956 Dei
1608 3898 1642 3958 et
1665 3897 1784 3973 ingre-

125 3994 159 4053 ot
183 3990 363 4052 humiditas
390 3991 477 4051 lunae
506 3990 659 4067 designat
687 3991 921 4055 humilitatam.
977 3988 1088 4049 dieuto
1109 3988 1258 4064 Virginis
1281 3993 1422 4062 uterum,
1438 3992 1553 4054 sancta
1577 3994 1679 4070 Virgo
1700 3996 1781 4073 Spi-

126 4090 227 4150 Beata
247 4089 353 4150 Maria
371 4088 486 4150 habuit
499 4088 725 4165 virginitatem
744 4091 817 4152 sine
837 4108 922 4153 con-
977 4086 1043 4147 ritu
1073 4088 1194 4147 Sancto
1222 4086 1416 4149 obumbrata
1442 4090 1562 4167 maiori
1590 4092 1700 4167 gratia
1728 4097 1781 4157 est

125 4186 341 4263 casinimontis,
354 4185 468 4249 habuit
481 4187 701 4249 humilitatem
715 4188 789 4250 sine
804 4206 924 4267 super·
976 4182 1100 4255 dotata,
1118 4183 1196 4246 licet
1210 4186 1309 4245 antea
1331 4186 1413 4246 satis
1434 4186 1535 4249 fuerit
1548 4192 1675 4251 sancta·
1692 4192 1780 4253 Nam

124 4283 250 4355 blane
265 4284 457 4361 virginitate
475 4284 555 4347 dicit
570 4286 695 4347 lsaias:
711 4290 798 4349 Eece
822 4292 923 4364 Virpo
976 4281 1017 4341 de
1045 4282 1223 4344 sanctitate
1248 4283 1301 4345 rel
1330 4284 1576 4359 pulchritudine
1600 4289 1674 4364 eJus
1698 4288 1783 4353 dicit

124 4382 290 4458 concipiet
304 4383 465 4456 elperici
478 4385 599 4456 filicem,
616 4385 649 4445 et
664 4386 841 4447 cocooitm·
856 4402 921 4447 lio.
975 4379 1079 4441 Darid
1096 4380 1130 4439 in
1152 4380 1304 4441 Psalmo:
1322 4383 1523 4455 Coracerptoit
1544 4398 1613 4445 ree
1625 4390 1780 4459 spectem

122 4496 204 4551 mea
218 4483 294 4553 cites
307 4483 513 4542 Etltlttaltuel
528 4479 620 4558 (lsai,
636 4498 695 4553 vu,
714 4481 777 4561 lt).
795 4485 841 4544 De
856 4483 922 4545 hu-
976 4478 1083 4548 tricos,
1104 4477 1191 4539 idest
1211 4476 1414 4541 desideravit
1439 4481 1648 4543 sanctitatem
1671 4485 1779 4555 tuam,

123 4580 264 4642 militate
280 4578 351 4655 ipsa
366 4580 467 4640 Beata
488 4580 596 4650 bieria
611 4580 692 4641 dicit
712 4579 746 4641 in
763 4582 918 4644 cantico:
974 4576 1008 4635 et
1028 4575 1102 4636 ideo
1126 4574 1296 4637 descondit
1321 4575 1356 4636 in
1382 4580 1426 4638 ta·
1456 4580 1635 4655 Postquam
1664 4583 1778 4644 autem

121 4678 288 4754 Respeait
324 4679 493 4739 Poeninus
531 4677 760 4739 ltaomititatem
789 4683 921 4741 arwdtce
973 4672 1072 4735 uatus
1092 4673 1142 4733 est
1162 4673 1197 4733 in
1223 4674 1266 4739 te,
1294 4674 1412 4750 majori
1437 4675 1613 4737 sanctitate
1639 4680 1775 4756 coepisti

122 4792 207 4848 sicce,
233 4790 308 4839 eece
329 4779 423 4838 esaim
438 4790 487 4839 ee
504 4778 566 4837 boc
580 4776 716 4837 beatem
733 4790 790 4837 nae
807 4779 919 4839 dicent
973 4769 1111 4844 irripere,
1128 4768 1173 4829 ila
1189 4769 1225 4831 ut
1238 4769 1368 4832 dicatur
1383 4771 1423 4832 ‹le
1438 4774 1490 4833 le:
1507 4790 1525 4831 a
1542 4776 1607 4835 lsta
1622 4776 1675 4835 cst
1691 4792 1776 4854 spe-

121 4888 240 4935 ompeg
253 4874 495 4948 memnones
514 4870 608 4951 (Luc,
629 4888 652 4945 1,
675 4871 754 4953 aa),
771 4876 856 4935 Nam
878 4876 920 4935 si.
973 4867 1778 4937 ciosainterilliaslerusalem.»Lunaverotunc

121 4970 177 5030 cut
191 4968 294 5044 teignis
315 4971 493 5047 opponitur
508 4971 625 5043 calori,
644 4971 689 5041 ita
705 4973 841 5034 castitas
855 4989 918 5050 op·
972 4969 1022 5028 est
1044 4964 1140 5042 plene
1162 4964 1311 5041 pulchra,
1333 4982 1408 5027 cum
1432 4967 1546 5029 existit
1563 4972 1722 5044 rotunda,
1745 4975 1779 5035 et

121 5066 255 5145 ponitur
280 5065 427 5141 lihidini3
449 5065 584 5143 trigoris
604 5071 657 5130 est
677 5070 916 5145 constringere,
971 5064 1280 5125 Beatablffliatnnc
1296 5064 1407 5125 extitit
1422 5064 1519 5156 plene
1533 5065 1679 5130 formosa
1701 5086 1778 5133 cum

121 5164 243 5235 caloris
257 5164 437 5225 resolvere.
454 5164 615 5227 Similiter
629 5166 764 5227 castitas
778 5169 919 5229 restrin-
970 5162 1033 5223 tuit
1052 5162 1144 5238 prole
1165 5160 1329 5223 ioecunda.
1354 5162 1498 5223 Proinde
1525 5166 1615 5227 recte
1637 5165 1777 5242 dicitur,

120 5262 168 5343 git
182 5262 325 5331 mentem
340 5262 380 5322 ad
403 5260 603 5339 spiritualia,
625 5263 759 5326 luxuria
780 5266 918 5328 resolvit
970 5260 1108 5336 pulchra
1122 5261 1158 5320 ut
1174 5258 1265 5319 luna.
1290 5259 1435 5321 Pulchra
1449 5260 1578 5337 quidem
1598 5264 1649 5323 est
1674 5281 1780 5343 quan·

119 5360 160 5431 ad
174 5358 333 5420 carnalia.
354 5359 417 5421 Sed
430 5360 532 5421 Beata
547 5360 654 5421 Maria
666 5362 750 5423 miro
771 5363 917 5427 modoet
970 5360 1038 5419 tum
1060 5357 1101 5419 ad
1131 5356 1357 5432 frigiditatem,
1378 5357 1457 5419 dum
1477 5357 1511 5418 iu
1533 5360 1688 5423 castitate
1708 5380 1778 5428 uon

120 5457 266 5521 exterius
284 5456 344 5517 tuit
359 5455 479 5533 frigida
491 5473 550 5535 per
562 5459 759 5533 castitatem,
778 5462 811 5522 et
828 5461 916 5524 inte·
970 5455 1069 5515 baliet
1083 5454 1236 5515 similam.
1252 5455 1396 5516 Pulchra
1414 5456 1448 5516 in
1466 5455 1675 5531 humiditate,
1692 5460 1774 5525 dum

119 5554 309 5629 riuscalida
325 5570 384 5631 per
398 5555 605 5618 alteritatem.
968 5552 1154 5631 petentibus
1188 5553 1330 5629 lai‘gitur
1368 5552 1529 5615 beneficia
1562 5553 1777 5632 benignitate

160 5654 240 5714 Item
260 5652 439 5723 humiditas
461 5653 547 5724 lunae
570 5655 736 5733 significat
755 5655 912 5737 benigni·
968 5650 1079 5712 multa.
1098 5651 1242 5713 Pulchra
1257 5650 1320 5712 tuit
1334 5653 1369 5712 ut
1385 5651 1466 5713 luna
1481 5666 1543 5729 per
1560 5653 1776 5721 sanctitatem
