3794 6166
106 328 177 391 ⁴65

113 490 232 551 nullus
246 487 367 551 audeat
378 486 535 550 retinere.
544 487 729 564 Religiosas
740 504 820 551 sane
830 505 914 551 con·

113 587 313 649 siretudines
342 603 361 648 a
387 585 684 663 praedecessoribus
703 587 822 648 vestris
842 588 874 649 et
894 604 915 648 a

111 685 213 745 robis
238 685 397 745 hactenus
423 682 615 745 observatas
642 685 752 760 aliqua
782 684 915 745 leuitate

111 783 240 845 mutari
276 799 334 842 seu
368 782 467 842 etiam
501 782 729 858 possessiones
764 783 914 843 ecclesian

112 881 272 952 alienari,
285 880 350 940 nisi
366 879 405 940 de
416 879 544 940 abbatis
554 880 761 957 providentia
775 882 913 941 llatcum

113 995 284 1039 consensu
313 978 449 1054 capituli
474 978 526 1038 rel
557 978 693 1056 majoris
721 981 753 1040 et
771 978 914 1039 sanioris

114 1078 222 1155 partis
237 1077 352 1153 ipsius,
378 1076 566 1152 Apostolica
590 1077 786 1138 auctoritate
802 1075 915 1153 prolui-

112 1174 244 1236 bemus.
268 1177 434 1234 Praeterea
449 1174 618 1235 libertates
634 1177 667 1236 et
690 1174 914 1235 immunitates

113 1272 320 1335 monasterio
330 1273 441 1333 vestro
456 1287 642 1343 concessas,
656 1272 740 1333 sicut
755 1273 914 1333 hactenus

114 1370 303 1432 observatae
321 1370 407 1441 sunt,
426 1371 515 1431 ratas
537 1369 696 1430 habemus
711 1371 743 1432 et
757 1386 814 1431 eas
833 1386 913 1446 per·

116 1468 231 1545 petuis
246 1467 448 1543 temporibus
462 1466 607 1530 illibatas
621 1484 815 1545 permanere
836 1484 916 1529 san-

114 1566 234 1627 cimus.
255 1566 460 1627 Auctoritate
470 1582 600 1643 quoque
612 1567 801 1643 apostolica
816 1567 915 1627 nihil·

111 1664 246 1724 ominus
284 1663 440 1725 duximus
474 1663 725 1741 prohibendum,
758 1681 801 1725 ne
828 1664 914 1726 ullus

109 1762 294 1823 advocatus
317 1765 375 1823 aut
401 1762 552 1824 minister
575 1766 647 1840 ejus
674 1762 782 1824 locum
806 1763 914 1839 ipsum

109 1860 164 1922 rel
179 1875 252 1936 quae
268 1860 308 1920 ad
325 1876 399 1921 eum
415 1861 582 1937 pertinent
596 1876 749 1937 gravare,
765 1877 824 1921 seu
840 1861 916 1938 qui-

109 1956 258 2018 buslibet
291 1958 520 2025 exactionibus
546 1958 686 2035 latigare
715 1962 912 2035 praesurnat3

108 2055 168 2116 sed
194 2055 236 2115 iis
261 2072 334 2132 quae
362 2056 543 2133 antiquitus
563 2057 593 2118 ei
609 2072 766 2119 concessa
791 2058 867 2118 sunt
882 2058 915 2119 et

107 2152 149 2213 ad
168 2156 242 2229 ejus
253 2154 417 2230 justitiam
438 2155 614 2230 pertinent,
636 2156 809 2216 contentus
823 2155 916 2215 exis-

106 2254 169 2311 tat.
202 2251 355 2311 Decimas
379 2268 513 2328 quoque
542 2252 583 2313 ad
610 2254 667 2329 jus
695 2252 912 2313 ecclesiarum

107 2350 298 2409 vestrarum
320 2353 521 2425 spectantes,
547 2366 620 2427 quae
645 2350 740 2411 laicis
762 2350 915 2411 detinen-

106 2450 177 2517 tur,
195 2446 378 2507 redimendi
392 2449 425 2508 et
441 2447 604 2508 liberandi
626 2448 666 2508 de
688 2447 841 2508 manibus
857 2464 916 2510 eo-

108 2560 187 2605 rum
202 2546 235 2605 et
250 2544 290 2605 ad
306 2545 466 2606 ecclesias
482 2545 523 2605 ad
539 2558 622 2622 quas
637 2545 802 2622 pertinent
816 2562 915 2607 revo-

107 2642 221 2713 candi,
240 2641 379 2704 liberam
405 2643 498 2703 vobis
518 2646 551 2704 et
564 2660 678 2704 earum
696 2644 913 2705 ecclesiarum

111 2740 278 2801 ministris
299 2740 340 2801 de
354 2742 552 2802 auctoritate
568 2744 679 2803 nostra
703 2742 913 2804 concedimus

110 2836 316 2899 facultatem.

152 2936 369 2997 Prohibemus
381 2937 518 3014 insuper
535 2955 576 3001 ne
589 2938 718 3016 aliquos
734 2938 912 3001 interdicto

107 3033 162 3094 rel
178 3036 543 3097 excommunicationia
558 3036 652 3097 vobis
662 3039 751 3116 juste
767 3037 913 3114 supposi-

107 3134 174 3202 tos,
204 3132 244 3192 ad
273 3132 419 3193 osticium
447 3134 500 3195 rel
525 3135 789 3196 communionem
810 3136 913 3196 eccle·

105 3229 279 3291 siasticam
306 3231 479 3308 quisquam
505 3232 654 3309 recipere
673 3232 744 3295 sine
764 3248 911 3308 congrua

106 3327 337 3389 satisfactione
352 3330 541 3405 praesumat,
554 3330 619 3390 nisl
633 3329 716 3391 torte
729 3329 911 3407 periculum

105 3427 225 3486 mortis
242 3426 421 3497 immineat,
446 3428 483 3488 ut
501 3428 579 3487 dum
595 3428 806 3505 praesentiam
830 3444 910 3488 res-

104 3528 192 3585 tram
209 3523 332 3585 babere
348 3526 580 3601 nequiverunt,
600 3541 658 3602 per
672 3525 775 3586 alium
791 3541 912 3587 secun-

106 3622 185 3681 dum
210 3621 349 3682 formam
376 3622 533 3683 Ecclesiae
567 3623 795 3685 satisfactione
824 3640 912 3700 prae-

106 3720 210 3779 missa
228 3722 380 3796 oporteat
402 3720 540 3796 ligatum
556 3720 786 3781 arsenicum
800 3723 909 3783 autem

106 3817 266 3893 generale
295 3806 506 3879 interdictum
533 3821 631 3879 terrae
665 3819 776 3890 fuerit,
812 3819 911 3881 liceat

107 3916 202 3977 robis
223 3915 346 3977 clausis
364 3917 490 3991 januis,
508 3917 654 3978 exclusis
676 3919 909 3979 excommuni-

106 4016 189 4076 ratis
213 4015 247 4075 et
269 4014 465 4084 interdictis,
493 4032 559 4076 non
572 4016 712 4092 pulsatis
725 4018 907 4093 campanis,

107 4128 285 4190 suppressa
317 4127 410 4182 voce,
438 4112 551 4173 divina
581 4112 691 4174 oltlcia
727 4113 907 4175 celebrare.

110 4212 142 4271 ln
170 4209 419 4287 parochialibus
448 4210 476 4269 si
491 4210 623 4287 quidem
647 4211 798 4272 ecclesiis
827 4227 909 4288 quas

108 4305 237 4368 habetis
264 4306 363 4367 liceat
390 4306 484 4367 vobis
507 4307 696 4368 sacerdotes
722 4307 846 4383 eligere
877 4310 910 4369 et

105 4404 297 4465 dioecesano
330 4404 486 4481 episcopo
518 4406 740 4480 praesentare,
771 4405 905 4481 quibus,

104 4503 132 4563 si
151 4502 264 4563 idonei
289 4502 424 4573 suerint,
451 4502 625 4578 episcopus
643 4518 757 4562 curam
777 4503 908 4563 auima-

102 4614 179 4661 rum
209 4599 406 4673 committat;
444 4599 490 4660 ita
526 4599 656 4675 quidem
683 4600 768 4676 quod
802 4601 833 4659 oi
866 4601 906 4661 de

101 4696 347 4775 spiritualibus,
362 4696 457 4757 vobis
472 4698 581 4757 autem
598 4696 638 4757 do
655 4697 903 4774 temporalibus,

101 4794 247 4857 debeant
268 4794 481 4871 respondere.
511 4794 661 4854 Cirrisma
690 4811 780 4865 uero,
796 4794 905 4857 oleum

101 4894 270 4961 sanctum,
294 4892 561 4953 consecrationes
581 4891 747 4961 altarium,
772 4908 829 4953 seu
846 4892 906 4953 ba-

101 4990 289 5059 silicarum,
303 4990 528 5050 ordinationes
543 4990 777 5050 monachorum
791 4991 847 5067 qui
863 4992 903 5051 ad

102 5104 218 5149 sacros
244 5087 366 5147 fuerint
385 5086 518 5147 ordines
546 5087 760 5163 promovendi
782 5088 903 5149 adice-

102 5200 226 5247 cesano
253 5184 440 5261 suscipietis
462 5185 627 5262 episcopa,
652 5186 679 5246 si
696 5186 827 5262 quidem
848 5203 906 5247 ca-

102 5283 248 5345 tholicus
262 5282 376 5355 luerit3
391 5285 423 5343 et
436 5284 577 5359 gratiam
593 5286 625 5344 et
638 5285 903 5345 communionem

102 5382 327 5442 sacrosancte
348 5383 504 5442 Romanae
518 5381 612 5441 Sedis
633 5382 796 5453 habuerit,
818 5386 848 5443 et
864 5399 902 5443 eri

102 5478 900 5556 robissolueritsinepravitatealiquaexhibere.

103 5577 260 5655 Alioquin
276 5576 316 5637 ad
331 5592 567 5654 quemcumque
590 5576 774 5639 malueritis
787 5578 904 5639 catho-

753 328 983 390 EPISTOLAE.
1007 330 1085 389 LIB-
1103 328 1133 391 Ι.

1709 330 1769 391 loo

969 491 1022 550 tus
1046 487 1254 559 auctoritate,
1279 484 1373 549 vobis
1394 485 1479 566 quod
1504 486 1691 564 postulatur
1712 487 1768 548 ln-

969 585 1113 663 dulgeat.
1137 586 1172 648 Si
1188 603 1284 664 quem
1308 601 1386 647 vero
1399 586 1589 663 episcopum
1610 589 1768 647 Romanae

971 684 1064 744 Sedis
1086 685 1350 745 communionem
1373 684 1548 745 habentem
1577 688 1610 746 et
1638 684 1678 744 de
1702 700 1767 761 quo

970 782 1100 859 plenam
1118 782 1300 845 habueritis
1312 783 1463 843 notitiam
1479 798 1537 859 per
1552 798 1610 843 ros
1622 782 1767 843 transire

969 881 1158 956 contigerit,
1172 880 1213 941 ab
1235 880 1292 941 illo
1308 879 1548 942 benedictionis
1565 895 1720 941 rasorum
1735 880 1768 940 et

969 976 1769 1040 vestrorumconsecrationisaltariumetordina·

969 1076 1076 1137 tiones
1091 1077 1329 1140 monachorum
1345 1077 1542 1138 anctoritate
1556 1076 1650 1137 Sedis
1663 1081 1769 1151 Apos-

969 1175 1077 1236 tolicae
1093 1176 1241 1254 recipere
1254 1176 1406 1237 ualeatis.

1008 1274 1311 1335 Praeterealicitum
1328 1275 1372 1335 sit
1392 1274 1485 1335 robis
1501 1273 1536 1333 in
1559 1272 1668 1334 causis
1690 1286 1769 1331 res·

968 1370 1029 1431 tris
1057 1371 1210 1432 civilibus
1243 1371 1363 1433 fratres
1396 1373 1525 1433 vestros
1559 1370 1694 1430 idoneos
1725 1366 1766 1427 ad

968 1467 1210 1530 testificandum
1226 1469 1400 1540 adducere,
1417 1471 1515 1544 atquo
1530 1468 1677 1544 ipsorum
1699 1466 1768 1526 tes-

969 1566 1106 1628 timonio
1126 1567 1211 1629 sicut
1229 1570 1355 1628 rectum
1385 1566 1484 1627 luerit
1511 1566 1543 1627 et
1571 1563 1767 1642 propulsare

969 1662 1125 1741 injuriam
1154 1668 1187 1725 et
1210 1664 1377 1742 justitiam
1406 1663 1588 1725 vindicare.
1617 1661 1664 1722 Ad
1694 1660 1766 1719 liaec

969 1761 1155 1837 adjicimus,
1177 1779 1218 1823 ne
1237 1762 1341 1839 aliqui
1366 1761 1520 1823 monachi
1542 1760 1594 1821 rel
1612 1755 1767 1820 conversi

969 1858 1029 1918 sub
1042 1859 1247 1936 professione
1261 1860 1377 1922 domus
1394 1861 1513 1921 restrae
1529 1856 1679 1918 adstricti
1692 1855 1765 1914 sine

969 1972 1132 2018 consensu
1151 1958 1280 2020 abbatis
1304 1961 1336 2020 et
1352 1958 1488 2035 majoris
1508 1956 1612 2034 partis
1628 1951 1765 2030 capituli

969 2056 1072 2116 vestri
1094 2056 1281 2133 proaliquo
1302 2056 1512 2135 fidejubeant,
1529 2054 1581 2115 rel
1597 2052 1637 2113 ab
1653 2052 1765 2127 aliquo

969 2154 1143 2229 pecuniam
1170 2155 1282 2215 mutuo
1310 2155 1475 2231 accipiant
1504 2153 1590 2213 ultra
1623 2149 1766 2228 pretium

969 2252 1106 2329 capituli
1126 2253 1226 2313 uestri
1243 2252 1451 2329 providentia
1467 2251 1680 2313 constitutum
1698 2247 1764 2308 nisi

969 2352 1103 2427 propter
1129 2350 1337 2412 manifestam
1357 2351 1473 2411 domus
1492 2350 1611 2411 restrae
1638 2347 1766 2407 utilita-

969 2450 1045 2508 tem.
1072 2448 1164 2520 Quod
1192 2449 1219 2508 si
1243 2447 1352 2509 facere
1376 2447 1459 2509 sorte
1481 2444 1763 2523 praesumpserint,

969 2561 1034 2605 uon
1050 2547 1202 2607 teneatur
1217 2548 1399 2606 conuentus
1415 2544 1539 2621 proluis
1555 2544 1765 2619 aliquatenus

968 2643 1179 2720 respondere.
1206 2642 1253 2704 Ob
1274 2644 1429 2705 vitandas
1450 2658 1530 2704 uero
1554 2638 1765 2701 saecularium

968 2741 1268 2819 frequentationes,
1295 2742 1433 2802 liberum
1460 2740 1504 2802 sit
1534 2739 1638 2811 robiS,
1671 2738 1765 2798 salro

964 2841 1040 2915 jure
1064 2840 1242 2900 dioecesaui
1266 2840 1412 2917 episcopi
1437 2841 1469 2900 et
1494 2838 1644 2899 ecclesiae
1666 2851 1768 2912 paro-

967 2937 1096 3008 clrialis,
1123 2938 1269 2999 oratoria
1296 2939 1331 3013 in
1346 2937 1495 3013 grangiis
1515 2936 1634 2998 vestris
1659 2950 1763 2995 cons-

968 3036 1089 3107 truere,
1102 3038 1134 3097 et
1149 3037 1182 3096 in
1199 3036 1293 3112 ipsis,
1308 3053 1382 3097 cum
1399 3051 1535 3096 necesse
1549 3033 1659 3103 fuerit,
1670 3030 1764 3093 vobis

967 3134 999 3194 et
1019 3132 1154 3195 familiae
1171 3136 1288 3194 restrae
1311 3134 1425 3194 divina
1447 3132 1556 3193 officia
1581 3130 1761 3193 celebrare.

967 3231 1046 3291 Paci
1071 3248 1199 3308 quoque
1232 3235 1265 3292 et
1295 3231 1530 3307 tranquillitati
1561 3232 1680 3290 restrae
1704 3243 1767 3304 pa-

966 3330 1060 3390 terna
1080 3330 1115 3388 in
1139 3330 1306 3406 posterum
1336 3328 1560 3390 sollicitudine
1590 3325 1764 3403 providere

966 3426 1126 3498 volentes
1144 3427 1322 3487 autoritate
1343 3426 1531 3503 apostolica
1551 3421 1763 3502 prohibemus

966 3523 1053 3584 int'ra
1079 3524 1252 3585 clausuras
1279 3524 1427 3585 locorum
1461 3539 1520 3584 seu
1548 3520 1763 3598 grangiarum

965 3624 1149 3682 uestrarum
1171 3622 1282 3682 nullus
1307 3622 1459 3698 rapinam
1484 3637 1543 3681 seu
1567 3619 1690 3680 furtum
1706 3616 1763 3677 fa·

965 3734 1051 3789 cere,
1075 3720 1186 3795 ignem
1199 3735 1378 3796 apponere,
1398 3719 1595 3795 sanguinem
1611 3715 1760 3785 sundere,

965 3817 1131 3879 hominem
1148 3819 1270 3880 temere
1284 3833 1403 3895 capere
1418 3818 1469 3878 rel
1483 3816 1684 3887 interficere,
1701 3828 1762 3875 seu

964 3917 1155 3977 uiolentiam
1185 3916 1306 3977 audeat
1333 3931 1502 3977 exercere.
1523 3914 1762 3976 constituimus

964 4014 1110 4091 insuper,
1129 4017 1165 4076 ut
1178 4015 1277 4076 abbas
1293 4015 1349 4093 qni
1361 4029 1419 4092 pro
1432 4016 1579 4091 tempore
1593 4012 1703 4085 fuerit,
1720 4012 1762 4074 ad

965 4113 1088 4173 nullius
1104 4113 1346 4191 archiepiscopi
1362 4112 1413 4174 rel
1434 4112 1579 4189 episcopi
1600 4111 1762 4190 synodum

964 4226 1024 4270 seu
1045 4213 1255 4281 conventum,
1277 4210 1342 4271 nisi
1362 4212 1490 4272 tantum
1509 4210 1650 4271 Romani
1674 4212 1763 4270 Pon-

964 4307 1074 4378 titicis,
1087 4308 1138 4369 vel
1150 4312 1222 4385 eJus
1234 4309 1345 4384 legati,
1359 4308 1518 4369 accedere
1530 4306 1759 4384 compellatur.

964 4405 1175 4480 sepulturam
1189 4422 1319 4484 quoque
1334 4406 1439 4482 ipsius
1455 4406 1518 4466 loc-i
1536 4404 1674 4464 liberam
1687 4418 1761 4464 esse

961 4501 1182 4575 decernimus,
1197 4505 1233 4564 ut
1249 4518 1363 4564 eorum
1375 4503 1542 4565 devotioni
1555 4504 1588 4563 et
1602 4504 1761 4563 extremae

962 4600 1125 4662 voluntati
1141 4602 1196 4678 qni
1213 4618 1248 4662 se
1259 4602 1328 4662 illic
1342 4601 1476 4678 sepeliri
1488 4598 1758 4669 deliberaverint,

962 4698 1026 4758 nisi
1043 4698 1126 4759 sorte
1141 4699 1419 4761 excommunicati
1432 4699 1484 4759 rel
1501 4696 1667 4758 interdicti
1681 4696 1758 4767 sint,

962 4796 1073 4856 nullus
1087 4797 1236 4868 obsistat,
1254 4798 1346 4858 salva
1361 4800 1469 4858 tamen
1481 4795 1612 4873 justitia
1626 4794 1759 4854 illarum

960 4893 1215 4955 ecclesiaruma
1240 4894 1360 4972 quibus
1388 4896 1593 4955 mortuorum
1620 4907 1760 4968 corpora

960 4993 1186 5052 assumuntur.
1201 4991 1349 5053 obeunte
1361 5007 1440 5051 sero
1451 4994 1495 5062 te,
1510 5006 1596 5050 nunc
1610 4987 1759 5066 ejusdem

960 5089 1024 5149 loci
1045 5088 1174 5161 abbate,
1195 5090 1394 5151 veltuorum
1417 5087 1563 5165 quolibet
1586 5102 1762 5148 successo-

959 5202 1043 5256 rum,
1070 5187 1181 5248 nullus
1209 5187 1256 5248 ibi
1279 5186 1425 5264 qualibet
1454 5185 1676 5263 subreptionis
1698 5202 1758 5246 as-

958 5285 1041 5345 tutia
1062 5301 1121 5345 seu
1143 5285 1300 5347 violentia
1325 5286 1546 5362 praeponatur,
1573 5283 1640 5344 uisi
1662 5299 1759 5361 quem

959 5381 1078 5443 fratres
1094 5383 1260 5444 communi
1273 5399 1438 5444 consensu
1455 5382 1506 5443 vel
1520 5382 1658 5444 fratrum
1681 5396 1758 5457 pars

958 5481 1093 5557 majoris
1109 5484 1140 5542 et
1156 5482 1299 5542 sanioris
1319 5482 1451 5542 consilii
1462 5481 1642 5543 secundum
1656 5482 1757 5540 ileum

957 5579 990 5639 et
1008 5577 1096 5640 beati
1111 5579 1281 5643 Benedicti
1298 5579 1448 5657 regulam
1470 5578 1676 5659 providerint
1690 5578 1757 5639 eli-

103 5674 204 5739 licum
229 5673 409 5736 antistitem
427 5675 618 5746 recurratis,
634 5675 688 5754 qui
706 5676 817 5738 nostra
832 5674 901 5737 fre-
955 5676 1114 5751 gendum.
