3802 6166
124 216 180 283 iol

163 380 235 444 Etsi
246 380 407 445 hactenus
420 380 604 446 habueritis
609 382 760 447 velamen
768 384 917 459 malitiae,

122 495 199 543 cnm
218 480 333 543 contra
345 479 446 542 clarae
460 480 630 544 memoriae
651 481 837 546 iohannem
859 499 917 546 re·

119 592 199 655 gem
230 578 412 654 Anglorum
445 576 614 641 dominnm
644 582 792 643 vestrum
824 597 917 644 arma

118 691 240 753 gerere
253 674 424 750 dicebatis,
442 678 662 754 proponentes
683 677 791 756 ipsum
805 680 916 757 impo-

121 774 232 835 suisse
245 773 340 835 robis
356 777 476 851 jugum
498 775 709 838 intolerabile
733 778 915 851 servitutis,

116 873 190 949 jam
200 887 289 932 nunc
301 874 549 935 excusationem
557 873 680 936 habere
688 892 755 937 non
765 875 917 952 poteritis

120 970 157 1031 in
172 970 329 1046 peccatis,
343 987 405 1032 nec
416 974 528 1033 notam
540 972 737 1049 proditionis
752 990 916 1051 quoquam

119 1067 308 1129 velamento
321 1068 443 1141 velare,
465 1069 530 1130 nisi
551 1070 593 1132 ad
618 1071 809 1134 fidelitatem
824 1071 915 1133 lilio-

119 1166 305 1242 rum2eJ‘us,
329 1167 386 1243 qui
407 1183 466 1229 vos
485 1167 675 1231 nullatenus
695 1170 913 1243 offenderunt,

120 1265 273 1343 protinus
289 1265 443 1336 redeatis
459 1282 534 1328 cum
551 1268 702 1329 cessante
720 1283 833 1341 causa,
848 1285 917 1330 ces·

122 1377 199 1425 sare
214 1360 332 1424 debeat
346 1362 535 1424 eteffectus.
550 1365 726 1427 tamenim
741 1382 807 1427 non
821 1366 916 1428 vide-

118 1459 238 1521 bimini
254 1459 329 1521 odio
344 1460 502 1523 habuisse
515 1474 702 1540 personam,
717 1479 757 1528 ac
770 1468 915 1527 vestram

119 1558 279 1636 injuriam
298 1558 462 1636 repulisse
484 1564 735 1639 persequentem
756 1548 916 1640 quodam-

119 1657 218 1719 modo
245 1658 489 1734 persequendo,
522 1658 580 1720 sed
610 1660 719 1737 potius
754 1662 915 1724 malitiam

120 1755 343 1831 excogitatam
356 1756 487 1827 sectari,
502 1757 531 1817 si
544 1761 572 1834 ej
578 1758 697 1819 usdem-
703 1758 792 1835 regis
808 1774 917 1836 perse-

120 1853 262 1930 quimini
293 1853 379 1915 tilios
406 1854 610 1928 innocentes,
639 1872 721 1934 quos
751 1856 915 1919 deberetis

120 1950 298 2013 defendero
324 1952 445 2029 potius,
472 1951 646 2031 etsovere;
672 1953 792 2033 quibus
811 1955 915 2032 patris

119 2048 281 2128 iniquitas
295 2049 412 2111 obesse
427 2066 493 2112 non
508 2051 613 2124 debet,
638 2068 712 2113 cum
722 2053 820 2131 Juxta
834 2069 915 2114 ver-

119 2146 199 2209 bum
212 2147 355 2221 Domini,
368 2165 429 2210 neo
441 2149 536 2226 pater
546 2149 617 2223 tilii,
634 2166 696 2213 nec
710 2151 799 2213 tilius
811 2151 916 2228 patris

120 2244 240 2307 debeat
249 2246 456 2324 iniquitatem
464 2249 607 2324 portare,
620 2248 678 2311 sed
685 2249 794 2326 potius
804 2249 916 2311 anima

122 2359 195 2421 quae
211 2344 367 2421 peccarit.
383 2345 540 2409 Volentes
559 2345 662 2422 igitur
681 2348 801 2409 restroe
816 2347 917 2409 saluti

122 2443 306 2515 consulere,
328 2443 426 2520 atque
447 2443 554 2516 samae,
574 2448 669 2524 cujus
687 2447 759 2522 jam
783 2443 918 2523 dispen-

122 2539 213 2601 dium
228 2540 415 2602 incurristis
436 2542 470 2603 et
488 2533 622 2619 pupillis
644 2543 769 2605 eisdem
788 2543 916 2605 nihilo-

121 2638 233 2700 minus
248 2640 346 2715 prout
358 2638 400 2700 ad
424 2640 573 2701 nostrum
594 2639 739 2703 osticium
761 2641 915 2719 pertinet,

123 2737 724 2812 occurrere;universitatemvestram
733 2755 915 2812 monemus,

123 2835 350 2908 exhortamur,
367 2836 399 2898 et
411 2835 622 2899 obsecramus
634 2837 669 2899 in
680 2837 810 2900 Christo
824 2840 915 2909 iesu,

123 2932 181 3011 qui
194 2936 356 2996 venturus
370 2934 423 2996 est
432 2934 585 3013 judicare
596 2935 690 2998 vivos
707 2936 740 2997 et
756 2936 915 3009 mortuos,

123 3032 157 3093 et
167 3031 358 3093 redditurus
374 3032 552 3110 unicuique
562 3034 660 3110 juxta
682 3049 818 3096 suorum
839 3033 916 3096 exi-

123 3130 270 3206 gentiam
289 3130 499 3203 meritorum,
524 3133 697 3208 quatenus,
723 3131 814 3194 omni
832 3147 917 3194 ran-

124 3245 201 3291 core
213 3229 374 3306 deposito,
390 3228 431 3290 ad
446 3229 636 3291 eorumdem
651 3229 842 3293 fidelitatem
857 3245 917 3292 ce-

123 3325 239 3389 leriter
263 3327 418 3399 redeatis
446 3329 479 3389 et
506 3328 679 3405 apponatis
702 3345 761 3389 vos
786 3345 917 3389 murum

124 3442 183 3504 pro
194 3426 243 3487 eis
252 3424 506 3487 ascendentibus
515 3441 558 3487 ex
565 3426 715 3500 adverso,
728 3428 765 3489 ut
774 3427 915 3500 macula,

125 3541 222 3604 quam
239 3524 275 3584 in
288 3523 456 3585 fidelitatis
469 3524 587 3587 vestrae
606 3524 746 3600 gloriam
758 3523 918 3603 posuistis

122 3622 283 3700 erigendo
292 3622 483 3685 calcaneum
494 3623 609 3685 contra
617 3624 754 3700 patrem,
767 3622 918 3701 protinus

124 3720 280 3784 abluatur
302 3721 335 3783 et
355 3720 477 3783 divinae
498 3720 681 3798 majestatis
702 3722 854 3800 expietur
867 3722 919 3786 ot-

124 3822 230 3883 iensa.
247 3821 316 3881 Nos
329 3819 428 3892 enim,
445 3817 480 3880 in
493 3822 588 3898 cujus
605 3821 756 3882 manibus
771 3822 804 3883 et
816 3821 918 3885 tutela

124 3916 213 3980 idem
227 3933 289 3979 rex
303 3920 336 3979 et
354 3916 486 3979 eosdem
500 3917 641 3995 pupillos
656 3918 791 3997 reliquit
810 3920 843 3981 et
858 3934 917 3981 re-

125 4033 237 4094 gnum,
268 4016 308 4076 de
331 4016 510 4077 securitate
531 4016 719 4079 omnimoda
742 4018 775 4079 et
797 4032 920 4094 grara-

125 4113 271 4177 minibus
300 4130 373 4192 quae
396 4128 456 4191 per
483 4112 622 4176 abusum
644 4113 685 4175 ab
707 4114 821 4177 eodem
841 4131 919 4192 rege

124 4213 220 4275 vobis
241 4211 400 4273 dicebatis
419 4210 547 4285 inferri,
565 4213 699 4275 anctore
718 4213 856 4275 Domino
872 4213 920 4274 sic

126 4311 221 4374 robis
233 4310 423 4373 curabimus
438 4310 623 4388 providere,
635 4312 721 4389 quod
734 4328 753 4373 a
767 4310 920 4374 cordibus

126 4410 247 4472 restris
263 4408 440 4487 cujuslibet
460 4407 673 4470 dubitationis
695 4425 755 4470 seu
770 4408 921 4471 rancoris

128 4508 315 4585 scrupulus,
340 4509 373 4569 et
396 4507 526 4569 timoris
552 4506 705 4569 anxietas
724 4508 842 4570 merito
862 4525 923 4586 po-

127 4607 206 4669 terit
220 4606 379 4668 amoveri.
395 4605 551 4683 Alioquin
570 4604 647 4682 quia
663 4605 695 4666 id
711 4606 922 4668 dissimulare

129 4721 148 4767 a
175 4704 296 4766 mundo
327 4720 393 4765 non
417 4704 582 4777 valemnS,
612 4720 687 4766 cum
712 4705 835 4781 praeter
860 4704 923 4767 hoc

129 4804 216 4882 quod
235 4819 374 4880 regnum
398 4802 506 4880 ipsum
526 4804 577 4864 est
605 4803 805 4881 Apostolicae
828 4803 923 4864 Sedis

125 4902 224 4981 juris,
241 4902 441 4979 pupillorum
455 4916 569 4962 curam
590 4901 781 4978 specialiter
794 4917 922 4977 gerere,

129 5016 168 5062 ac
190 5001 240 5061 eis
259 5000 421 5077 judicium
436 5000 473 5061 'et
490 4999 654 5076 justitiam
677 4998 788 5061 iacere
809 4999 925 5061 tenea-

129 5116 215 5171 mur,
230 5098 271 5160 ad
285 5097 508 5159 defensionem
523 5097 670 5174 ipsorum
686 5099 719 5159 et
737 5097 834 5174 regni
848 5113 924 5159 ma-

128 5213 193 5259 nus
204 5198 334 5258 nostras
348 5196 547 5273 inquantum
557 5196 714 5257 Dominus
725 5194 852 5258 dederit
865 5210 927 5256 ex-

128 5296 314 5367 tendemus,
329 5298 361 5356 et
376 5293 603 5355 invocabimus
618 5293 738 5355 coelum
752 5294 786 5355 et
802 5294 926 5355 terram

131 5394 247 5477 contra
261 5394 406 5455 vestram
426 5392 606 5469 nequitiam
621 5391 837 5454 obstinaoem.
861 5394 929 5453 Da-

130 5494 200 5555 tum
214 5495 327 5554 Romae
341 5491 428 5569 apud
445 5492 603 5552 Sanctum
617 5491 763 5561 Petrum,
772 5489 927 5552 kalendis

131 5589 327 5664 decembris,
348 5588 558 5671 pontificatus
578 5588 684 5652 nostri
704 5604 792 5651 anno
806 5586 925 5667 primo.

694 256 697 263 ·
765 221 992 288 arrsronm.
1015 226 1094 288 nm.
1119 226 1143 288 r.
1210 300 1213 305 ,
1254 170 1258 185 ’

1309 397 1447 490 LXXV
1512 471 1521 482 .

1140 623 1192 682 Ad
1207 624 1300 685 ctocs
1313 627 1587 691 Beneventanus.
1649 640 1654 648 ’

1278 738 1289 795 1
1308 738 1370 799 dec,
1389 741 1466 800 lale.

1096 884 1228 950 [Analecta
1239 889 1305 954 juris
1317 893 1444 944 Pontificii
1453 895 1485 946 ad
1497 911 1557 948 ann.
1570 897 1652 965 laioJ.

970 998 1085 1058 Civibus
1112 1004 1322 1066 Beneventanis
1348 1010 1405 1067 ait:
1434 1011 1539 1071 Civitas
1564 1016 1766 1076 Beneventano

1007 1087 1168 1163 hujusmodi
1182 1095 1282 1167 gavisa
1297 1106 1341 1155 est
1353 1100 1494 1171 libertato,
1508 1102 1583 1175 quod
1593 1106 1766 1180 quicumque
1803 1122 1808 1131 ·

1006 1177 1160 1237 dummodo
1183 1183 1254 1240 liber
1276 1186 1365 1260 eligat
1390 1188 1596 1250 habitationem
1619 1195 1718 1267 ipsius,
1735 1203 1766 1254 et

1005 1268 1268 1332 nobisetEcclesiae
1277 1276 1763 1358 Romnumfidelitatisexhibeatju·

1005 1366 1176 1430 ramentum,
1185 1365 1297 1421 conseri
1311 1365 1413 1425 debeat
1429 1368 1465 1424 ab
1479 1370 1612 1428 omuibus
1627 1379 1764 1445 tanquam

1005 1447 1085 1506 civis.
1100 1449 1212 1509 inhibet
1224 1466 1261 1509 ne
1274 1454 1337 1526 quis
1351 1470 1411 1524 eos,
1425 1458 1474 1529 qui
1489 1459 1524 1515 ad
1538 1460 1627 1532 ipsius
1641 1462 1764 1520 civitatis

1007 1546 1153 1597 transeant
1179 1541 1342 1612 incolatum,
1363 1554 1519 1616 prasumat
1536 1550 1709 1623 compellere
1732 1559 1764 1610 ut

1006 1629 1041 1688 ad
1056 1628 1246 1688 habitationes
1257 1631 1376 1690 redeant
1390 1631 1549 1695 derelictos.

1009 1776 1187 1851 Honorius,
1204 1778 1280 1850 otc,
1294 1778 1423 1841 civibus
1436 1782 1690 1845 Beneventanis.

1010 1876 1121 1937 Cuma
1136 1875 1246 1953 longis
1256 1879 1345 1939 retro
1360 1878 1563 1955 temporibus
1576 1880 1694 1943 civitas
1705 1884 1764 1943 Be·

970 1976 1158 2036 narentana
1183 1974 1374 2052 hujusmodi
1396 1978 1512 2052 gavisa
1529 1977 1574 2040 sit
1596 1978 1760 2052 libertate,

970 2071 1056 2150 quod
1069 2072 1267 2151 quicumque
1279 2073 1389 2147 homo,
1404 2074 1579 2138 dummodo
1593 2076 1688 2149 liber,
1705 2078 1764 2139 eli-
1869 2136 1872 2143 .

970 2169 1018 2246 git
1038 2168 1276 2232 habitationem
1295 2174 1379 2248 ejus,
1395 2173 1428 2234 et
1442 2156 1537 2234 nohis
1554 2174 1588 2235 et
1607 2174 1765 2237 Ecclesiae

971 2270 1129 2330 Romanae
1164 2268 1333 2330 tldelitatis
1364 2269 1501 2332 exhibet
1537 2272 1764 2347 juramentum

971 2366 1100 2427 censeri
1124 2366 1241 2428 debeat
1254 2365 1296 2427 ab
1316 2367 1468 2429 omnibus
1489 2370 1646 2445 tauquam
1668 2369 1761 2443 civis,

971 2462 1169 2526 auctoritate
1190 2465 1403 2544 praesentium
1427 2465 1609 2528 districtius
1633 2467 1766 2529 inhibe-

971 2577 1055 2635 mus,
1081 2578 1123 2624 ne
1144 2563 1218 2640 quis
1244 2579 1312 2636 eos,
1338 2563 1395 2640 qni
1418 2563 1459 2624 ad
1488 2563 1594 2641 ipsius
1619 2565 1765 2627 civitatis

971 2660 1146 2724 transeunt
1159 2662 1352 2736 incolatum,
1373 2662 1552 2740 praesumat
1568 2662 1765 2740 compellere

972 2761 1008 2822 ut
1019 2760 1061 2820 ad
1076 2758 1299 2822 habitationes
1316 2762 1455 2823 redeant
1469 2759 1656 2823 derelictas.
1673 2761 1766 2824 Nulli

972 2874 1072 2935 ergo,
1110 2859 1184 2929 etc,
1213 2859 1336 2920 nostrae
1372 2858 1596 2931 inhibitionis,
1634 2861 1696 2922 etc.
1730 2861 1766 2922 Si

973 2958 1046 3035 quis
1059 2957 1180 3029 autem,
1196 2958 1259 3018 etc.
1276 2957 1394 3019 Datum
1414 2960 1527 3019 Romae
1544 2954 1631 3034 apud
1648 2960 1681 3019 S.
1698 2960 1766 3027 Pe-,

972 3060 1078 3125 trum,
1117 3053 1271 3116 kalendis
1312 3054 1515 3129 decembris,
1554 3055 1766 3133 pontificatus

973 3153 1077 3216 nostri
1099 3168 1187 3215 anno
1201 3152 1320 3230 primo.

1290 3405 1449 3492 LXXVI

971 3614 1024 3674 Ad
1045 3611 1304 3688 montionis.
1326 3613 1446 3672 Graecis
1462 3610 1496 3671 ct
1522 3612 1714 3673 Teretinam
1734 3612 1768 3674 ct

1169 3710 1336 3771 amre-om
1349 3710 1384 3769 S.
1400 3709 1563 3769 Anniani.

1278 3821 1292 3878 l
1307 3820 1370 3888 dcc.
1383 3821 1461 3879 1116.

1035 3947 1144 4011 [liegest.
1151 3944 1223 4004 lihl,
1230 3944 1305 4010 epist.
1315 3943 1417 3995 tensa
1427 3945 1463 3996 La
1474 3944 1552 3995 Porta
1563 3942 1598 3995 dn
1610 3945 1706 4011 Thali]

973 4090 1152 4164 Praecipitat
1166 4090 1195 4147 io
1205 4096 1348 4148 conventu
1361 4088 1545 4146 &samsonis
1556 4088 1767 4159 Aurelianensi,

1008 4177 1187 4238 sacerdotem
1202 4177 1264 4252 jam
1283 4178 1433 4251 expulsum
1452 4176 1535 4251 quasi
1549 4174 1585 4234 de
1600 4192 1675 4236 novo
1691 4177 1765 4236 reci·

1010 4270 1099 4344 piant.

1015 4411 1194 4485 Honorius,
1217 4412 1299 4483 etc,
1318 4410 1447 4472 dilectis
1469 4409 1548 4471 tiliis
1569 4409 1768 4485 magistro...

976 4511 1100 4573 sanctae
1115 4509 1242 4582 Crucis,
1264 4510 1298 4571 et
1312 4508 1467 4570 'lecelino
1480 4509 1513 4570 ct
1524 4507 1648 4569 Alardo
1661 4506 1768 4569 sancti

975 4608 1122 4671 Anniani
1136 4607 1307 4670 canonicis
1322 4605 1537 4668 Aurelianen.

1017 4707 1162 4768 Dilectus
1188 4705 1279 4766 tilius
1295 4707 1324 4767 J.
1347 4704 1503 4767 sacerdos
1528 4702 1645 4763 humili
1672 4699 1767 4763 nobis

977 4803 1201 4866 insinuatione
1226 4801 1432 4871 monstravit,
1464 4799 1550 4876 quod
1578 4814 1652 4861 cum
1682 4796 1771 4859 idem

978 4902 1176 4981 compererit
1208 4902 1334 4978 patrem
1365 4913 1461 4958 sunm
1494 4913 1554 4974 pro
1582 4896 1772 4974 receptione

979 5002 1084 5079 ipsius
1098 5000 1134 5061 in
1150 4998 1299 5076 prioratu
1313 4997 1346 5058 et
1366 4997 1540 5057 conventu·
1551 4994 1657 5056 saneti
1675 4997 1774 5058 Sam-

980 5099 1071 5162 sonis
1104 5096 1319 5159 Aureliancn.
1353 5093 1441 5155 intra
1476 5107 1582 5154 annos
1606 5090 1773 5168 legitimos

980 5196 1165 5268 constituti,
1195 5192 1334 5271 praefato
1369 5190 1570 5253 monasterio
1598 5189 1773 5267 quamdam

981 5310 1144 5357 summam
1174 5291 1322 5370 pecuniae
1349 5289 1538 5360 tradidisse,
1566 5288 1639 5364 ipso
1662 5291 1783 5349 tamen-

981 5394 1112 5471 penitus
1125 5390 1310 5468 ignorante,
1327 5388 1465 5450 veniens
1475 5386 1516 5446 ad
1530 5400 1635 5446 annos
1647 5384 1776 5445 discre-

981 5492 1083 5554 tionis
1098 5487 1334 5551 monasterium
1349 5485 1458 5563 ipsum
1473 5471 1555 5544 'sano
1570 5483 1687 5544 ductus
1700 5497 1776 5542 con·

982 5590 1057 5653 silio
1075 5590 1126 5652 est
1148 5600 1314 5665 egressus,
1342 5584 1438 5646 nobis
1459 5580 1629 5644 humiliter
1650 5577 1779 5656 suppli-
