3802 6166
138 240 200 301 475
755 235 931 297 Hononn
954 237 1000 297 111
1022 236 1171 297 orant.
1726 244 1788 303 ⁴70.

137 396 260 461 tercies
286 396 444 467 existunt,
476 409 536 456 sno
568 392 746 471 specialius
776 392 933 471 obsequio
1027 397 1095 471 Ego
1110 393 1215 457 (tuido
1232 396 1266 457 S.
1280 393 1412 456 Nicolai
1430 393 1465 456 in
1480 410 1616 459 carcere
1630 396 1784 463 Tulliano

139 495 319 575 deputarit,
341 493 460 572 quibus
477 508 538 553 sua
554 491 675 568 saepius
693 494 820 555 secrete
838 508 931 554 com·
988 492 1148 555 diaconus
1157 492 1247 556 card.
1264 491 1442 569 subscrips.

139 595 314 655 municans
331 608 406 653 cum
421 590 503 667 ipsis
523 589 700 661 interdum,
721 591 754 651 et
768 590 932 650 interdum
1027 593 1095 667 Ego
1128 591 1339 652 octavianus
1363 592 1420 651 SS.
1453 592 1580 668 Sergii,
1605 596 1640 655 et
1663 595 1785 657 Bacchi

138 707 198 769 per
221 692 311 767 ipsos
335 688 370 749 in
394 686 622 765 spiritualibus
644 689 676 748 et
697 686 932 764 temporalibus
988 687 1147 748 diaconus
1162 689 1252 749 card.
1269 688 1449 765 subscrips

137 786 436 865 exsequetnrrices
446 802 535 855 snas;
548 801 648 861 quum
659 784 761 861 igitur
771 784 933 845 Albanen·
1028 788 1095 861 Ego
1132 787 1322 861 Gregorius,
1359 790 1392 847 S.
1421 788 1587 849 Theodori
1624 790 1784 852 diaconus

137 886 184 946 sis
197 883 342 945 civitatis
356 884 493 944 antistes
502 899 657 957 magnum
669 883 776 943 lorum
787 882 933 944 obtineat
988 884 1113 944 canlin.
1128 883 1307 960 subscrips.

137 982 224 1044 inter
241 998 297 1042 eos
316 982 350 1043 et
368 998 411 1041 ex
428 980 636 1041 institutione
653 980 930 1056 praedecessorum
1027 982 1095 1055 Ego
1133 981 1331 1058 Stephanus,
1369 984 1402 1041 S.
1441 982 1580 1043 Adriani
1623 983 1782 1047 diaconus

50 1132 53 1137 .
136 1081 338 1149 nostrorum,
355 1079 389 1139 et
402 1077 641 1139 consuetudine
656 1077 847 1155 approbata,
864 1080 932 1138 Ro-
986 1078 1111 1137 cardin.
1128 1079 1308 1156 subscrips.

136 1192 234 1238 mano
246 1176 399 1237 Pontitici
416 1175 589 1236 familiaris
605 1190 735 1250 semper
746 1177 779 1236 et
793 1175 932 1236 collate-
1026 1178 1094 1251 Ego
1112 1176 1366 1249 Alebrandinns,
1385 1179 1418 1237 S.
1435 1177 1606 1239 Eustachii
1622 1179 1781 1242 diac-onus

134 1275 218 1335 ralis
234 1274 367 1345 existat,
381 1275 414 1334 te
431 1272 485 1349 qni
501 1289 543 1333 ex
558 1272 731 1333 vocatione
752 1272 864 1332 divina
881 1272 931 1332 ci·
986 1272 1075 1333 card.
1094 1273 1273 1351 subscrips.

135 1372 248 1433 vitatis
257 1371 362 1447 ipsius
373 1371 565 1432 cathedram
574 1369 795 1431 conscendisti
807 1370 931 1445 specia-
1026 1372 1144 1432 Datnm
1180 1371 1351 1433 Ferentini
1374 1388 1433 1448 per
1462 1389 1597 1435 manum
1622 1375 1779 1451 Raynerii

134 1470 200 1529 lius
228 1468 394 1529 bonorare
423 1467 637 1543 proponimus
670 1468 703 1527 et
734 1467 769 1527 in
802 1466 869 1528 tuis
898 1468 930 1529 te
986 1469 1143 1529 Romanae
1158 1469 1315 1531 Ecclesiae
1328 1469 1597 1533 vicecancellarii
1607 1474 1653 1531 lX
1663 1472 1779 1533 Kalen·

134 1563 348 1644 petitionibus
363 1564 534 1624 exaudire.
547 1565 737 1641 Eapropter,
749 1564 929 1625 venerabi·
985 1564 1044 1624 das
1052 1565 1201 1641 Augusti,
1212 1566 1338 1638 ind.V.,
1349 1569 1583 1629 incarnllom.
1593 1585 1684 1629 anno
1692 1571 1775 1642 1217,

134 1664 177 1724 lis
191 1663 292 1723 irater
301 1660 559 1730 inchrist0,tuis
570 1660 926 1736 precibusannuentes,
985 1662 1193 1738 pontificatus
1213 1678 1293 1725 vero
1310 1664 1450 1725 Honorii
1474 1668 1543 1742 Pap
1568 1668 1616 1727 111
1638 1682 1727 1728 anno
1740 1683 1773 1727 n.

134 1760 175 1823 ad
190 1758 361 1835 exemplar
373 1757 479 1818 felicis
496 1757 735 1818 recordationis
746 1759 929 1819 innocentii
1473 1758 1481 1771 ⁰

134 1860 233 1934 Papae
248 1856 505 1932 praedeoessoris
521 1855 625 1916 nostri
643 1855 809 1916 civitatem
824 1855 927 1916 Alba-

132 1970 280 2021 nensem,
312 1970 385 2014 cnm
412 1952 515 2028 burgo
543 1951 705 2020 Thermis,
733 1954 843 2013 monte
872 1952 928 2029 qui

132 2052 255 2115 dicitnr
266 2051 321 2113 Sol
332 2054 365 2112 et
375 2053 479 2121 Luna,
499 2049 638 2117 Palatio,
655 2051 688 2111 et
703 2049 926 2127 omnibnsap-

131 2149 294 2228 pendiciis
307 2150 386 2219 suia,
404 2148 444 2208 ad
456 2151 523 2225 jus,
538 2149 570 2207 et
586 2147 819 2223 proprietatem
833 2148 927 2208 Sedis

130 2247 328 2325 Apostolicae
343 2245 595 2322 pertinentibus,
616 2245 716 2305 immo
731 2244 831 2305 etiam
852 2262 926 2306 cum

40 2398 43 2403 .
130 2345 219 2407 omni
228 2348 305 2422 jure
318 2346 443 2415 nostru,
462 2346 527 2405 tam
543 2343 578 2403 in
594 2342 752 2403 comitatu
770 2344 928 2404 castella·

130 2443 197 2515 nia,
216 2443 249 2503 et
263 2442 404 2512 moneta,
422 2456 519 2517 quiam
536 2439 751 2502 fidelitatibus
766 2443 799 2501 et
814 2440 925 2501 domi-

129 2541 185 2601 nio
216 2539 335 2601 suturis
367 2538 506 2606 bannis,
541 2538 701 2614 placidis,
736 2538 922 2614 plateatico,

129 2653 261 2715 guerra,
276 2652 368 2714 pace,
386 2636 490 2706 hoste,
512 2634 701 2705 cavalcada,
723 2635 922 2709 glandatico,

129 2736 310 2803 herbatico,
327 2733 505 2809 ruspatico,
531 2733 646 2807 pratis,
668 2732 786 2803 vineis,
810 2748 925 2793 nerne-

128 2832 231 2902 ribns,
246 2831 345 2892 terris
356 2830 454 2890 cultis
466 2829 649 2899 etincultis,
665 2829 924 2891 etaliismanna·

128 2929 215 2990 libus
237 2926 371 2997 nostris,
395 2926 465 2985 sive
485 2926 519 2985 in
539 2925 648 2997 terris,
670 2926 790 2987 sivein
812 2928 921 3003 aquis,

129 3027 163 3088 et
174 3030 251 3103 jure
266 3023 352 3101 quod
372 3022 531 3083 habemus
550 3023 586 3082 in
601 3023 753 3084 ecclesiis
775 3024 922 3101 ejusdem

128 3123 271 3185 civitatis
286 3136 345 3198 pro
364 3120 485 3182 caratis
503 3120 585 3191 vini,
602 3122 635 3182 et
651 3121 679 3181 si
698 3138 770 3197 qum
790 3121 857 3181 alia
880 3122 921 3182 ad

59 3210 62 3217 ’
127 3220 254 3297 regalia
264 3220 388 3289 nostra,
406 3218 572 3295 pertinere
591 3220 781 3291 noscantur,
799 3218 869 3290 tibi,
888 3222 923 3281 et

128 3314 374 3379 successoribus
399 3315 466 3375 tuis
493 3315 534 3376 de
564 3313 703 3375 fratrum
732 3318 921 3377 nostrornm

127 3414 266 3477 consilio
288 3412 508 3483 concedimus,
528 3412 761 3473 confirmamus
781 3416 814 3474 et
835 3428 922 3489 prae-

127 3512 230 3573 sentis
249 3510 364 3586 scripti
381 3509 557 3585 privilegio
577 3511 830 3570 communimus.
851 3513 920 3576 De-

127 3611 294 3673 cernimus
319 3623 409 3683 ergo,
435 3608 471 3667 ut
491 3607 575 3667 nulli
600 3608 734 3668 omnino
749 3607 920 3669 hominum

125 3707 224 3769 liceat
238 3705 409 3783 praeiatam
431 3704 651 3765 Albanensem
671 3705 845 3766 ecclesiam
865 3708 919 3768 te-

125 3820 216 3866 mere
232 3800 436 3881 perturbare,
448 3801 510 3864 etc.
527 3802 562 3861 Si
580 3817 644 3877 qna
660 3803 763 3877 igitur
775 3802 809 3863 in
825 3802 918 3864 iutu-

125 3918 210 3972 rnm,
228 3901 289 3961 etc.
306 3913 413 3972 alsatie
425 3898 561 3973 praemia
577 3900 710 3959 aeternae
725 3899 816 3975 pacis
830 3899 921 3961 inve·

125 3999 229 4059 nient.
246 3999 361 4067 Amen,
377 4010 486 4065 amen,
503 4010 611 4056 amen.

165 4098 233 4170 Ego
252 4092 429 4163 Honorius,
447 4092 625 4154 Catholicae
646 4094 803 4155 Ecclesiae
825 4095 918 4170 epis-

124 4210 227 4271 copus
237 4190 429 4267 subscripsi.

163 4295 231 4368 Ego
246 4289 363 4359 Gnido,
386 4288 611 4349 Praenestinus
626 4288 800 4365 episcopus
827 4289 917 4351 snbs.

163 4394 230 4466 Ego
255 4386 425 4466 Cynthius,
455 4386 649 4447 Portnensis
676 4386 708 4447 et
733 4388 766 4447 S.
790 4388 918 4449 Ruflnae

122 4488 224 4566 episc.
240 4484 419 4561 subscrips.

162 4589 230 4663 Ego
256 4586 384 4653 Petrus,
410 4581 603 4643 sabinensis
625 4581 800 4659 episcopus
827 4582 916 4643 subs.

161 4684 316 4760 EgoLeo,
326 4679 916 4757 tit.s.crucisinni0rusa1empresb.

122 4782 212 4843 card.
230 4780 318 4843 subs.

161 4882 230 4954 Ego
251 4876 425 4947 Robertus,
452 4874 502 4936 tit.
525 4875 558 4935 S.
582 4874 740 4952 Stephani
764 4875 799 4935 in
814 4875 917 4937 Caelio

122 4974 232 5033 monte
246 4969 355 5048 presb.
373 4968 462 5029 card.
477 4966 656 5044 subscrips.

161 5071 229 5144 Ego
252 5067 443 5144 Gregorius,
469 5065 519 5127 tit.
545 5068 577 5126 S.
598 5066 784 5127 Anastasia
806 5067 913 5143 presb.

121 5165 212 5227 card.
228 5164 406 5240 subscrips.

161 5265 229 5339 Ego
259 5262 463 5337 Stephanus,
488 5261 643 5323 Basilice
678 5263 739 5322 Xll
765 5260 911 5337 apostol.

121 5358 229 5438 presb.
244 5358 333 5419 card.
352 5358 514 5434 subscrip.

162 5460 229 5533 Ego
250 5455 403 5527 Thomas,
420 5456 469 5517 tit.
494 5458 528 5517 S.
546 5455 677 5519 Sabinae
693 5456 801 5534 presb.
822 5457 911 5518 card.

120 5555 300 5632 subscrips.

1347 1833 1411 1921 Ill

1095 1978 1279 2052 denegem
1298 1978 1666 2051 hierosolymitanum.

1279 2088 1314 2146 24
1327 2089 1378 2163 jn.
1397 2091 1475 2148 1217.

983 2193 1111 2259 [iliciana
1123 2194 1189 2243 blon.
1201 2195 1344 2258 llunguriae,
1355 2198 1375 2253 l,
1387 2196 1411 2255 8,
1424 2212 1449 2246 n.
1467 2197 1510 2255 lt;
1531 2199 1659 2262 llaynald.
1673 2198 1706 2247 ad
1716 2213 1770 2249 ann.

1079 2274 1139 2324 lull
1151 2294 1158 2331 ;
1176 2276 1228 2325 blas
1238 2276 1332 2333 Latris,
1348 2277 1412 2328 llist.
1424 2277 1454 2326 de
1462 2278 1575 2342 bepre,
1587 2279 1619 2337 ll,
1631 2278 1685 2344 ³45]

981 2380 1097 2439 Mandat
1116 2383 1258 2439 llonorins
1272 2383 1332 2456 regi
1349 2383 1606 2457 hierosolymitano
1624 2384 1769 2442 mittendos

1015 2485 1080 2527 esse
1093 2472 1207 2527 nuntios
1220 2470 1333 2528 obviam
1348 2471 1511 2529 christianis
1525 2472 1702 2545 principibus
1714 2488 1768 2529 cru·

1015 2560 1181 2632 resignatis,
1198 2558 1273 2632 apud
1287 2561 1409 2632 Cyprum
1421 2561 1670 2619 convenientibus.

1020 2678 1186 2738 Honorius
1200 2676 1510 2754 episcopusservus
1521 2679 1765 2750 servoranei,

980 2774 1152 2834 carissimo
1183 2774 1216 2834 in
1245 2774 1375 2836 Christo
1403 2776 1521 2836 illio...
1552 2775 1677 2837 illustri
1705 2777 1766 2853 regi

978 2870 1256 2946 Jerosolymitano
1272 2872 1411 2933 salntem
1427 2872 1459 2933 et
1476 2872 1693 2949 apostolicam
1713 2873 1765 2933 be·

978 2968 1211 3029 nedictionem.

1018 3068 1124 3137 Quum
1140 3066 1332 3127 carissimus
1354 3066 1389 3126 in
1411 3067 1541 3128 Christo
1560 3067 1688 3128 tilius...
1704 3071 1765 3129 Un-

977 3164 1080 3239 gariae
1109 3179 1170 3224 rex
1193 3163 1369 3224 illustris...
1394 3164 1462 3224 dux
1485 3165 1629 3226 Austriae
1651 3183 1690 3227 ac
1714 3165 1764 3226 alii

978 3261 1071 3322 multi
1083 3263 1253 3337 magnates
1263 3262 1295 3321 et
1306 3262 1534 3337 magnanimes
1544 3264 1577 3323 ot
1590 3264 1763 3339 magnilici,

977 3358 1018 3418 ad
1056 3358 1239 3419 subsidium
1271 3360 1382 3419 Terrae
1419 3359 1560 3430 Sanctae,
1588 3360 1765 3437 inspirante

977 3456 1127 3527 Domino,
1158 3454 1355 3531 aspirantes,
1385 3455 1419 3516 in
1445 3458 1629 3518 Nativitate
1664 3460 1765 3518 Beata

976 3553 1104 3624 Mariae,
1127 3555 1194 3613 Deo
1213 3552 1367 3630 propitio,
1384 3553 1471 3629 apud
1487 3556 1631 3631 Cyprum
1657 3556 1764 3633 dispo-

976 3651 1104 3712 suerint
1118 3651 1306 3723 conrenire,
1324 3653 1359 3712 ut
1374 3653 1553 3712 secundum
1567 3655 1634 3715 tuae
1647 3654 1766 3715 discre-

975 3748 1075 3808 tionis
1091 3748 1265 3808 consilium
1280 3748 1315 3808 in
1328 3750 1460 3824 negotio
1479 3750 1601 3811 Christi
1620 3752 1765 3812 ordinate

975 3845 1165 3922 procedant,
1191 3845 1277 3906 sicut
1298 3846 1384 3905 idem
1406 3862 1466 3906 rex
1487 3849 1555 3907 tuae
1582 3847 1766 3911 celsitudini

975 3959 1034 4018 per
1055 3958 1132 4003 suas
1152 3942 1281 4004 litteras
1303 3943 1424 4004 dicitur
1447 3944 1603 4006 intimare
1623 3947 1766 4023 :regiam

974 4040 1185 4101 serenitatem
1210 4056 1366 4117 rogamus
1385 4042 1418 4102 et
1439 4040 1612 4102 monemus
1637 4046 1764 4113 attente,

974 4138 1135 4215 quatenns
1158 4138 1244 4199 sicut
1265 4154 1398 4199 causam
1419 4139 1540 4201 Christi
1567 4140 1701 4215 zelaris,
1723 4142 1765 4203 eis

974 4234 1053 4296 illuc
1066 4251 1126 4313 per
1139 4235 1172 4296 te
1186 4236 1238 4297 vel
1256 4235 1420 4297 solemnes
1438 4237 1574 4298 nuntios
1596 4254 1765 4301 occurrere

973 4350 1039 4393 non
1055 4333 1198 4405 omittas,
1215 4334 1426 4411 impensurus
1448 4335 1574 4396 eisdem
1595 4342 1695 4415 prout
1714 4342 1763 4401 tua

974 4432 1122 4492 noscitur
1145 4432 1335 4509 specialiter
1359 4432 1519 4494 interesse
1541 4436 1765 4497 consiliumet

973 4529 1136 4589 auxilinm
1160 4532 1391 4606 opportunum.
1408 4533 1525 4592 Datum
1539 4534 1712 4596 Ferentini
1726 4534 1762 4594 lb'

974 4626 1042 4687 hal.
1055 4627 1132 4702 julii
1146 4627 1359 4703 pontificatus
1375 4629 1478 4690 nostri
1498 4645 1588 4692 anno
1613 4631 1761 4694 secundo.

1341 4789 1397 4875 IV

1036 4934 1088 4991 Act
1105 4933 1314 5008 magistrum
1329 4932 1362 4993 et
1376 4933 1509 5007 fratres
1523 4937 1705 5009 hospitatis

1208 5030 1526 5103 Hierosclpmitani.

1268 5140 1303 5199 25
1314 5141 1365 5214 jul.
1379 5142 1457 5198 ¹217.

1109 5245 1205 5310 [Pauli‚
1215 5244 1276 5295 cod.
1288 5245 1432 5310 diplomat,
1443 5246 1463 5305 l,
1473 5246 1529 5305 320,
1543 5262 1569 5299 n.
1581 5248 1622 5300 60.

969 5344 1107 5418 Magistro
1126 5351 1154 5401 et
1169 5342 1301 5401 iratribus
1322 5342 1471 5416 hospitalis
1487 5348 1690 5420 llaymundum
1709 5352 1756 5409 ltu·

1022 5433 1080 5507 pini
1110 5432 1265 5505 principem
1290 5432 1499 5491 antiochenum
1520 5439 1713 5496 commendat.

1008 5549 1176 5611 Honorius
1218 5549 1403 5625 episcopus,
1442 5568 1560 5614 servus
1595 5568 1756 5617 serrorum
