<?xml version="1.0" encoding="UTF-8"?>
<!DOCTYPE html PUBLIC "-//W3C//DTD XHTML 1.0 Transitional//EN"
    "http://www.w3.org/TR/xhtml1/DTD/xhtml1-transitional.dtd">
<html xmlns="http://www.w3.org/1999/xhtml" xml:lang="en" lang="en">
 <head>
  <title>
</title>
<meta http-equiv="Content-Type" content="text/html;charset=utf-8" />
  <meta name='ocr-system' content='tesseract 3.04.00' />
  <meta name='ocr-capabilities' content='ocr_page ocr_carea ocr_par ocr_line ocrx_word'/>
</head>
<body>
  <div class='ocr_page' id='page_1' title='image "./mediiaevibiblio02horogoog_0211.png"; bbox 0 0 3802 6166; ppageno 0'>
   <div class='ocr_carea' id='block_1_1' title="bbox 147 328 1773 437">
    <p class='ocr_par' dir='ltr' id='par_1_1' title="bbox 147 328 1773 437">
     <span class='ocr_line' id='line_1_1' title="bbox 147 328 1773 437; baseline -0.022 -14"><span class='ocrx_word' id='word_1_1' title='bbox 147 362 210 423; x_wconf 68' lang='lat' dir='ltr'>aaa</span> <span class='ocrx_word' id='word_1_2' title='bbox 601 328 1302 437; x_wconf 59' lang='lat' dir='ltr'>nasammonas-suanense.</span> <span class='ocrx_word' id='word_1_3' title='bbox 1713 329 1773 390; x_wconf 74' lang='lat' dir='ltr'>arc</span> 
     </span>
    </p>
   </div>
   <div class='ocr_carea' id='block_1_2' title="bbox 137 488 1775 685">
    <p class='ocr_par' dir='ltr' id='par_1_2' title="bbox 137 488 1775 685">
     <span class='ocr_line' id='line_1_2' title="bbox 142 488 1771 581; baseline -0.016 -4"><span class='ocrx_word' id='word_1_4' title='bbox 142 512 266 577; x_wconf 76' lang='lat' dir='ltr'>verhoi</span> <span class='ocrx_word' id='word_1_5' title='bbox 290 510 385 573; x_wconf 77' lang='lat' dir='ltr'>Tolle</span> <span class='ocrx_word' id='word_1_6' title='bbox 410 506 553 579; x_wconf 73' lang='lat' dir='ltr'>sethum,</span> <span class='ocrx_word' id='word_1_7' title='bbox 579 503 655 581; x_wconf 91' lang='lat' dir='ltr'>quld</span> <span class='ocrx_word' id='word_1_8' title='bbox 681 503 731 561; x_wconf 87' lang='lat' dir='ltr'>est</span> <span class='ocrx_word' id='word_1_9' title='bbox 760 512 843 575; x_wconf 90' lang='lat' dir='ltr'>aqua</span> <span class='ocrx_word' id='word_1_10' title='bbox 863 493 927 555; x_wconf 89' lang='lat' dir='ltr'>uisi</span> <span class='ocrx_word' id='word_1_11' title='bbox 979 492 1065 553; x_wconf 89' lang='lat' dir='ltr'>totus</span> <span class='ocrx_word' id='word_1_12' title='bbox 1094 489 1246 552; x_wconf 88' lang='lat' dir='ltr'>mundus.</span> <span class='ocrx_word' id='word_1_13' title='bbox 1276 490 1316 551; x_wconf 89' lang='lat' dir='ltr'>Et</span> <span class='ocrx_word' id='word_1_14' title='bbox 1350 488 1385 549; x_wconf 94' lang='lat' dir='ltr'>ln</span> <span class='ocrx_word' id='word_1_15' title='bbox 1414 488 1522 566; x_wconf 91' lang='lat' dir='ltr'>capite</span> <span class='ocrx_word' id='word_1_16' title='bbox 1557 491 1641 566; x_wconf 83' lang='lat' dir='ltr'>ejus,</span> <span class='ocrx_word' id='word_1_17' title='bbox 1674 488 1771 562; x_wconf 89' lang='lat' dir='ltr'>idest,</span> 
     </span>
     <span class='ocr_line' id='line_1_3' title="bbox 137 587 1775 685; baseline -0.014 -14"><span class='ocrx_word' id='word_1_18' title='bbox 137 624 223 685; x_wconf 84' lang='lat' dir='ltr'>aqua</span> <span class='ocrx_word' id='word_1_19' title='bbox 234 610 248 667; x_wconf 81' lang='lat' dir='ltr'>i</span> <span class='ocrx_word' id='word_1_20' title='bbox 259 608 353 681; x_wconf 84' lang='lat' dir='ltr'>Quod</span> <span class='ocrx_word' id='word_1_21' title='bbox 376 623 456 683; x_wconf 84' lang='lat' dir='ltr'>ergo</span> <span class='ocrx_word' id='word_1_22' title='bbox 482 602 637 667; x_wconf 81' lang='lat' dir='ltr'><strong>Dominus</strong></span> <span class='ocrx_word' id='word_1_23' title='bbox 665 597 744 657; x_wconf 87' lang='lat' dir='ltr'>dicit</span> <span class='ocrx_word' id='word_1_24' title='bbox 759 615 767 655; x_wconf 93' lang='lat'><strong>:</strong></span> <span class='ocrx_word' id='word_1_25' title='bbox 781 610 798 652; x_wconf 73' lang='lat' dir='ltr'>c</span> <span class='ocrx_word' id='word_1_26' title='bbox 813 588 927 652; x_wconf 85' lang='lat' dir='ltr'>Mundi</span> <span class='ocrx_word' id='word_1_27' title='bbox 978 588 1118 660; x_wconf 84' lang='lat' dir='ltr'>christo,</span> <span class='ocrx_word' id='word_1_28' title='bbox 1135 587 1192 665; x_wconf 90' lang='lat' dir='ltr'>qui</span> <span class='ocrx_word' id='word_1_29' title='bbox 1208 588 1260 648; x_wconf 90' lang='lat' dir='ltr'>est</span> <span class='ocrx_word' id='word_1_30' title='bbox 1276 587 1375 663; x_wconf 88' lang='lat' dir='ltr'>caput</span> <span class='ocrx_word' id='word_1_31' title='bbox 1395 587 1561 658; x_wconf 87' lang='lat' dir='ltr'>Ecclesiae,</span> <span class='ocrx_word' id='word_1_32' title='bbox 1583 588 1633 647; x_wconf 88' lang='lat' dir='ltr'>est</span> <span class='ocrx_word' id='word_1_33' title='bbox 1650 602 1775 648; x_wconf 89' lang='lat' dir='ltr'>corona</span> 
     </span>
    </p>
   </div>
   <div class='ocr_carea' id='block_1_3' title="bbox 118 683 1778 5736">
    <p class='ocr_par' dir='ltr' id='par_1_3' title="bbox 118 683 1778 5736">
     <span class='ocr_line' id='line_1_4' title="bbox 137 683 1773 782; baseline -0.014 -15"><span class='ocrx_word' id='word_1_34' title='bbox 137 704 217 767; x_wconf 86' lang='lat' dir='ltr'>estis</span> <span class='ocrx_word' id='word_1_35' title='bbox 237 708 376 782; x_wconf 86' lang='lat' dir='ltr'>propter</span> <span class='ocrx_word' id='word_1_36' title='bbox 398 713 579 767; x_wconf 87' lang='lat' dir='ltr'>sermonem</span> <span class='ocrx_word' id='word_1_37' title='bbox 594 709 689 771; x_wconf 90' lang='lat' dir='ltr'>quem</span> <span class='ocrx_word' id='word_1_38' title='bbox 704 688 829 751; x_wconf 86' lang='lat' dir='ltr'>locutus</span> <span class='ocrx_word' id='word_1_39' title='bbox 851 700 923 744; x_wconf 87' lang='lat' dir='ltr'>sum</span> <span class='ocrx_word' id='word_1_40' title='bbox 977 684 1149 747; x_wconf 86' lang='lat' dir='ltr'>duodecim</span> <span class='ocrx_word' id='word_1_41' title='bbox 1175 684 1358 756; x_wconf 88' lang='lat' dir='ltr'>stellarum,</span> <span class='ocrx_word' id='word_1_42' title='bbox 1387 683 1482 756; x_wconf 89' lang='lat' dir='ltr'>idest,</span> <span class='ocrx_word' id='word_1_43' title='bbox 1504 683 1664 760; x_wconf 83' lang='lat' dir='ltr'>perfectio</span> <span class='ocrx_word' id='word_1_44' title='bbox 1697 700 1773 745; x_wconf 90' lang='lat' dir='ltr'>om-</span> 
     </span>
     <span class='ocr_line' id='line_1_5' title="bbox 134 778 1776 872; baseline -0.009 -15"><span class='ocrx_word' id='word_1_45' title='bbox 134 798 250 869; x_wconf 83' lang='lat' dir='ltr'>rohis‚</span> <span class='ocrx_word' id='word_1_46' title='bbox 277 799 345 860; x_wconf 87' lang='lat' dir='ltr'>tale</span> <span class='ocrx_word' id='word_1_47' title='bbox 372 800 423 859; x_wconf 88' lang='lat' dir='ltr'>est</span> <span class='ocrx_word' id='word_1_48' title='bbox 447 792 539 872; x_wconf 83' lang='lat' dir='ltr'>quasi</span> <span class='ocrx_word' id='word_1_49' title='bbox 571 789 685 849; x_wconf 88' lang='lat' dir='ltr'>dicat:</span> <span class='ocrx_word' id='word_1_50' title='bbox 710 786 783 847; x_wconf 87' lang='lat' dir='ltr'>Jam</span> <span class='ocrx_word' id='word_1_51' title='bbox 810 778 922 840; x_wconf 91' lang='lat' dir='ltr'>muudi</span> <span class='ocrx_word' id='word_1_52' title='bbox 977 782 1069 844; x_wconf 91' lang='lat' dir='ltr'>nium</span> <span class='ocrx_word' id='word_1_53' title='bbox 1094 782 1285 844; x_wconf 88' lang='lat' dir='ltr'>electorum.</span> <span class='ocrx_word' id='word_1_54' title='bbox 1317 782 1402 843; x_wconf 90' lang='lat' dir='ltr'>Nam</span> <span class='ocrx_word' id='word_1_55' title='bbox 1432 782 1631 858; x_wconf 81' lang='lat' dir='ltr'>quicumque</span> <span class='ocrx_word' id='word_1_56' title='bbox 1662 780 1776 843; x_wconf 91' lang='lat' dir='ltr'>lucent</span> 
     </span>
     <span class='ocr_line' id='line_1_6' title="bbox 133 875 1774 971; baseline -0.009 -16"><span class='ocrx_word' id='word_1_57' title='bbox 133 894 216 955; x_wconf 88' lang='lat' dir='ltr'>estis</span> <span class='ocrx_word' id='word_1_58' title='bbox 244 910 306 971; x_wconf 86' lang='lat' dir='ltr'>per</span> <span class='ocrx_word' id='word_1_59' title='bbox 333 893 539 969; x_wconf 88' lang='lat' dir='ltr'>baptismum,</span> <span class='ocrx_word' id='word_1_60' title='bbox 572 884 628 945; x_wconf 90' lang='lat' dir='ltr'>sed</span> <span class='ocrx_word' id='word_1_61' title='bbox 659 882 762 942; x_wconf 82' lang='lat' dir='ltr'>virtue</span> <span class='ocrx_word' id='word_1_62' title='bbox 792 875 924 937; x_wconf 88' lang='lat' dir='ltr'>muudi·</span> <span class='ocrx_word' id='word_1_63' title='bbox 976 878 1106 954; x_wconf 75' lang='lat' dir='ltr'>fulgore</span> <span class='ocrx_word' id='word_1_64' title='bbox 1127 878 1278 956; x_wconf 81' lang='lat' dir='ltr'>justitiae,</span> <span class='ocrx_word' id='word_1_65' title='bbox 1308 879 1386 939; x_wconf 90' lang='lat' dir='ltr'>sunt</span> <span class='ocrx_word' id='word_1_66' title='bbox 1412 878 1580 955; x_wconf 84' lang='lat' dir='ltr'>tamquam</span> <span class='ocrx_word' id='word_1_67' title='bbox 1606 879 1712 939; x_wconf 84' lang='lat' dir='ltr'>stellae</span> <span class='ocrx_word' id='word_1_68' title='bbox 1739 879 1774 940; x_wconf 92' lang='lat' dir='ltr'>in</span> 
     </span>
     <span class='ocr_line' id='line_1_7' title="bbox 133 971 1774 1056; baseline -0.008 -6"><span class='ocrx_word' id='word_1_69' title='bbox 133 990 299 1051; x_wconf 86' lang='lat' dir='ltr'>licationis</span> <span class='ocrx_word' id='word_1_70' title='bbox 325 1005 390 1049; x_wconf 90' lang='lat' dir='ltr'>non</span> <span class='ocrx_word' id='word_1_71' title='bbox 420 972 470 1047; x_wconf 86' lang='lat' dir='ltr'>es&#39;t</span> <span class='ocrx_word' id='word_1_72' title='bbox 493 985 527 1043; x_wconf 91' lang='lat' dir='ltr'>in</span> <span class='ocrx_word' id='word_1_73' title='bbox 552 994 636 1056; x_wconf 88' lang='lat' dir='ltr'>aqua</span> <span class='ocrx_word' id='word_1_74' title='bbox 657 976 713 1038; x_wconf 91' lang='lat' dir='ltr'>sed</span> <span class='ocrx_word' id='word_1_75' title='bbox 738 976 772 1035; x_wconf 94' lang='lat' dir='ltr'>in</span> <span class='ocrx_word' id='word_1_76' title='bbox 801 971 919 1043; x_wconf 83' lang='lat' dir='ltr'>verbo,</span> <span class='ocrx_word' id='word_1_77' title='bbox 976 992 1099 1038; x_wconf 91' lang='lat' dir='ltr'>corona</span> <span class='ocrx_word' id='word_1_78' title='bbox 1144 976 1287 1047; x_wconf 90' lang='lat' dir='ltr'>Christi,</span> <span class='ocrx_word' id='word_1_79' title='bbox 1327 976 1379 1036; x_wconf 89' lang='lat' dir='ltr'>vel</span> <span class='ocrx_word' id='word_1_80' title='bbox 1424 976 1626 1036; x_wconf 90' lang='lat' dir='ltr'>diademate.</span> <span class='ocrx_word' id='word_1_81' title='bbox 1669 976 1774 1051; x_wconf 88' lang='lat' dir='ltr'>Igitur</span> 
     </span>
     <span class='ocr_line' id='line_1_8' title="bbox 130 1072 1776 1161; baseline -0.006 -18"><span class='ocrx_word' id='word_1_82' title='bbox 130 1085 208 1161; x_wconf 88' lang='lat' dir='ltr'>quia</span> <span class='ocrx_word' id='word_1_83' title='bbox 235 1100 321 1159; x_wconf 91' lang='lat' dir='ltr'>aqua</span> <span class='ocrx_word' id='word_1_84' title='bbox 347 1082 483 1142; x_wconf 88' lang='lat' dir='ltr'>mundat</span> <span class='ocrx_word' id='word_1_85' title='bbox 503 1092 561 1155; x_wconf 91' lang='lat' dir='ltr'>per</span> <span class='ocrx_word' id='word_1_86' title='bbox 582 1073 763 1136; x_wconf 81' lang='lat' dir='ltr'>verbum.»</span> <span class='ocrx_word' id='word_1_87' title='bbox 786 1072 923 1130; x_wconf 86' lang='lat' dir='ltr'>Verum·</span> <span class='ocrx_word' id='word_1_88' title='bbox 977 1090 1169 1136; x_wconf 88' lang='lat' dir='ltr'>maneamus</span> <span class='ocrx_word' id='word_1_89' title='bbox 1203 1074 1238 1136; x_wconf 92' lang='lat' dir='ltr'>in</span> <span class='ocrx_word' id='word_1_90' title='bbox 1274 1074 1404 1135; x_wconf 87' lang='lat' dir='ltr'>Christo</span> <span class='ocrx_word' id='word_1_91' title='bbox 1424 1073 1593 1151; x_wconf 88' lang='lat' dir='ltr'>tamquam</span> <span class='ocrx_word' id='word_1_92' title='bbox 1618 1072 1776 1151; x_wconf 81' lang='lat' dir='ltr'>palmites</span> 
     </span>
     <span class='ocr_line' id='line_1_9' title="bbox 129 1170 1777 1256; baseline -0.006 -16"><span class='ocrx_word' id='word_1_93' title='bbox 129 1182 241 1241; x_wconf 71' lang='lat' dir='ltr'>minen</span> <span class='ocrx_word' id='word_1_94' title='bbox 254 1195 361 1256; x_wconf 93' lang='lat' dir='ltr'>neque</span> <span class='ocrx_word' id='word_1_95' title='bbox 375 1177 510 1240; x_wconf 77' lang='lat' dir='ltr'>verbum</span> <span class='ocrx_word' id='word_1_96' title='bbox 524 1171 595 1233; x_wconf 92' lang='lat' dir='ltr'>sine</span> <span class='ocrx_word' id='word_1_97' title='bbox 609 1184 705 1246; x_wconf 78' lang='lat' dir='ltr'>aqua,</span> <span class='ocrx_word' id='word_1_98' title='bbox 719 1181 824 1245; x_wconf 83' lang='lat' dir='ltr'>neque</span> <span class='ocrx_word' id='word_1_99' title='bbox 834 1182 921 1244; x_wconf 89' lang='lat' dir='ltr'>aqua</span> <span class='ocrx_word' id='word_1_100' title='bbox 976 1173 1010 1233; x_wconf 92' lang='lat' dir='ltr'>in</span> <span class='ocrx_word' id='word_1_101' title='bbox 1031 1172 1109 1243; x_wconf 86' lang='lat' dir='ltr'>vite,</span> <span class='ocrx_word' id='word_1_102' title='bbox 1127 1171 1337 1247; x_wconf 90' lang='lat' dir='ltr'>suscipiendo</span> <span class='ocrx_word' id='word_1_103' title='bbox 1350 1170 1392 1237; x_wconf 87' lang='lat' dir='ltr'>ah</span> <span class='ocrx_word' id='word_1_104' title='bbox 1411 1171 1485 1248; x_wconf 92' lang='lat' dir='ltr'>ipso</span> <span class='ocrx_word' id='word_1_105' title='bbox 1497 1171 1670 1231; x_wconf 89' lang='lat' dir='ltr'>humorem</span> <span class='ocrx_word' id='word_1_106' title='bbox 1695 1187 1777 1247; x_wconf 87' lang='lat' dir='ltr'>gra-</span> 
     </span>
     <span class='ocr_line' id='line_1_10' title="bbox 128 1264 1773 1351; baseline -0.002 -17"><span class='ocrx_word' id='word_1_107' title='bbox 128 1276 204 1337; x_wconf 86' lang='lat' dir='ltr'>sine</span> <span class='ocrx_word' id='word_1_108' title='bbox 223 1277 324 1337; x_wconf 85' lang='lat' dir='ltr'>rerho</span> <span class='ocrx_word' id='word_1_109' title='bbox 351 1272 511 1351; x_wconf 81' lang='lat' dir='ltr'>purificat.</span> <span class='ocrx_word' id='word_1_110' title='bbox 542 1266 605 1330; x_wconf 89' lang='lat' dir='ltr'>Sed</span> <span class='ocrx_word' id='word_1_111' title='bbox 633 1264 729 1343; x_wconf 89' lang='lat' dir='ltr'>quasi</span> <span class='ocrx_word' id='word_1_112' title='bbox 752 1280 838 1343; x_wconf 91' lang='lat' dir='ltr'>aqua</span> <span class='ocrx_word' id='word_1_113' title='bbox 863 1280 922 1341; x_wconf 83' lang='lat' dir='ltr'>per</span> <span class='ocrx_word' id='word_1_114' title='bbox 975 1269 1042 1342; x_wconf 87' lang='lat' dir='ltr'>tiae,</span> <span class='ocrx_word' id='word_1_115' title='bbox 1058 1272 1226 1346; x_wconf 86' lang='lat' dir='ltr'>tamquam</span> <span class='ocrx_word' id='word_1_116' title='bbox 1236 1269 1365 1347; x_wconf 91' lang='lat' dir='ltr'>lapides</span> <span class='ocrx_word' id='word_1_117' title='bbox 1378 1269 1412 1329; x_wconf 92' lang='lat' dir='ltr'>in</span> <span class='ocrx_word' id='word_1_118' title='bbox 1424 1268 1647 1339; x_wconf 80' lang='lat' dir='ltr'>fundamento,</span> <span class='ocrx_word' id='word_1_119' title='bbox 1662 1268 1773 1330; x_wconf 84' lang='lat' dir='ltr'>adhae-</span> 
     </span>
     <span class='ocr_line' id='line_1_11' title="bbox 127 1361 1776 1447; baseline -0.002 -16"><span class='ocrx_word' id='word_1_120' title='bbox 127 1372 265 1433; x_wconf 85' lang='lat' dir='ltr'>rerhum</span> <span class='ocrx_word' id='word_1_121' title='bbox 277 1370 438 1447; x_wconf 76' lang='lat' dir='ltr'>purificet,</span> <span class='ocrx_word' id='word_1_122' title='bbox 452 1366 555 1428; x_wconf 86' lang='lat' dir='ltr'>rirtus</span> <span class='ocrx_word' id='word_1_123' title='bbox 568 1361 809 1441; x_wconf 80' lang='lat' dir='ltr'>purificationis</span> <span class='ocrx_word' id='word_1_124' title='bbox 824 1362 922 1423; x_wconf 88' lang='lat' dir='ltr'>attri—</span> <span class='ocrx_word' id='word_1_125' title='bbox 975 1367 1078 1428; x_wconf 87' lang='lat' dir='ltr'>rende</span> <span class='ocrx_word' id='word_1_126' title='bbox 1097 1366 1147 1427; x_wconf 93' lang='lat' dir='ltr'>illi</span> <span class='ocrx_word' id='word_1_127' title='bbox 1165 1366 1260 1427; x_wconf 78' lang='lat' dir='ltr'>firma</span> <span class='ocrx_word' id='word_1_128' title='bbox 1279 1366 1451 1438; x_wconf 81' lang='lat' dir='ltr'>charitate,</span> <span class='ocrx_word' id='word_1_129' title='bbox 1477 1368 1645 1442; x_wconf 83' lang='lat' dir='ltr'>tamquam</span> <span class='ocrx_word' id='word_1_130' title='bbox 1671 1366 1776 1427; x_wconf 81' lang='lat' dir='ltr'>stellae</span> 
     </span>
     <span class='ocr_line' id='line_1_12' title="bbox 124 1462 1683 1541; baseline -0.002 -15"><span class='ocrx_word' id='word_1_131' title='bbox 124 1465 240 1528; x_wconf 86' lang='lat' dir='ltr'>buitur</span> <span class='ocrx_word' id='word_1_132' title='bbox 257 1465 378 1528; x_wconf 88' lang='lat' dir='ltr'>verbis.</span> <span class='ocrx_word' id='word_1_133' title='bbox 975 1466 1010 1526; x_wconf 91' lang='lat' dir='ltr'>in</span> <span class='ocrx_word' id='word_1_134' title='bbox 1026 1464 1223 1541; x_wconf 69' lang='lat' dir='ltr'>diademata</span> <span class='ocrx_word' id='word_1_135' title='bbox 1240 1462 1434 1539; x_wconf 79' lang='lat' dir='ltr'>refulgendo</span> <span class='ocrx_word' id='word_1_136' title='bbox 1446 1463 1520 1524; x_wconf 87' lang='lat' dir='ltr'>luce</span> <span class='ocrx_word' id='word_1_137' title='bbox 1530 1463 1683 1540; x_wconf 88' lang='lat' dir='ltr'>justitiae.</span> 
     </span>
     <span class='ocr_line' id='line_1_13' title="bbox 163 1555 1778 1639; baseline -0.001 -16"><span class='ocrx_word' id='word_1_138' title='bbox 163 1563 304 1623; x_wconf 79' lang='lat' dir='ltr'>manete</span> <span class='ocrx_word' id='word_1_139' title='bbox 323 1566 359 1622; x_wconf 82' lang='lat' dir='ltr'>tn</span> <span class='ocrx_word' id='word_1_140' title='bbox 377 1561 481 1623; x_wconf 82' lang='lat' dir='ltr'>meet</span> <span class='ocrx_word' id='word_1_141' title='bbox 500 1574 561 1637; x_wconf 81' lang='lat' dir='ltr'>eqo</span> <span class='ocrx_word' id='word_1_142' title='bbox 573 1561 610 1620; x_wconf 83' lang='lat' dir='ltr'>ln</span> <span class='ocrx_word' id='word_1_143' title='bbox 628 1561 722 1621; x_wconf 71' lang='lat' dir='ltr'>eoois</span> <span class='ocrx_word' id='word_1_144' title='bbox 737 1555 847 1636; x_wconf 77' lang='lat' dir='ltr'>(ioan.</span> <span class='ocrx_word' id='word_1_145' title='bbox 863 1573 918 1629; x_wconf 80' lang='lat' dir='ltr'>xv,</span> <span class='ocrx_word' id='word_1_146' title='bbox 1017 1562 1173 1639; x_wconf 87' lang='lat' dir='ltr'>sequitur</span> <span class='ocrx_word' id='word_1_147' title='bbox 1187 1583 1195 1621; x_wconf 76' lang='grc' dir='ltr'><strong><em>ε</em></strong></span> <span class='ocrx_word' id='word_1_148' title='bbox 1207 1563 1302 1624; x_wconf 80' lang='lat' dir='ltr'>Sicut</span> <span class='ocrx_word' id='word_1_149' title='bbox 1315 1566 1447 1635; x_wconf 70' lang='lat' dir='ltr'>omines</span> <span class='ocrx_word' id='word_1_150' title='bbox 1467 1575 1537 1622; x_wconf 82' lang='lat' dir='ltr'>non</span> <span class='ocrx_word' id='word_1_151' title='bbox 1546 1562 1659 1636; x_wconf 78' lang='lat' dir='ltr'>potest</span> <span class='ocrx_word' id='word_1_152' title='bbox 1679 1564 1778 1636; x_wconf 71' lang='lat' dir='ltr'>fruc-</span> 
     </span>
     <span class='ocr_line' id='line_1_14' title="bbox 124 1655 1775 1734; baseline 0.001 -17"><span class='ocrx_word' id='word_1_153' title='bbox 124 1656 171 1734; x_wconf 78' lang='lat'>4).</span> <span class='ocrx_word' id='word_1_154' title='bbox 195 1658 264 1719; x_wconf 84' lang='lat' dir='ltr'>Nos</span> <span class='ocrx_word' id='word_1_155' title='bbox 285 1673 456 1718; x_wconf 89' lang='lat' dir='ltr'>manemus</span> <span class='ocrx_word' id='word_1_156' title='bbox 469 1656 504 1717; x_wconf 92' lang='lat' dir='ltr'>in</span> <span class='ocrx_word' id='word_1_157' title='bbox 520 1656 650 1718; x_wconf 87' lang='lat' dir='ltr'>Christo</span> <span class='ocrx_word' id='word_1_158' title='bbox 662 1657 830 1733; x_wconf 84' lang='lat' dir='ltr'>tamquam</span> <span class='ocrx_word' id='word_1_159' title='bbox 843 1655 920 1732; x_wconf 91' lang='lat' dir='ltr'>pal·</span> <span class='ocrx_word' id='word_1_160' title='bbox 976 1660 1049 1721; x_wconf 69' lang='lat' dir='ltr'>titan</span> <span class='ocrx_word' id='word_1_161' title='bbox 1060 1675 1082 1720; x_wconf 88' lang='lat' dir='ltr'>u</span> <span class='ocrx_word' id='word_1_162' title='bbox 1093 1659 1288 1733; x_wconf 81' lang='lat' dir='ltr'>semetipso.</span> <span class='ocrx_word' id='word_1_163' title='bbox 1300 1658 1476 1734; x_wconf 87' lang='lat' dir='ltr'>Triplicem</span> <span class='ocrx_word' id='word_1_164' title='bbox 1487 1659 1775 1734; x_wconf 88' lang='lat' dir='ltr'>gratiamsumunt</span> 
     </span>
     <span class='ocr_line' id='line_1_15' title="bbox 121 1753 1777 1835; baseline 0.002 -22"><span class='ocrx_word' id='word_1_165' title='bbox 121 1753 220 1814; x_wconf 90' lang='lat' dir='ltr'>mites</span> <span class='ocrx_word' id='word_1_166' title='bbox 244 1755 280 1815; x_wconf 92' lang='lat' dir='ltr'>in</span> <span class='ocrx_word' id='word_1_167' title='bbox 306 1755 386 1826; x_wconf 78' lang='lat' dir='ltr'>rite,</span> <span class='ocrx_word' id='word_1_168' title='bbox 414 1755 572 1831; x_wconf 89' lang='lat' dir='ltr'>tanquam</span> <span class='ocrx_word' id='word_1_169' title='bbox 594 1753 720 1831; x_wconf 89' lang='lat' dir='ltr'>lapides</span> <span class='ocrx_word' id='word_1_170' title='bbox 743 1753 777 1815; x_wconf 92' lang='lat' dir='ltr'>in</span> <span class='ocrx_word' id='word_1_171' title='bbox 800 1753 921 1814; x_wconf 86' lang='lat' dir='ltr'>lunda·</span> <span class='ocrx_word' id='word_1_172' title='bbox 976 1757 1140 1835; x_wconf 83' lang='lat' dir='ltr'>palmites,</span> <span class='ocrx_word' id='word_1_173' title='bbox 1164 1773 1184 1817; x_wconf 92' lang='lat' dir='ltr'>a</span> <span class='ocrx_word' id='word_1_174' title='bbox 1209 1756 1350 1827; x_wconf 86' lang='lat' dir='ltr'>Christo,</span> <span class='ocrx_word' id='word_1_175' title='bbox 1376 1756 1540 1828; x_wconf 88' lang='lat' dir='ltr'>videlicet,</span> <span class='ocrx_word' id='word_1_176' title='bbox 1567 1756 1777 1833; x_wconf 80' lang='lat' dir='ltr'>praevenien-</span> 
     </span>
     <span class='ocr_line' id='line_1_16' title="bbox 118 1851 1773 1929; baseline 0.002 -19"><span class='ocrx_word' id='word_1_177' title='bbox 118 1852 245 1923; x_wconf 88' lang='lat' dir='ltr'>mento,</span> <span class='ocrx_word' id='word_1_178' title='bbox 260 1854 427 1929; x_wconf 89' lang='lat' dir='ltr'>tamquam</span> <span class='ocrx_word' id='word_1_179' title='bbox 443 1851 596 1914; x_wconf 85' lang='lat' dir='ltr'>stellaein</span> <span class='ocrx_word' id='word_1_180' title='bbox 611 1851 922 1913; x_wconf 85' lang='lat' dir='ltr'>diademate.Tam·</span> <span class='ocrx_word' id='word_1_181' title='bbox 975 1857 1053 1927; x_wconf 87' lang='lat' dir='ltr'>tem,</span> <span class='ocrx_word' id='word_1_182' title='bbox 1087 1854 1361 1921; x_wconf 82' lang='lat' dir='ltr'>sanctificantem,</span> <span class='ocrx_word' id='word_1_183' title='bbox 1394 1856 1690 1925; x_wconf 86' lang='lat' dir='ltr'>consummantem,</span> <span class='ocrx_word' id='word_1_184' title='bbox 1720 1854 1773 1914; x_wconf 75' lang='lat' dir='ltr'>vel</span> 
     </span>
     <span class='ocr_line' id='line_1_17' title="bbox 120 1949 1771 2027; baseline 0.001 -19"><span class='ocrx_word' id='word_1_185' title='bbox 120 1964 221 2025; x_wconf 89' lang='lat' dir='ltr'>quam</span> <span class='ocrx_word' id='word_1_186' title='bbox 233 1950 384 2027; x_wconf 87' lang='lat' dir='ltr'>palmites</span> <span class='ocrx_word' id='word_1_187' title='bbox 394 1950 429 2010; x_wconf 91' lang='lat' dir='ltr'>in</span> <span class='ocrx_word' id='word_1_188' title='bbox 439 1950 519 2022; x_wconf 81' lang='lat' dir='ltr'>rite,</span> <span class='ocrx_word' id='word_1_189' title='bbox 531 1949 779 2026; x_wconf 86' lang='lat' dir='ltr'>suscipientesa</span> <span class='ocrx_word' id='word_1_190' title='bbox 790 1950 921 2010; x_wconf 88' lang='lat' dir='ltr'>Christo</span> <span class='ocrx_word' id='word_1_191' title='bbox 975 1952 1237 2015; x_wconf 83' lang='lat' dir='ltr'>confirmantem.</span> <span class='ocrx_word' id='word_1_192' title='bbox 1251 1951 1412 2012; x_wconf 85' lang='lat' dir='ltr'>Similiter</span> <span class='ocrx_word' id='word_1_193' title='bbox 1421 1950 1586 2027; x_wconf 89' lang='lat' dir='ltr'>triplicem</span> <span class='ocrx_word' id='word_1_194' title='bbox 1597 1951 1771 2012; x_wconf 91' lang='lat' dir='ltr'>humorem</span> 
     </span>
     <span class='ocr_line' id='line_1_18' title="bbox 119 2047 1774 2127; baseline 0.001 -20"><span class='ocrx_word' id='word_1_195' title='bbox 119 2050 334 2122; x_wconf 77' lang='lat' dir='ltr'>augmentum</span> <span class='ocrx_word' id='word_1_196' title='bbox 362 2048 490 2123; x_wconf 87' lang='lat' dir='ltr'>gratiae,</span> <span class='ocrx_word' id='word_1_197' title='bbox 514 2048 600 2110; x_wconf 89' lang='lat' dir='ltr'>siout</span> <span class='ocrx_word' id='word_1_198' title='bbox 623 2047 776 2125; x_wconf 86' lang='lat' dir='ltr'>palmites</span> <span class='ocrx_word' id='word_1_199' title='bbox 797 2047 920 2108; x_wconf 90' lang='lat' dir='ltr'>humo·</span> <span class='ocrx_word' id='word_1_200' title='bbox 976 2050 1076 2112; x_wconf 89' lang='lat' dir='ltr'>sumit</span> <span class='ocrx_word' id='word_1_201' title='bbox 1099 2048 1225 2127; x_wconf 91' lang='lat' dir='ltr'>palmes</span> <span class='ocrx_word' id='word_1_202' title='bbox 1248 2065 1268 2109; x_wconf 92' lang='lat' dir='ltr'>a</span> <span class='ocrx_word' id='word_1_203' title='bbox 1290 2049 1369 2119; x_wconf 84' lang='lat' dir='ltr'>vita,</span> <span class='ocrx_word' id='word_1_204' title='bbox 1392 2049 1500 2125; x_wconf 91' lang='lat' dir='ltr'>primo</span> <span class='ocrx_word' id='word_1_205' title='bbox 1522 2050 1557 2110; x_wconf 91' lang='lat' dir='ltr'>ut</span> <span class='ocrx_word' id='word_1_206' title='bbox 1581 2048 1774 2120; x_wconf 79' lang='lat' dir='ltr'>viridescat,</span> 
     </span>
     <span class='ocr_line' id='line_1_19' title="bbox 120 2144 1774 2222; baseline 0.001 -17"><span class='ocrx_word' id='word_1_207' title='bbox 120 2158 193 2205; x_wconf 89' lang='lat' dir='ltr'>ram</span> <span class='ocrx_word' id='word_1_208' title='bbox 214 2145 400 2222; x_wconf 89' lang='lat' dir='ltr'>suscipiunt</span> <span class='ocrx_word' id='word_1_209' title='bbox 414 2161 433 2205; x_wconf 92' lang='lat' dir='ltr'>a</span> <span class='ocrx_word' id='word_1_210' title='bbox 448 2146 526 2206; x_wconf 85' lang='lat' dir='ltr'>vite.</span> <span class='ocrx_word' id='word_1_211' title='bbox 544 2145 637 2207; x_wconf 89' lang='lat' dir='ltr'>Unde</span> <span class='ocrx_word' id='word_1_212' title='bbox 659 2146 694 2206; x_wconf 92' lang='lat' dir='ltr'>in</span> <span class='ocrx_word' id='word_1_213' title='bbox 715 2144 894 2220; x_wconf 84' lang='lat' dir='ltr'>Evangelio</span> <span class='ocrx_word' id='word_1_214' title='bbox 912 2161 919 2198; x_wconf 76' lang='grc' dir='ltr'><em>τ</em></span> <span class='ocrx_word' id='word_1_215' title='bbox 977 2147 1122 2208; x_wconf 90' lang='lat' dir='ltr'>secundo</span> <span class='ocrx_word' id='word_1_216' title='bbox 1137 2148 1174 2208; x_wconf 93' lang='lat' dir='ltr'>ut</span> <span class='ocrx_word' id='word_1_217' title='bbox 1187 2146 1330 2208; x_wconf 76' lang='lat' dir='ltr'>fructum</span> <span class='ocrx_word' id='word_1_218' title='bbox 1344 2146 1455 2217; x_wconf 87' lang='lat' dir='ltr'>iaciat,</span> <span class='ocrx_word' id='word_1_219' title='bbox 1470 2146 1568 2207; x_wconf 88' lang='lat' dir='ltr'>tertio</span> <span class='ocrx_word' id='word_1_220' title='bbox 1582 2148 1618 2207; x_wconf 93' lang='lat' dir='ltr'>ut</span> <span class='ocrx_word' id='word_1_221' title='bbox 1631 2146 1774 2207; x_wconf 81' lang='lat' dir='ltr'>fructum</span> 
     </span>
     <span class='ocr_line' id='line_1_20' title="bbox 120 2244 1777 2321; baseline 0.002 -19"><span class='ocrx_word' id='word_1_222' title='bbox 120 2244 174 2303; x_wconf 83' lang='lat' dir='ltr'>De</span> <span class='ocrx_word' id='word_1_223' title='bbox 181 2244 397 2317; x_wconf 67' lang='lat' dir='ltr'>amaritudine</span> <span class='ocrx_word' id='word_1_224' title='bbox 411 2246 487 2315; x_wconf 82' lang='lat' dir='ltr'>ejus</span> <span class='ocrx_word' id='word_1_225' title='bbox 501 2258 565 2305; x_wconf 82' lang='lat' dir='ltr'>nos</span> <span class='ocrx_word' id='word_1_226' title='bbox 583 2246 919 2318; x_wconf 70' lang='lat' dir='ltr'>mazazesacceptmus.</span> <span class='ocrx_word' id='word_1_227' title='bbox 975 2245 1017 2306; x_wconf 88' lang='lat' dir='ltr'>ad</span> <span class='ocrx_word' id='word_1_228' title='bbox 1048 2245 1271 2306; x_wconf 85' lang='lat' dir='ltr'>maturitatem</span> <span class='ocrx_word' id='word_1_229' title='bbox 1300 2244 1470 2321; x_wconf 90' lang='lat' dir='ltr'>perducat.</span> <span class='ocrx_word' id='word_1_230' title='bbox 1501 2245 1615 2305; x_wconf 86' lang='lat' dir='ltr'>Gratia</span> <span class='ocrx_word' id='word_1_231' title='bbox 1646 2259 1777 2320; x_wconf 74' lang='lat' dir='ltr'>pracve-</span> 
     </span>
     <span class='ocr_line' id='line_1_21' title="bbox 122 2339 1776 2419; baseline 0.002 -21"><span class='ocrx_word' id='word_1_232' title='bbox 122 2339 249 2416; x_wconf 84' lang='lat' dir='ltr'>Siquis</span> <span class='ocrx_word' id='word_1_233' title='bbox 272 2339 375 2416; x_wconf 87' lang='lat' dir='ltr'>igitur</span> <span class='ocrx_word' id='word_1_234' title='bbox 393 2342 521 2419; x_wconf 85' lang='lat' dir='ltr'>palmes</span> <span class='ocrx_word' id='word_1_235' title='bbox 542 2342 594 2402; x_wconf 90' lang='lat' dir='ltr'>est</span> <span class='ocrx_word' id='word_1_236' title='bbox 614 2341 775 2418; x_wconf 77' lang='lat' dir='ltr'>praecisus</span> <span class='ocrx_word' id='word_1_237' title='bbox 799 2356 818 2400; x_wconf 91' lang='lat' dir='ltr'>a</span> <span class='ocrx_word' id='word_1_238' title='bbox 840 2339 919 2410; x_wconf 82' lang='lat' dir='ltr'>vite,</span> <span class='ocrx_word' id='word_1_239' title='bbox 976 2343 1072 2404; x_wconf 88' lang='lat' dir='ltr'>niens</span> <span class='ocrx_word' id='word_1_240' title='bbox 1088 2342 1167 2404; x_wconf 86' lang='lat' dir='ltr'>lacit</span> <span class='ocrx_word' id='word_1_241' title='bbox 1179 2342 1348 2419; x_wconf 87' lang='lat' dir='ltr'>palmitem</span> <span class='ocrx_word' id='word_1_242' title='bbox 1362 2341 1575 2411; x_wconf 74' lang='lat' dir='ltr'>viridescere,</span> <span class='ocrx_word' id='word_1_243' title='bbox 1586 2340 1683 2413; x_wconf 87' lang='lat' dir='ltr'>idest,</span> <span class='ocrx_word' id='word_1_244' title='bbox 1700 2340 1776 2401; x_wconf 87' lang='lat' dir='ltr'>lide·</span> 
     </span>
     <span class='ocr_line' id='line_1_22' title="bbox 121 2438 1775 2515; baseline 0.002 -19"><span class='ocrx_word' id='word_1_245' title='bbox 121 2452 189 2498; x_wconf 93' lang='lat' dir='ltr'>non</span> <span class='ocrx_word' id='word_1_246' title='bbox 205 2439 312 2515; x_wconf 90' lang='lat' dir='ltr'>potest</span> <span class='ocrx_word' id='word_1_247' title='bbox 325 2438 450 2500; x_wconf 89' lang='lat' dir='ltr'>hahere</span> <span class='ocrx_word' id='word_1_248' title='bbox 469 2440 651 2513; x_wconf 88' lang='lat' dir='ltr'>humorem,</span> <span class='ocrx_word' id='word_1_249' title='bbox 664 2438 759 2510; x_wconf 90' lang='lat' dir='ltr'>idest,</span> <span class='ocrx_word' id='word_1_250' title='bbox 777 2438 920 2514; x_wconf 87' lang='lat' dir='ltr'>gratiam</span> <span class='ocrx_word' id='word_1_251' title='bbox 976 2441 1039 2501; x_wconf 91' lang='lat' dir='ltr'>lem</span> <span class='ocrx_word' id='word_1_252' title='bbox 1064 2440 1185 2502; x_wconf 89' lang='lat' dir='ltr'>honam</span> <span class='ocrx_word' id='word_1_253' title='bbox 1208 2439 1412 2501; x_wconf 79' lang='lat' dir='ltr'>voluntatem</span> <span class='ocrx_word' id='word_1_254' title='bbox 1437 2439 1571 2499; x_wconf 89' lang='lat' dir='ltr'>hahere.</span> <span class='ocrx_word' id='word_1_255' title='bbox 1598 2441 1636 2499; x_wconf 86' lang='lat' dir='ltr'>Et</span> <span class='ocrx_word' id='word_1_256' title='bbox 1665 2439 1775 2514; x_wconf 87' lang='lat' dir='ltr'>gratia</span> 
     </span>
     <span class='ocr_line' id='line_1_23' title="bbox 122 2534 1774 2615; baseline 0 -20"><span class='ocrx_word' id='word_1_257' title='bbox 122 2534 164 2595; x_wconf 92' lang='lat' dir='ltr'>ad</span> <span class='ocrx_word' id='word_1_258' title='bbox 181 2537 333 2599; x_wconf 88' lang='lat' dir='ltr'>salutem.</span> <span class='ocrx_word' id='word_1_259' title='bbox 350 2538 419 2597; x_wconf 90' lang='lat' dir='ltr'>Nos</span> <span class='ocrx_word' id='word_1_260' title='bbox 440 2551 613 2598; x_wconf 89' lang='lat' dir='ltr'>manemus</span> <span class='ocrx_word' id='word_1_261' title='bbox 634 2537 669 2597; x_wconf 94' lang='lat' dir='ltr'>in</span> <span class='ocrx_word' id='word_1_262' title='bbox 684 2537 815 2598; x_wconf 88' lang='lat' dir='ltr'>Christo</span> <span class='ocrx_word' id='word_1_263' title='bbox 835 2537 922 2596; x_wconf 72' lang='lat' dir='ltr'>mm·</span> <span class='ocrx_word' id='word_1_264' title='bbox 977 2538 1181 2615; x_wconf 89' lang='lat' dir='ltr'>subsequens</span> <span class='ocrx_word' id='word_1_265' title='bbox 1196 2537 1277 2598; x_wconf 85' lang='lat' dir='ltr'>iacit</span> <span class='ocrx_word' id='word_1_266' title='bbox 1290 2537 1436 2597; x_wconf 89' lang='lat' dir='ltr'>animam</span> <span class='ocrx_word' id='word_1_267' title='bbox 1455 2535 1577 2597; x_wconf 89' lang='lat' dir='ltr'>honum</span> <span class='ocrx_word' id='word_1_268' title='bbox 1592 2552 1675 2612; x_wconf 92' lang='lat' dir='ltr'>opus</span> <span class='ocrx_word' id='word_1_269' title='bbox 1691 2551 1774 2612; x_wconf 89' lang='lat' dir='ltr'>par-</span> 
     </span>
     <span class='ocr_line' id='line_1_24' title="bbox 121 2632 1772 2712; baseline 0.001 -20"><span class='ocrx_word' id='word_1_270' title='bbox 121 2648 222 2709; x_wconf 90' lang='lat' dir='ltr'>quam</span> <span class='ocrx_word' id='word_1_271' title='bbox 237 2634 365 2711; x_wconf 91' lang='lat' dir='ltr'>lapides</span> <span class='ocrx_word' id='word_1_272' title='bbox 380 2633 414 2694; x_wconf 93' lang='lat' dir='ltr'>in</span> <span class='ocrx_word' id='word_1_273' title='bbox 430 2634 654 2705; x_wconf 81' lang='lat' dir='ltr'>fundamenta,</span> <span class='ocrx_word' id='word_1_274' title='bbox 674 2634 751 2711; x_wconf 90' lang='lat' dir='ltr'>quia</span> <span class='ocrx_word' id='word_1_275' title='bbox 767 2633 852 2694; x_wconf 90' lang='lat' dir='ltr'>sicut</span> <span class='ocrx_word' id='word_1_276' title='bbox 869 2632 921 2692; x_wconf 91' lang='lat' dir='ltr'>di·</span> <span class='ocrx_word' id='word_1_277' title='bbox 975 2636 1092 2708; x_wconf 90' lang='lat' dir='ltr'>turire,</span> <span class='ocrx_word' id='word_1_278' title='bbox 1108 2636 1144 2698; x_wconf 88' lang='lat' dir='ltr'>ut</span> <span class='ocrx_word' id='word_1_279' title='bbox 1158 2635 1263 2712; x_wconf 88' lang='lat' dir='ltr'>possit</span> <span class='ocrx_word' id='word_1_280' title='bbox 1281 2634 1321 2695; x_wconf 90' lang='lat' dir='ltr'>ad</span> <span class='ocrx_word' id='word_1_281' title='bbox 1338 2634 1562 2696; x_wconf 83' lang='lat' dir='ltr'>maturitatem</span> <span class='ocrx_word' id='word_1_282' title='bbox 1577 2633 1772 2709; x_wconf 87' lang='lat' dir='ltr'>perducere.</span> 
     </span>
     <span class='ocr_line' id='line_1_25' title="bbox 121 2729 1773 2809; baseline 0 -19"><span class='ocrx_word' id='word_1_283' title='bbox 121 2730 169 2792; x_wconf 89' lang='lat' dir='ltr'>cit</span> <span class='ocrx_word' id='word_1_284' title='bbox 191 2732 368 2809; x_wconf 82' lang='lat' dir='ltr'>Apostolus</span> <span class='ocrx_word' id='word_1_285' title='bbox 383 2754 391 2794; x_wconf 90' lang='lat'><strong>:</strong></span> <span class='ocrx_word' id='word_1_286' title='bbox 406 2733 563 2794; x_wconf 76' lang='lat' dir='ltr'>Clzrtstns</span> <span class='ocrx_word' id='word_1_287' title='bbox 586 2731 637 2792; x_wconf 83' lang='lat' dir='ltr'>est</span> <span class='ocrx_word' id='word_1_288' title='bbox 657 2731 921 2806; x_wconf 74' lang='lat' dir='ltr'>sicradamcutnm</span> <span class='ocrx_word' id='word_1_289' title='bbox 975 2732 1089 2794; x_wconf 83' lang='lat' dir='ltr'>Gratia</span> <span class='ocrx_word' id='word_1_290' title='bbox 1118 2733 1323 2794; x_wconf 77' lang='lat' dir='ltr'>fructificans</span> <span class='ocrx_word' id='word_1_291' title='bbox 1347 2732 1427 2793; x_wconf 85' lang='lat' dir='ltr'>iacit</span> <span class='ocrx_word' id='word_1_292' title='bbox 1454 2731 1604 2809; x_wconf 86' lang='lat' dir='ltr'>palmites</span> <span class='ocrx_word' id='word_1_293' title='bbox 1630 2729 1773 2792; x_wconf 82' lang='lat' dir='ltr'>fructum</span> 
     </span>
     <span class='ocr_line' id='line_1_26' title="bbox 123 2825 1773 2908; baseline -0.007 -7"><span class='ocrx_word' id='word_1_294' title='bbox 123 2825 153 2907; x_wconf 85' lang='lat'>(1</span> <span class='ocrx_word' id='word_1_295' title='bbox 166 2830 242 2890; x_wconf 80' lang='lat' dir='ltr'>C01&#39;·</span> <span class='ocrx_word' id='word_1_296' title='bbox 258 2845 308 2901; x_wconf 73' lang='lat'>111,</span> <span class='ocrx_word' id='word_1_297' title='bbox 325 2827 389 2908; x_wconf 86' lang='lat'>11).</span> <span class='ocrx_word' id='word_1_298' title='bbox 407 2831 446 2890; x_wconf 88' lang='lat' dir='ltr'>Et</span> <span class='ocrx_word' id='word_1_299' title='bbox 459 2829 575 2891; x_wconf 89' lang='lat' dir='ltr'>heatus</span> <span class='ocrx_word' id='word_1_300' title='bbox 593 2830 710 2890; x_wconf 90' lang='lat' dir='ltr'>Petrus</span> <span class='ocrx_word' id='word_1_301' title='bbox 725 2828 806 2888; x_wconf 90' lang='lat' dir='ltr'>dicit</span> <span class='ocrx_word' id='word_1_302' title='bbox 818 2826 921 2887; x_wconf 90' lang='lat' dir='ltr'>tldeli·</span> <span class='ocrx_word' id='word_1_303' title='bbox 975 2830 1096 2902; x_wconf 86' lang='lat' dir='ltr'>lacere,</span> <span class='ocrx_word' id='word_1_304' title='bbox 1112 2831 1208 2902; x_wconf 89' lang='lat' dir='ltr'>idest,</span> <span class='ocrx_word' id='word_1_305' title='bbox 1231 2830 1344 2891; x_wconf 90' lang='lat' dir='ltr'>ssdeles</span> <span class='ocrx_word' id='word_1_306' title='bbox 1366 2829 1451 2891; x_wconf 90' lang='lat' dir='ltr'>hona</span> <span class='ocrx_word' id='word_1_307' title='bbox 1474 2845 1575 2906; x_wconf 88' lang='lat' dir='ltr'>opera</span> <span class='ocrx_word' id='word_1_308' title='bbox 1599 2828 1773 2905; x_wconf 86' lang='lat' dir='ltr'>perticere.</span> 
     </span>
     <span class='ocr_line' id='line_1_27' title="bbox 120 2921 1773 3005; baseline -0.001 -20"><span class='ocrx_word' id='word_1_309' title='bbox 120 2921 201 2986; x_wconf 91' lang='lat' dir='ltr'>hus:</span> <span class='ocrx_word' id='word_1_310' title='bbox 219 2930 291 3003; x_wconf 83' lang='lat' dir='ltr'>Ipsi</span> <span class='ocrx_word' id='word_1_311' title='bbox 304 2928 481 3001; x_wconf 71' lang='lat' dir='ltr'>tenuaicum</span> <span class='ocrx_word' id='word_1_312' title='bbox 494 2930 624 3002; x_wconf 81' lang='lat' dir='ltr'>lapides</span> <span class='ocrx_word' id='word_1_313' title='bbox 643 2929 714 2986; x_wconf 82' lang='lat' dir='ltr'>aiut</span> <span class='ocrx_word' id='word_1_314' title='bbox 730 2928 921 2999; x_wconf 75' lang='lat' dir='ltr'>Sllpei‘oedt&#39;·</span> <span class='ocrx_word' id='word_1_315' title='bbox 975 2932 1021 2990; x_wconf 86' lang='lat' dir='ltr'>De</span> <span class='ocrx_word' id='word_1_316' title='bbox 1043 2929 1149 3005; x_wconf 91' lang='lat' dir='ltr'>prima</span> <span class='ocrx_word' id='word_1_317' title='bbox 1169 2930 1202 2990; x_wconf 88' lang='lat' dir='ltr'>ct</span> <span class='ocrx_word' id='word_1_318' title='bbox 1219 2929 1318 2989; x_wconf 88' lang='lat' dir='ltr'>tertia</span> <span class='ocrx_word' id='word_1_319' title='bbox 1340 2929 1449 3003; x_wconf 90' lang='lat' dir='ltr'>gratia</span> <span class='ocrx_word' id='word_1_320' title='bbox 1469 2926 1549 2987; x_wconf 87' lang='lat' dir='ltr'>dicit</span> <span class='ocrx_word' id='word_1_321' title='bbox 1569 2926 1747 3002; x_wconf 82' lang='lat' dir='ltr'>Apostolus</span> <span class='ocrx_word' id='word_1_322' title='bbox 1766 2942 1773 2982; x_wconf 93' lang='lat'>:</span> 
     </span>
     <span class='ocr_line' id='line_1_28' title="bbox 120 3021 1775 3103; baseline 0 -20"><span class='ocrx_word' id='word_1_323' title='bbox 120 3024 277 3096; x_wconf 76' lang='lat' dir='ltr'>licemini</span> <span class='ocrx_word' id='word_1_324' title='bbox 287 3022 372 3102; x_wconf 87' lang='lat' dir='ltr'>(Pet.</span> <span class='ocrx_word' id='word_1_325' title='bbox 390 3041 426 3092; x_wconf 87' lang='lat'>11,</span> <span class='ocrx_word' id='word_1_326' title='bbox 442 3022 486 3103; x_wconf 84' lang='lat'>5).</span> <span class='ocrx_word' id='word_1_327' title='bbox 505 3024 610 3099; x_wconf 83' lang='lat' dir='ltr'>Igitur</span> <span class='ocrx_word' id='word_1_328' title='bbox 622 3022 773 3083; x_wconf 90' lang='lat' dir='ltr'>Christus</span> <span class='ocrx_word' id='word_1_329' title='bbox 788 3023 838 3083; x_wconf 86' lang='lat' dir='ltr'>est</span> <span class='ocrx_word' id='word_1_330' title='bbox 850 3021 921 3082; x_wconf 89' lang='lat' dir='ltr'>sun·</span> <span class='ocrx_word' id='word_1_331' title='bbox 974 3031 1067 3088; x_wconf 82' lang='lat' dir='ltr'>Dens</span> <span class='ocrx_word' id='word_1_332' title='bbox 1081 3028 1202 3101; x_wconf 83' lang='lat' dir='ltr'>estqui</span> <span class='ocrx_word' id='word_1_333' title='bbox 1216 3027 1433 3099; x_wconf 65' lang='lat' dir='ltr'>operatorem</span> <span class='ocrx_word' id='word_1_334' title='bbox 1447 3028 1541 3085; x_wconf 80' lang='lat' dir='ltr'>codis</span> <span class='ocrx_word' id='word_1_335' title='bbox 1555 3029 1638 3086; x_wconf 83' lang='lat' dir='ltr'>velte</span> <span class='ocrx_word' id='word_1_336' title='bbox 1653 3025 1687 3085; x_wconf 84' lang='lat' dir='ltr'>et</span> <span class='ocrx_word' id='word_1_337' title='bbox 1694 3040 1775 3098; x_wconf 83' lang='lat' dir='ltr'>pcr-</span> 
     </span>
     <span class='ocr_line' id='line_1_29' title="bbox 121 3119 1774 3201; baseline -0.007 -8"><span class='ocrx_word' id='word_1_338' title='bbox 121 3119 325 3192; x_wconf 67' lang='grc' dir='ltr'>(ἲᾶῐῐὶθῐὶῒῑῑῐῐὶ,</span> <span class='ocrx_word' id='word_1_339' title='bbox 351 3122 446 3193; x_wconf 71' lang='lat' dir='ltr'>idest,</span> <span class='ocrx_word' id='word_1_340' title='bbox 469 3121 600 3181; x_wconf 73' lang='lat' dir='ltr'>initium</span> <span class='ocrx_word' id='word_1_341' title='bbox 622 3122 655 3181; x_wconf 76' lang='lat' dir='ltr'>ei</span> <span class='ocrx_word' id='word_1_342' title='bbox 678 3120 919 3180; x_wconf 74' lang='lat' dir='ltr'>firmamentum</span> <span class='ocrx_word' id='word_1_343' title='bbox 973 3126 1077 3198; x_wconf 71' lang='lat' dir='ltr'>dcere</span> <span class='ocrx_word' id='word_1_344' title='bbox 1088 3138 1156 3196; x_wconf 78' lang='lat' dir='ltr'>pro</span> <span class='ocrx_word' id='word_1_345' title='bbox 1175 3127 1262 3184; x_wconf 74' lang='lat' dir='ltr'>horta</span> <span class='ocrx_word' id='word_1_346' title='bbox 1285 3123 1459 3184; x_wconf 73' lang='lat' dir='ltr'>aeterniate</span> <span class='ocrx_word' id='word_1_347' title='bbox 1481 3121 1618 3201; x_wconf 87' lang='lat' dir='ltr'>(Philip.</span> <span class='ocrx_word' id='word_1_348' title='bbox 1644 3138 1681 3192; x_wconf 88' lang='lat'>11,</span> <span class='ocrx_word' id='word_1_349' title='bbox 1709 3120 1774 3200; x_wconf 89' lang='grc'><strong>13).</strong></span> 
     </span>
     <span class='ocr_line' id='line_1_30' title="bbox 121 3216 1771 3296; baseline -0.001 -17"><span class='ocrx_word' id='word_1_350' title='bbox 121 3219 473 3281; x_wconf 90' lang='lat' dir='ltr'>omniumelectorum.</span> <span class='ocrx_word' id='word_1_351' title='bbox 490 3218 642 3278; x_wconf 88' lang='lat' dir='ltr'>Christus</span> <span class='ocrx_word' id='word_1_352' title='bbox 658 3216 918 3278; x_wconf 87' lang='lat' dir='ltr'>estiundamen·</span> <span class='ocrx_word' id='word_1_353' title='bbox 975 3222 1014 3283; x_wconf 87' lang='lat' dir='ltr'>Et</span> <span class='ocrx_word' id='word_1_354' title='bbox 1034 3221 1227 3296; x_wconf 81' lang='lat' dir='ltr'>Fulgentius</span> <span class='ocrx_word' id='word_1_355' title='bbox 1253 3238 1297 3281; x_wconf 73' lang='lat' dir='ltr'>:c</span> <span class='ocrx_word' id='word_1_356' title='bbox 1327 3221 1487 3281; x_wconf 86' lang='lat' dir='ltr'>Voluntas</span> <span class='ocrx_word' id='word_1_357' title='bbox 1516 3236 1589 3296; x_wconf 74' lang='lat' dir='ltr'>quae</span> <span class='ocrx_word' id='word_1_358' title='bbox 1614 3220 1648 3279; x_wconf 90' lang='lat' dir='ltr'>iu</span> <span class='ocrx_word' id='word_1_359' title='bbox 1675 3218 1771 3279; x_wconf 78' lang='lat' dir='ltr'>vohis</span> 
     </span>
     <span class='ocr_line' id='line_1_31' title="bbox 122 3314 1772 3393; baseline -0.001 -16"><span class='ocrx_word' id='word_1_360' title='bbox 122 3318 192 3377; x_wconf 90' lang='lat' dir='ltr'>tum</span> <span class='ocrx_word' id='word_1_361' title='bbox 207 3317 375 3389; x_wconf 81' lang='lat' dir='ltr'>Ecclesiae,</span> <span class='ocrx_word' id='word_1_362' title='bbox 393 3316 471 3392; x_wconf 92' lang='lat' dir='ltr'>quia</span> <span class='ocrx_word' id='word_1_363' title='bbox 489 3316 575 3376; x_wconf 90' lang='lat' dir='ltr'>sicut</span> <span class='ocrx_word' id='word_1_364' title='bbox 588 3316 656 3376; x_wconf 89' lang='lat' dir='ltr'>tota</span> <span class='ocrx_word' id='word_1_365' title='bbox 672 3314 788 3375; x_wconf 89' lang='lat' dir='ltr'>domus</span> <span class='ocrx_word' id='word_1_366' title='bbox 802 3315 920 3376; x_wconf 93' lang='lat' dir='ltr'>nititur</span> <span class='ocrx_word' id='word_1_367' title='bbox 973 3319 1059 3381; x_wconf 89' lang='lat' dir='ltr'>hona</span> <span class='ocrx_word' id='word_1_368' title='bbox 1084 3318 1170 3380; x_wconf 91' lang='lat' dir='ltr'>dono</span> <span class='ocrx_word' id='word_1_369' title='bbox 1189 3318 1249 3379; x_wconf 87' lang='lat' dir='ltr'>Dei</span> <span class='ocrx_word' id='word_1_370' title='bbox 1264 3318 1452 3378; x_wconf 88' lang='lat' dir='ltr'>miserentis</span> <span class='ocrx_word' id='word_1_371' title='bbox 1467 3317 1621 3388; x_wconf 76' lang='lat' dir='ltr'>eflicitur,</span> <span class='ocrx_word' id='word_1_372' title='bbox 1649 3317 1721 3393; x_wconf 89' lang='lat' dir='ltr'>ipsa</span> <span class='ocrx_word' id='word_1_373' title='bbox 1737 3316 1772 3376; x_wconf 94' lang='lat' dir='ltr'>in</span> 
     </span>
     <span class='ocr_line' id='line_1_32' title="bbox 123 3413 1774 3492; baseline 0 -19"><span class='ocrx_word' id='word_1_374' title='bbox 123 3413 348 3485; x_wconf 82' lang='lat' dir='ltr'>fundamento,</span> <span class='ocrx_word' id='word_1_375' title='bbox 363 3414 409 3474; x_wconf 87' lang='lat' dir='ltr'>ita</span> <span class='ocrx_word' id='word_1_376' title='bbox 423 3416 491 3475; x_wconf 91' lang='lat' dir='ltr'>tota</span> <span class='ocrx_word' id='word_1_377' title='bbox 507 3413 655 3474; x_wconf 85' lang='lat' dir='ltr'>Ecclesia</span> <span class='ocrx_word' id='word_1_378' title='bbox 670 3413 798 3488; x_wconf 86' lang='lat' dir='ltr'>regitur</span> <span class='ocrx_word' id='word_1_379' title='bbox 810 3414 843 3474; x_wconf 92' lang='lat' dir='ltr'>et</span> <span class='ocrx_word' id='word_1_380' title='bbox 857 3429 920 3488; x_wconf 92' lang='lat' dir='ltr'>gu·</span> <span class='ocrx_word' id='word_1_381' title='bbox 975 3417 1080 3489; x_wconf 78' lang='lat' dir='ltr'>nobie,</span> <span class='ocrx_word' id='word_1_382' title='bbox 1098 3420 1133 3478; x_wconf 89' lang='lat' dir='ltr'>ut</span> <span class='ocrx_word' id='word_1_383' title='bbox 1146 3416 1233 3478; x_wconf 90' lang='lat' dir='ltr'>hona</span> <span class='ocrx_word' id='word_1_384' title='bbox 1252 3415 1384 3492; x_wconf 90' lang='lat' dir='ltr'>operari</span> <span class='ocrx_word' id='word_1_385' title='bbox 1404 3415 1525 3486; x_wconf 86' lang='lat' dir='ltr'>valeat,</span> <span class='ocrx_word' id='word_1_386' title='bbox 1548 3415 1737 3491; x_wconf 84' lang='lat' dir='ltr'>adjuvatur.</span> <span class='ocrx_word' id='word_1_387' title='bbox 1756 3430 1774 3472; x_wconf 71' lang='lat' dir='ltr'>a</span> 
     </span>
     <span class='ocr_line' id='line_1_33' title="bbox 122 3510 1773 3591; baseline 0 -20"><span class='ocrx_word' id='word_1_388' title='bbox 122 3510 283 3573; x_wconf 89' lang='lat' dir='ltr'>heruatur</span> <span class='ocrx_word' id='word_1_389' title='bbox 305 3527 324 3571; x_wconf 89' lang='lat' dir='ltr'>a</span> <span class='ocrx_word' id='word_1_390' title='bbox 344 3511 485 3583; x_wconf 89' lang='lat' dir='ltr'>Christo,</span> <span class='ocrx_word' id='word_1_391' title='bbox 512 3511 590 3589; x_wconf 90' lang='lat' dir='ltr'>quia</span> <span class='ocrx_word' id='word_1_392' title='bbox 607 3511 694 3571; x_wconf 90' lang='lat' dir='ltr'>sicut</span> <span class='ocrx_word' id='word_1_393' title='bbox 714 3510 796 3571; x_wconf 89' lang='lat' dir='ltr'>dicit</span> <span class='ocrx_word' id='word_1_394' title='bbox 813 3514 920 3586; x_wconf 77' lang='lat' dir='ltr'>Apos-</span> <span class='ocrx_word' id='word_1_395' title='bbox 975 3514 1117 3577; x_wconf 89' lang='lat' dir='ltr'>Proinde</span> <span class='ocrx_word' id='word_1_396' title='bbox 1146 3514 1174 3574; x_wconf 92' lang='lat' dir='ltr'>si</span> <span class='ocrx_word' id='word_1_397' title='bbox 1199 3514 1352 3591; x_wconf 89' lang='lat' dir='ltr'>palmites</span> <span class='ocrx_word' id='word_1_398' title='bbox 1383 3512 1492 3574; x_wconf 87' lang='lat' dir='ltr'>lerunt</span> <span class='ocrx_word' id='word_1_399' title='bbox 1520 3512 1675 3584; x_wconf 82' lang='lat' dir='ltr'>fructum,</span> <span class='ocrx_word' id='word_1_400' title='bbox 1704 3528 1773 3572; x_wconf 91' lang='lat' dir='ltr'>non</span> 
     </span>
     <span class='ocr_line' id='line_1_34' title="bbox 120 3608 1773 3689; baseline -0.002 -18"><span class='ocrx_word' id='word_1_401' title='bbox 120 3608 229 3671; x_wconf 91' lang='lat' dir='ltr'>tolus:</span> <span class='ocrx_word' id='word_1_402' title='bbox 247 3611 403 3671; x_wconf 80' lang='lat' dir='ltr'>Christos</span> <span class='ocrx_word' id='word_1_403' title='bbox 422 3610 473 3671; x_wconf 83' lang='lat' dir='ltr'>est</span> <span class='ocrx_word' id='word_1_404' title='bbox 488 3610 637 3683; x_wconf 68' lang='lat' dir='ltr'>captaret</span> <span class='ocrx_word' id='word_1_405' title='bbox 655 3609 919 3683; x_wconf 65' lang='lat' dir='ltr'>forianensecium</span> <span class='ocrx_word' id='word_1_406' title='bbox 974 3613 1135 3675; x_wconf 81' lang='lat' dir='ltr'>extollant</span> <span class='ocrx_word' id='word_1_407' title='bbox 1154 3628 1201 3684; x_wconf 90' lang='lat' dir='ltr'>se,</span> <span class='ocrx_word' id='word_1_408' title='bbox 1218 3612 1296 3689; x_wconf 90' lang='lat' dir='ltr'>quia</span> <span class='ocrx_word' id='word_1_409' title='bbox 1311 3611 1419 3686; x_wconf 90' lang='lat' dir='ltr'>gratia</span> <span class='ocrx_word' id='word_1_410' title='bbox 1434 3610 1708 3671; x_wconf 87' lang='lat' dir='ltr'>subministratur</span> <span class='ocrx_word' id='word_1_411' title='bbox 1722 3609 1773 3669; x_wconf 93' lang='lat' dir='ltr'>illi</span> 
     </span>
     <span class='ocr_line' id='line_1_35' title="bbox 122 3705 1774 3785; baseline -0.007 -8"><span class='ocrx_word' id='word_1_412' title='bbox 122 3710 284 3769; x_wconf 75' lang='lat' dir='ltr'>Ecclesiae</span> <span class='ocrx_word' id='word_1_413' title='bbox 297 3705 392 3785; x_wconf 67' lang='lat' dir='ltr'>(Elilh</span> <span class='ocrx_word' id='word_1_414' title='bbox 415 3723 448 3777; x_wconf 69' lang='lat' dir='ltr'>v,</span> <span class='ocrx_word' id='word_1_415' title='bbox 465 3705 530 3785; x_wconf 84' lang='lat'>23)·</span> <span class='ocrx_word' id='word_1_416' title='bbox 547 3708 675 3782; x_wconf 73' lang='lat' dir='ltr'>Corvus</span> <span class='ocrx_word' id='word_1_417' title='bbox 695 3707 744 3767; x_wconf 72' lang='lat' dir='ltr'>esi</span> <span class='ocrx_word' id='word_1_418' title='bbox 759 3705 917 3775; x_wconf 72' lang='lat' dir='ltr'>Ecclesia,</span> <span class='ocrx_word' id='word_1_419' title='bbox 974 3727 994 3772; x_wconf 89' lang='lat' dir='ltr'>a</span> <span class='ocrx_word' id='word_1_420' title='bbox 1017 3711 1094 3771; x_wconf 86' lang='lat' dir='ltr'>vite.</span> <span class='ocrx_word' id='word_1_421' title='bbox 1124 3710 1237 3770; x_wconf 86' lang='lat' dir='ltr'>Gratia</span> <span class='ocrx_word' id='word_1_422' title='bbox 1266 3724 1466 3771; x_wconf 89' lang='lat' dir='ltr'>consumans</span> <span class='ocrx_word' id='word_1_423' title='bbox 1490 3708 1542 3768; x_wconf 85' lang='lat' dir='ltr'>vel</span> <span class='ocrx_word' id='word_1_424' title='bbox 1570 3707 1774 3768; x_wconf 85' lang='lat' dir='ltr'>confirmans</span> 
     </span>
     <span class='ocr_line' id='line_1_36' title="bbox 123 3800 1772 3881; baseline 0 -17"><span class='ocrx_word' id='word_1_425' title='bbox 123 3803 270 3865; x_wconf 87' lang='lat' dir='ltr'>membra</span> <span class='ocrx_word' id='word_1_426' title='bbox 286 3804 435 3880; x_wconf 88' lang='lat' dir='ltr'>corporis</span> <span class='ocrx_word' id='word_1_427' title='bbox 450 3805 527 3864; x_wconf 91' lang='lat' dir='ltr'>sunt</span> <span class='ocrx_word' id='word_1_428' title='bbox 542 3802 665 3879; x_wconf 84' lang='lat' dir='ltr'>singuli</span> <span class='ocrx_word' id='word_1_429' title='bbox 681 3802 804 3863; x_wconf 76' lang='lat' dir='ltr'>fideles.</span> <span class='ocrx_word' id='word_1_430' title='bbox 828 3800 920 3863; x_wconf 91' lang='lat' dir='ltr'>Unde</span> <span class='ocrx_word' id='word_1_431' title='bbox 975 3807 1054 3868; x_wconf 85' lang='lat' dir='ltr'>lacit</span> <span class='ocrx_word' id='word_1_432' title='bbox 1086 3807 1211 3868; x_wconf 80' lang='lat' dir='ltr'>tructus</span> <span class='ocrx_word' id='word_1_433' title='bbox 1247 3807 1288 3866; x_wconf 91' lang='lat' dir='ltr'>ad</span> <span class='ocrx_word' id='word_1_434' title='bbox 1324 3807 1549 3867; x_wconf 88' lang='lat' dir='ltr'>maturitatem</span> <span class='ocrx_word' id='word_1_435' title='bbox 1584 3805 1772 3881; x_wconf 85' lang='lat' dir='ltr'>pervenire,</span> 
     </span>
     <span class='ocr_line' id='line_1_37' title="bbox 123 3899 1772 3981; baseline -0.001 -19"><span class='ocrx_word' id='word_1_436' title='bbox 123 3900 300 3979; x_wconf 80' lang='lat' dir='ltr'>Apostolus</span> <span class='ocrx_word' id='word_1_437' title='bbox 326 3923 333 3960; x_wconf 95' lang='lat'><strong>:</strong></span> <span class='ocrx_word' id='word_1_438' title='bbox 356 3901 452 3962; x_wconf 75' lang='lat' dir='ltr'>Sicut</span> <span class='ocrx_word' id='word_1_439' title='bbox 480 3904 515 3961; x_wconf 83' lang='lat' dir='ltr'>iu</span> <span class='ocrx_word' id='word_1_440' title='bbox 548 3915 616 3961; x_wconf 72' lang='lat' dir='ltr'>uiro</span> <span class='ocrx_word' id='word_1_441' title='bbox 642 3914 786 3974; x_wconf 83' lang='lat' dir='ltr'>corpore</span> <span class='ocrx_word' id='word_1_442' title='bbox 812 3899 921 3960; x_wconf 80' lang='lat' dir='ltr'>rnretto</span> <span class='ocrx_word' id='word_1_443' title='bbox 974 3905 1069 3976; x_wconf 89' lang='lat' dir='ltr'>idest,</span> <span class='ocrx_word' id='word_1_444' title='bbox 1093 3920 1194 3981; x_wconf 89' lang='lat' dir='ltr'>opera</span> <span class='ocrx_word' id='word_1_445' title='bbox 1212 3904 1253 3965; x_wconf 91' lang='lat' dir='ltr'>ad</span> <span class='ocrx_word' id='word_1_446' title='bbox 1278 3904 1525 3980; x_wconf 86' lang='lat' dir='ltr'>perlectionem.</span> <span class='ocrx_word' id='word_1_447' title='bbox 1550 3901 1643 3963; x_wconf 85' lang='lat' dir='ltr'>Unde</span> <span class='ocrx_word' id='word_1_448' title='bbox 1667 3901 1772 3961; x_wconf 75' lang='lat' dir='ltr'>David</span> 
     </span>
     <span class='ocr_line' id='line_1_38' title="bbox 123 3997 1774 4073; baseline -0.005 -4"><span class='ocrx_word' id='word_1_449' title='bbox 123 4002 279 4061; x_wconf 62' lang='lat' dir='ltr'>invitabit!</span> <span class='ocrx_word' id='word_1_450' title='bbox 299 4002 473 4069; x_wconf 68' lang='lat' dir='ltr'>habemns,</span> <span class='ocrx_word' id='word_1_451' title='bbox 490 4001 607 4059; x_wconf 67' lang='lat' dir='ltr'>omnia</span> <span class='ocrx_word' id='word_1_452' title='bbox 627 3997 745 4058; x_wconf 64' lang='lat' dir='ltr'>aulem</span> <span class='ocrx_word' id='word_1_453' title='bbox 764 3999 920 4059; x_wconf 63' lang='lat' dir='ltr'>membra</span> <span class='ocrx_word' id='word_1_454' title='bbox 975 4002 1090 4064; x_wconf 89' lang='lat' dir='ltr'>orabat</span> <span class='ocrx_word' id='word_1_455' title='bbox 1111 4003 1225 4063; x_wconf 90' lang='lat' dir='ltr'>dicens</span> <span class='ocrx_word' id='word_1_456' title='bbox 1242 4019 1249 4057; x_wconf 92' lang='lat'>:</span> <span class='ocrx_word' id='word_1_457' title='bbox 1267 4003 1442 4073; x_wconf 71' lang='lat' dir='ltr'>Colustrum</span> <span class='ocrx_word' id='word_1_458' title='bbox 1465 4006 1537 4072; x_wconf 86' lang='lat' dir='ltr'>hoc,</span> <span class='ocrx_word' id='word_1_459' title='bbox 1560 4004 1665 4070; x_wconf 74' lang='lat' dir='ltr'>Dorus,</span> <span class='ocrx_word' id='word_1_460' title='bbox 1686 4003 1774 4073; x_wconf 82' lang='lat' dir='ltr'>quod</span> 
     </span>
     <span class='ocr_line' id='line_1_39' title="bbox 122 4095 1774 4176; baseline -0.001 -18"><span class='ocrx_word' id='word_1_461' title='bbox 122 4112 192 4158; x_wconf 74' lang='lat' dir='ltr'>raon</span> <span class='ocrx_word' id='word_1_462' title='bbox 204 4100 360 4158; x_wconf 67' lang='lat' dir='ltr'>enarrantem</span> <span class='ocrx_word' id='word_1_463' title='bbox 371 4095 629 4162; x_wconf 71' lang='lat' dir='ltr'>actiantaohout,</span> <span class='ocrx_word' id='word_1_464' title='bbox 642 4096 692 4155; x_wconf 82' lang='lat' dir='ltr'>itu</span> <span class='ocrx_word' id='word_1_465' title='bbox 704 4096 802 4155; x_wconf 74' lang='lat' dir='ltr'>nautii</span> <span class='ocrx_word' id='word_1_466' title='bbox 814 4110 921 4155; x_wconf 70' lang='lat' dir='ltr'>unitam</span> <span class='ocrx_word' id='word_1_467' title='bbox 974 4101 1138 4175; x_wconf 71' lang='lat' dir='ltr'>operatas</span> <span class='ocrx_word' id='word_1_468' title='bbox 1155 4102 1351 4161; x_wconf 70' lang='lat' dir='ltr'>estanchia</span> <span class='ocrx_word' id='word_1_469' title='bbox 1370 4097 1439 4176; x_wconf 85' lang='lat' dir='ltr'>(Ps.</span> <span class='ocrx_word' id='word_1_470' title='bbox 1456 4101 1506 4168; x_wconf 84' lang='lat'>67,</span> <span class='ocrx_word' id='word_1_471' title='bbox 1522 4096 1588 4176; x_wconf 79' lang='lat'>26).</span> <span class='ocrx_word' id='word_1_472' title='bbox 1604 4097 1706 4169; x_wconf 88' lang='lat' dir='ltr'>Quasi</span> <span class='ocrx_word' id='word_1_473' title='bbox 1722 4096 1774 4157; x_wconf 91' lang='lat' dir='ltr'>di-</span> 
     </span>
     <span class='ocr_line' id='line_1_40' title="bbox 123 4189 1771 4271; baseline -0.004 -9"><span class='ocrx_word' id='word_1_474' title='bbox 123 4210 249 4270; x_wconf 78' lang='lat' dir='ltr'>corpus</span> <span class='ocrx_word' id='word_1_475' title='bbox 263 4209 384 4255; x_wconf 72' lang='lat' dir='ltr'>aarum</span> <span class='ocrx_word' id='word_1_476' title='bbox 398 4196 435 4254; x_wconf 79' lang='lat' dir='ltr'>iu</span> <span class='ocrx_word' id='word_1_477' title='bbox 450 4194 585 4255; x_wconf 71' lang='lat' dir='ltr'>Cluisto</span> <span class='ocrx_word' id='word_1_478' title='bbox 602 4191 710 4270; x_wconf 78' lang='lat' dir='ltr'>(nom.</span> <span class='ocrx_word' id='word_1_479' title='bbox 725 4207 785 4262; x_wconf 79' lang='lat'>111,</span> <span class='ocrx_word' id='word_1_480' title='bbox 799 4189 844 4270; x_wconf 78' lang='lat'>4).</span> <span class='ocrx_word' id='word_1_481' title='bbox 975 4200 1048 4260; x_wconf 87' lang='lat' dir='ltr'>cat:</span> <span class='ocrx_word' id='word_1_482' title='bbox 1074 4201 1123 4260; x_wconf 80' lang='lat' dir='ltr'>Tu</span> <span class='ocrx_word' id='word_1_483' title='bbox 1136 4200 1195 4271; x_wconf 75' lang='lat' dir='ltr'>qna</span> <span class='ocrx_word' id='word_1_484' title='bbox 1209 4198 1342 4271; x_wconf 72' lang='lat' dir='ltr'>coepisti·</span> <span class='ocrx_word' id='word_1_485' title='bbox 1365 4200 1401 4256; x_wconf 76' lang='lat' dir='ltr'>tn</span> <span class='ocrx_word' id='word_1_486' title='bbox 1418 4199 1514 4257; x_wconf 70' lang='lat' dir='ltr'>raonis</span> <span class='ocrx_word' id='word_1_487' title='bbox 1530 4199 1655 4257; x_wconf 78' lang='lat' dir='ltr'>onnam</span> <span class='ocrx_word' id='word_1_488' title='bbox 1675 4210 1771 4268; x_wconf 79' lang='lat' dir='ltr'>opas,</span> 
     </span>
     <span class='ocr_line' id='line_1_41' title="bbox 164 4289 1774 4369; baseline 0 -18"><span class='ocrx_word' id='word_1_489' title='bbox 164 4292 246 4364; x_wconf 88' lang='lat' dir='ltr'>Quia</span> <span class='ocrx_word' id='word_1_490' title='bbox 260 4291 346 4352; x_wconf 91' lang='lat' dir='ltr'>sicut</span> <span class='ocrx_word' id='word_1_491' title='bbox 357 4290 473 4351; x_wconf 91' lang='lat' dir='ltr'>domus</span> <span class='ocrx_word' id='word_1_492' title='bbox 485 4290 603 4368; x_wconf 90' lang='lat' dir='ltr'>incipit</span> <span class='ocrx_word' id='word_1_493' title='bbox 616 4305 754 4365; x_wconf 86' lang='lat' dir='ltr'>surgere</span> <span class='ocrx_word' id='word_1_494' title='bbox 767 4304 787 4349; x_wconf 93' lang='lat' dir='ltr'>a</span> <span class='ocrx_word' id='word_1_495' title='bbox 800 4289 921 4350; x_wconf 85' lang='lat' dir='ltr'>lundu—</span> <span class='ocrx_word' id='word_1_496' title='bbox 974 4297 1142 4368; x_wconf 72' lang='lat' dir='ltr'>corrflrmu</span> <span class='ocrx_word' id='word_1_497' title='bbox 1154 4294 1189 4355; x_wconf 85' lang='lat' dir='ltr'>et</span> <span class='ocrx_word' id='word_1_498' title='bbox 1200 4294 1328 4368; x_wconf 76' lang='lat' dir='ltr'>pertice</span> <span class='ocrx_word' id='word_1_499' title='bbox 1341 4296 1432 4364; x_wconf 81' lang='lat' dir='ltr'>illud,</span> <span class='ocrx_word' id='word_1_500' title='bbox 1448 4292 1525 4369; x_wconf 90' lang='lat' dir='ltr'>quia</span> <span class='ocrx_word' id='word_1_501' title='bbox 1539 4292 1624 4352; x_wconf 93' lang='lat' dir='ltr'>nihil</span> <span class='ocrx_word' id='word_1_502' title='bbox 1638 4292 1774 4368; x_wconf 86' lang='lat' dir='ltr'>prodest</span> 
     </span>
     <span class='ocr_line' id='line_1_42' title="bbox 118 4386 1589 4468; baseline 0.002 -19"><span class='ocrx_word' id='word_1_503' title='bbox 118 4386 254 4460; x_wconf 82' lang='lat' dir='ltr'>mentis,</span> <span class='ocrx_word' id='word_1_504' title='bbox 276 4389 322 4450; x_wconf 91' lang='lat' dir='ltr'>ita</span> <span class='ocrx_word' id='word_1_505' title='bbox 351 4388 499 4449; x_wconf 82' lang='lat' dir='ltr'>Ecclesia</span> <span class='ocrx_word' id='word_1_506' title='bbox 526 4388 653 4464; x_wconf 88' lang='lat' dir='ltr'>accepit</span> <span class='ocrx_word' id='word_1_507' title='bbox 675 4387 875 4464; x_wconf 88' lang='lat' dir='ltr'>principium</span> <span class='ocrx_word' id='word_1_508' title='bbox 900 4403 918 4446; x_wconf 91' lang='lat' dir='ltr'>a</span> <span class='ocrx_word' id='word_1_509' title='bbox 974 4392 1058 4453; x_wconf 87' lang='lat' dir='ltr'>hone</span> <span class='ocrx_word' id='word_1_510' title='bbox 1073 4392 1223 4468; x_wconf 72' lang='lat' dir='ltr'>cupisse,</span> <span class='ocrx_word' id='word_1_511' title='bbox 1242 4391 1271 4452; x_wconf 90' lang='lat' dir='ltr'>si</span> <span class='ocrx_word' id='word_1_512' title='bbox 1287 4390 1372 4451; x_wconf 89' lang='lat' dir='ltr'>male</span> <span class='ocrx_word' id='word_1_513' title='bbox 1387 4389 1589 4451; x_wconf 76' lang='lat' dir='ltr'>desistimus.</span> 
     </span>
     <span class='ocr_line' id='line_1_43' title="bbox 124 4485 919 4562; baseline -0.005 -15"><span class='ocrx_word' id='word_1_514' title='bbox 124 4487 265 4548; x_wconf 89' lang='lat' dir='ltr'>Christo.</span> <span class='ocrx_word' id='word_1_515' title='bbox 279 4488 359 4547; x_wconf 91' lang='lat' dir='ltr'>Item</span> <span class='ocrx_word' id='word_1_516' title='bbox 368 4485 709 4548; x_wconf 86' lang='lat' dir='ltr'>sicutiundamentum</span> <span class='ocrx_word' id='word_1_517' title='bbox 717 4485 826 4562; x_wconf 86' lang='lat' dir='ltr'>portat</span> <span class='ocrx_word' id='word_1_518' title='bbox 836 4500 919 4545; x_wconf 89' lang='lat' dir='ltr'>onus</span> 
     </span>
     <span class='ocr_line' id='line_1_44' title="bbox 123 4567 1457 4657; baseline -0.004 -10"><span class='ocrx_word' id='word_1_519' title='bbox 123 4586 224 4647; x_wconf 85' lang='lat' dir='ltr'>totius</span> <span class='ocrx_word' id='word_1_520' title='bbox 245 4585 371 4657; x_wconf 90' lang='lat' dir='ltr'>domus,</span> <span class='ocrx_word' id='word_1_521' title='bbox 396 4584 442 4645; x_wconf 86' lang='lat' dir='ltr'>ita</span> <span class='ocrx_word' id='word_1_522' title='bbox 465 4583 616 4645; x_wconf 88' lang='lat' dir='ltr'>Christus</span> <span class='ocrx_word' id='word_1_523' title='bbox 631 4582 718 4657; x_wconf 91' lang='lat' dir='ltr'>regit</span> <span class='ocrx_word' id='word_1_524' title='bbox 738 4580 919 4642; x_wconf 87' lang='lat' dir='ltr'>Ecclesiam</span> <span class='ocrx_word' id='word_1_525' title='bbox 1289 4567 1457 4654; x_wconf 83' lang='lat' dir='ltr'>XXXIII</span> 
     </span>
     <span class='ocr_line' id='line_1_45' title="bbox 123 4680 1399 4760; baseline -0.007 -15"><span class='ocrx_word' id='word_1_526' title='bbox 123 4686 157 4745; x_wconf 89' lang='lat' dir='ltr'>et</span> <span class='ocrx_word' id='word_1_527' title='bbox 171 4684 279 4760; x_wconf 88' lang='lat' dir='ltr'>portat</span> <span class='ocrx_word' id='word_1_528' title='bbox 291 4684 326 4745; x_wconf 93' lang='lat' dir='ltr'>ut</span> <span class='ocrx_word' id='word_1_529' title='bbox 346 4684 462 4758; x_wconf 89' lang='lat' dir='ltr'>surgat</span> <span class='ocrx_word' id='word_1_530' title='bbox 476 4683 510 4742; x_wconf 93' lang='lat' dir='ltr'>in</span> <span class='ocrx_word' id='word_1_531' title='bbox 525 4681 639 4751; x_wconf 90' lang='lat' dir='ltr'>altum,</span> <span class='ocrx_word' id='word_1_532' title='bbox 657 4680 719 4740; x_wconf 88' lang='lat' dir='ltr'>hoo</span> <span class='ocrx_word' id='word_1_533' title='bbox 738 4680 799 4751; x_wconf 92' lang='lat' dir='ltr'>est,</span> <span class='ocrx_word' id='word_1_534' title='bbox 816 4695 919 4756; x_wconf 87' lang='lat' dir='ltr'>usque</span> <span class='ocrx_word' id='word_1_535' title='bbox 1260 4738 1270 4757; x_wconf 53' lang='lat'>,</span> <span class='ocrx_word' id='word_1_536' title='bbox 1315 4738 1322 4760; x_wconf 31' lang='lat'>¹</span> <span class='ocrx_word' id='word_1_537' title='bbox 1389 4738 1399 4750; x_wconf 74' lang='grc'>,</span> 
     </span>
     <span class='ocr_line' id='line_1_46' title="bbox 122 4735 1597 4855; baseline -0.003 -14"><span class='ocrx_word' id='word_1_538' title='bbox 122 4780 165 4841; x_wconf 91' lang='lat' dir='ltr'>ad</span> <span class='ocrx_word' id='word_1_539' title='bbox 187 4781 317 4842; x_wconf 87' lang='lat' dir='ltr'>coelum.</span> <span class='ocrx_word' id='word_1_540' title='bbox 339 4780 483 4842; x_wconf 89' lang='lat' dir='ltr'>Proinde</span> <span class='ocrx_word' id='word_1_541' title='bbox 503 4794 562 4840; x_wconf 91' lang='lat' dir='ltr'>nos</span> <span class='ocrx_word' id='word_1_542' title='bbox 585 4776 640 4855; x_wconf 91' lang='lat' dir='ltr'>qui</span> <span class='ocrx_word' id='word_1_543' title='bbox 656 4794 771 4838; x_wconf 90' lang='lat' dir='ltr'>sumus</span> <span class='ocrx_word' id='word_1_544' title='bbox 791 4777 919 4855; x_wconf 88' lang='lat' dir='ltr'>lapides</span> <span class='ocrx_word' id='word_1_545' title='bbox 1152 4738 1195 4797; x_wconf 69' lang='lat' dir='ltr'>IN</span> <span class='ocrx_word' id='word_1_546' title='bbox 1220 4737 1349 4797; x_wconf 53' lang='grc' dir='ltr'>ΝΜΟ</span> <span class='ocrx_word' id='word_1_547' title='bbox 1372 4735 1597 4796; x_wconf 51' lang='grc' dir='ltr'>ῊΒΘῘΝΗΜ·</span> 
     </span>
     <span class='ocr_line' id='line_1_47' title="bbox 123 4875 1774 4955; baseline -0.002 -16"><span class='ocrx_word' id='word_1_548' title='bbox 123 4879 204 4951; x_wconf 83' lang='lat' dir='ltr'>rivi,</span> <span class='ocrx_word' id='word_1_549' title='bbox 233 4880 337 4940; x_wconf 90' lang='lat' dir='ltr'>simus</span> <span class='ocrx_word' id='word_1_550' title='bbox 368 4877 585 4955; x_wconf 88' lang='lat' dir='ltr'>conglutinati</span> <span class='ocrx_word' id='word_1_551' title='bbox 618 4878 791 4948; x_wconf 74' lang='lat' dir='ltr'>carmelite,</span> <span class='ocrx_word' id='word_1_552' title='bbox 821 4875 917 4947; x_wconf 87' lang='lat' dir='ltr'>idest,</span> <span class='ocrx_word' id='word_1_553' title='bbox 1013 4880 1131 4940; x_wconf 80' lang='lat' dir='ltr'>Simile</span> <span class='ocrx_word' id='word_1_554' title='bbox 1150 4878 1203 4939; x_wconf 82' lang='lat' dir='ltr'>ost</span> <span class='ocrx_word' id='word_1_555' title='bbox 1219 4892 1366 4953; x_wconf 66' lang='lat' dir='ltr'>regulum</span> <span class='ocrx_word' id='word_1_556' title='bbox 1380 4881 1545 4938; x_wconf 75' lang='lat' dir='ltr'>coetomcm</span> <span class='ocrx_word' id='word_1_557' title='bbox 1564 4879 1682 4937; x_wconf 77' lang='lat' dir='ltr'>decem</span> <span class='ocrx_word' id='word_1_558' title='bbox 1700 4878 1774 4936; x_wconf 81' lang='lat' dir='ltr'>utr-</span> 
     </span>
     <span class='ocr_line' id='line_1_48' title="bbox 123 4973 1411 5053; baseline -0.002 -15"><span class='ocrx_word' id='word_1_559' title='bbox 123 4976 311 5050; x_wconf 89' lang='lat' dir='ltr'>dilectione,</span> <span class='ocrx_word' id='word_1_560' title='bbox 329 4978 361 5039; x_wconf 91' lang='lat' dir='ltr'>et</span> <span class='ocrx_word' id='word_1_561' title='bbox 376 4977 562 5037; x_wconf 73' lang='lat' dir='ltr'>haereamus</span> <span class='ocrx_word' id='word_1_562' title='bbox 578 4974 803 5045; x_wconf 81' lang='lat' dir='ltr'>fundamenta,</span> <span class='ocrx_word' id='word_1_563' title='bbox 820 4974 917 5041; x_wconf 88' lang='lat' dir='ltr'>idest,</span> <span class='ocrx_word' id='word_1_564' title='bbox 973 4979 1108 5053; x_wconf 75' lang='lat' dir='ltr'>parthus</span> <span class='ocrx_word' id='word_1_565' title='bbox 1122 4973 1253 5053; x_wconf 86' lang='lat' dir='ltr'>(Matth.</span> <span class='ocrx_word' id='word_1_566' title='bbox 1269 4990 1347 5044; x_wconf 68' lang='lat' dir='ltr'>xxi,</span> <span class='ocrx_word' id='word_1_567' title='bbox 1367 4973 1411 5051; x_wconf 86' lang='lat' dir='ltr'>l).</span> 
     </span>
     <span class='ocr_line' id='line_1_49' title="bbox 124 5070 1772 5151; baseline -0.005 -14"><span class='ocrx_word' id='word_1_568' title='bbox 124 5076 435 5151; x_wconf 87' lang='lat' dir='ltr'>Christo,tanqua1n</span> <span class='ocrx_word' id='word_1_569' title='bbox 450 5073 555 5134; x_wconf 85' lang='lat' dir='ltr'>stellae</span> <span class='ocrx_word' id='word_1_570' title='bbox 570 5073 605 5133; x_wconf 91' lang='lat' dir='ltr'>in</span> <span class='ocrx_word' id='word_1_571' title='bbox 620 5073 818 5144; x_wconf 89' lang='lat' dir='ltr'>diademate,</span> <span class='ocrx_word' id='word_1_572' title='bbox 833 5073 920 5133; x_wconf 89' lang='lat' dir='ltr'>sicut</span> <span class='ocrx_word' id='word_1_573' title='bbox 1015 5074 1161 5146; x_wconf 88' lang='lat' dir='ltr'>Quatuor</span> <span class='ocrx_word' id='word_1_574' title='bbox 1177 5072 1281 5132; x_wconf 90' lang='lat' dir='ltr'>modis</span> <span class='ocrx_word' id='word_1_575' title='bbox 1296 5072 1495 5147; x_wconf 84' lang='lat' dir='ltr'>intelligitur</span> <span class='ocrx_word' id='word_1_576' title='bbox 1514 5087 1653 5146; x_wconf 88' lang='lat' dir='ltr'>regnum</span> <span class='ocrx_word' id='word_1_577' title='bbox 1669 5070 1772 5131; x_wconf 89' lang='lat' dir='ltr'>coelo-</span> 
     </span>
     <span class='ocr_line' id='line_1_50' title="bbox 124 5169 1771 5250; baseline -0.004 -15"><span class='ocrx_word' id='word_1_578' title='bbox 124 5174 247 5250; x_wconf 88' lang='lat' dir='ltr'>legitur</span> <span class='ocrx_word' id='word_1_579' title='bbox 267 5173 302 5234; x_wconf 94' lang='lat' dir='ltr'>in</span> <span class='ocrx_word' id='word_1_580' title='bbox 321 5170 531 5248; x_wconf 80' lang='lat' dir='ltr'>Apocalypsi,</span> <span class='ocrx_word' id='word_1_581' title='bbox 558 5170 644 5248; x_wconf 91' lang='lat' dir='ltr'>quod</span> <span class='ocrx_word' id='word_1_582' title='bbox 668 5174 813 5232; x_wconf 82' lang='lat' dir='ltr'>loannes</span> <span class='ocrx_word' id='word_1_583' title='bbox 837 5169 921 5230; x_wconf 83' lang='lat' dir='ltr'>vidit</span> <span class='ocrx_word' id='word_1_584' title='bbox 974 5187 1059 5242; x_wconf 87' lang='lat' dir='ltr'>rum,</span> <span class='ocrx_word' id='word_1_585' title='bbox 1082 5169 1247 5240; x_wconf 86' lang='lat' dir='ltr'>videlicet,</span> <span class='ocrx_word' id='word_1_586' title='bbox 1268 5169 1413 5231; x_wconf 88' lang='lat' dir='ltr'>coelestis</span> <span class='ocrx_word' id='word_1_587' title='bbox 1429 5169 1549 5245; x_wconf 87' lang='lat' dir='ltr'>patria,</span> <span class='ocrx_word' id='word_1_588' title='bbox 1574 5169 1689 5229; x_wconf 82' lang='lat' dir='ltr'>sancta</span> <span class='ocrx_word' id='word_1_589' title='bbox 1705 5171 1771 5228; x_wconf 88' lang='lat' dir='ltr'>Ec-</span> 
     </span>
     <span class='ocr_line' id='line_1_51' title="bbox 123 5266 1774 5344; baseline -0.005 -10"><span class='ocrx_word' id='word_1_590' title='bbox 123 5272 295 5334; x_wconf 90' lang='lat' dir='ltr'>mulierem</span> <span class='ocrx_word' id='word_1_591' title='bbox 311 5268 465 5331; x_wconf 88' lang='lat' dir='ltr'>amictam</span> <span class='ocrx_word' id='word_1_592' title='bbox 479 5269 561 5341; x_wconf 90' lang='lat' dir='ltr'>sole,</span> <span class='ocrx_word' id='word_1_593' title='bbox 573 5271 606 5331; x_wconf 89' lang='lat' dir='ltr'>et</span> <span class='ocrx_word' id='word_1_594' title='bbox 619 5269 698 5329; x_wconf 89' lang='lat' dir='ltr'>luna</span> <span class='ocrx_word' id='word_1_595' title='bbox 709 5267 770 5327; x_wconf 90' lang='lat' dir='ltr'>suh</span> <span class='ocrx_word' id='word_1_596' title='bbox 781 5266 919 5344; x_wconf 90' lang='lat' dir='ltr'>pedihus</span> <span class='ocrx_word' id='word_1_597' title='bbox 974 5268 1088 5341; x_wconf 88' lang='lat' dir='ltr'>clesia,</span> <span class='ocrx_word' id='word_1_598' title='bbox 1105 5267 1213 5329; x_wconf 83' lang='lat' dir='ltr'>fidelis</span> <span class='ocrx_word' id='word_1_599' title='bbox 1228 5267 1351 5338; x_wconf 89' lang='lat' dir='ltr'>anima,</span> <span class='ocrx_word' id='word_1_600' title='bbox 1369 5282 1462 5327; x_wconf 86' lang='lat' dir='ltr'>sacra</span> <span class='ocrx_word' id='word_1_601' title='bbox 1484 5267 1669 5342; x_wconf 84' lang='lat' dir='ltr'>Scriptura.</span> <span class='ocrx_word' id='word_1_602' title='bbox 1685 5268 1774 5340; x_wconf 88' lang='lat' dir='ltr'>Reg-</span> 
     </span>
     <span class='ocr_line' id='line_1_52' title="bbox 124 5363 1773 5446; baseline -0.005 -15"><span class='ocrx_word' id='word_1_603' title='bbox 124 5373 208 5446; x_wconf 78' lang='lat' dir='ltr'>eJus‚</span> <span class='ocrx_word' id='word_1_604' title='bbox 232 5368 320 5430; x_wconf 91' lang='lat' dir='ltr'>etin</span> <span class='ocrx_word' id='word_1_605' title='bbox 341 5367 449 5444; x_wconf 88' lang='lat' dir='ltr'>capite</span> <span class='ocrx_word' id='word_1_606' title='bbox 470 5369 543 5444; x_wconf 88' lang='lat' dir='ltr'>ejus</span> <span class='ocrx_word' id='word_1_607' title='bbox 567 5382 724 5428; x_wconf 89' lang='lat' dir='ltr'>coronam</span> <span class='ocrx_word' id='word_1_608' title='bbox 748 5365 919 5427; x_wconf 89' lang='lat' dir='ltr'>stellarum</span> <span class='ocrx_word' id='word_1_609' title='bbox 975 5384 1052 5427; x_wconf 94' lang='lat' dir='ltr'>num</span> <span class='ocrx_word' id='word_1_610' title='bbox 1074 5366 1232 5427; x_wconf 90' lang='lat' dir='ltr'>coelorum</span> <span class='ocrx_word' id='word_1_611' title='bbox 1254 5364 1375 5425; x_wconf 89' lang='lat' dir='ltr'>dicitur</span> <span class='ocrx_word' id='word_1_612' title='bbox 1394 5363 1538 5424; x_wconf 85' lang='lat' dir='ltr'>coelestis</span> <span class='ocrx_word' id='word_1_613' title='bbox 1554 5363 1673 5439; x_wconf 90' lang='lat' dir='ltr'>patria,</span> <span class='ocrx_word' id='word_1_614' title='bbox 1695 5363 1773 5440; x_wconf 87' lang='lat' dir='ltr'>quia</span> 
     </span>
     <span class='ocr_line' id='line_1_53' title="bbox 123 5462 1774 5540; baseline -0.005 -11"><span class='ocrx_word' id='word_1_615' title='bbox 123 5467 308 5529; x_wconf 86' lang='lat' dir='ltr'>duodecim.</span> <span class='ocrx_word' id='word_1_616' title='bbox 324 5465 445 5526; x_wconf 85' lang='lat' dir='ltr'>Mulier</span> <span class='ocrx_word' id='word_1_617' title='bbox 465 5465 524 5525; x_wconf 89' lang='lat' dir='ltr'>illa</span> <span class='ocrx_word' id='word_1_618' title='bbox 546 5465 712 5540; x_wconf 77' lang='lat' dir='ltr'>significat</span> <span class='ocrx_word' id='word_1_619' title='bbox 725 5463 918 5533; x_wconf 89' lang='lat' dir='ltr'>Ecclesiam,</span> <span class='ocrx_word' id='word_1_620' title='bbox 976 5465 1020 5525; x_wconf 90' lang='lat' dir='ltr'>ihi</span> <span class='ocrx_word' id='word_1_621' title='bbox 1036 5465 1177 5540; x_wconf 88' lang='lat' dir='ltr'>regnant</span> <span class='ocrx_word' id='word_1_622' title='bbox 1191 5463 1277 5534; x_wconf 85' lang='lat' dir='ltr'>coeli,</span> <span class='ocrx_word' id='word_1_623' title='bbox 1290 5462 1385 5533; x_wconf 88' lang='lat' dir='ltr'>idest,</span> <span class='ocrx_word' id='word_1_624' title='bbox 1403 5462 1522 5522; x_wconf 80' lang='lat' dir='ltr'>sancti.</span> <span class='ocrx_word' id='word_1_625' title='bbox 1541 5463 1691 5536; x_wconf 86' lang='lat' dir='ltr'>Regnum</span> <span class='ocrx_word' id='word_1_626' title='bbox 1705 5477 1774 5521; x_wconf 87' lang='lat' dir='ltr'>coe·</span> 
     </span>
     <span class='ocr_line' id='line_1_54' title="bbox 124 5558 1772 5644; baseline -0.005 -17"><span class='ocrx_word' id='word_1_627' title='bbox 124 5582 198 5644; x_wconf 81' lang='lat' dir='ltr'>quae</span> <span class='ocrx_word' id='word_1_628' title='bbox 214 5565 286 5625; x_wconf 86' lang='lat' dir='ltr'>erat</span> <span class='ocrx_word' id='word_1_629' title='bbox 300 5563 420 5624; x_wconf 90' lang='lat' dir='ltr'>amicta</span> <span class='ocrx_word' id='word_1_630' title='bbox 438 5563 518 5635; x_wconf 88' lang='lat' dir='ltr'>sole,</span> <span class='ocrx_word' id='word_1_631' title='bbox 535 5562 631 5633; x_wconf 89' lang='lat' dir='ltr'>idest,</span> <span class='ocrx_word' id='word_1_632' title='bbox 645 5561 830 5623; x_wconf 73' lang='lat' dir='ltr'>divinitatis</span> <span class='ocrx_word' id='word_1_633' title='bbox 845 5561 920 5621; x_wconf 90' lang='lat' dir='ltr'>clu·</span> <span class='ocrx_word' id='word_1_634' title='bbox 975 5563 1083 5623; x_wconf 86' lang='lat' dir='ltr'>lorum</span> <span class='ocrx_word' id='word_1_635' title='bbox 1108 5561 1229 5623; x_wconf 85' lang='lat' dir='ltr'>dicitur</span> <span class='ocrx_word' id='word_1_636' title='bbox 1252 5561 1367 5621; x_wconf 87' lang='lat' dir='ltr'>sancta</span> <span class='ocrx_word' id='word_1_637' title='bbox 1389 5558 1547 5629; x_wconf 87' lang='lat' dir='ltr'>Ecclesia,</span> <span class='ocrx_word' id='word_1_638' title='bbox 1569 5558 1648 5634; x_wconf 91' lang='lat' dir='ltr'>quia</span> <span class='ocrx_word' id='word_1_639' title='bbox 1673 5559 1707 5619; x_wconf 92' lang='lat' dir='ltr'>in</span> <span class='ocrx_word' id='word_1_640' title='bbox 1734 5573 1772 5619; x_wconf 89' lang='lat' dir='ltr'>ea</span> 
     </span>
     <span class='ocr_line' id='line_1_55' title="bbox 123 5657 1774 5736; baseline -0.006 -9"><span class='ocrx_word' id='word_1_641' title='bbox 123 5662 233 5727; x_wconf 87' lang='lat' dir='ltr'>ritate.</span> <span class='ocrx_word' id='word_1_642' title='bbox 250 5663 289 5725; x_wconf 86' lang='lat' dir='ltr'>Et</span> <span class='ocrx_word' id='word_1_643' title='bbox 307 5660 386 5722; x_wconf 92' lang='lat' dir='ltr'>luna</span> <span class='ocrx_word' id='word_1_644' title='bbox 401 5660 475 5722; x_wconf 91' lang='lat' dir='ltr'>erat</span> <span class='ocrx_word' id='word_1_645' title='bbox 497 5658 559 5721; x_wconf 86' lang='lat' dir='ltr'>suh</span> <span class='ocrx_word' id='word_1_646' title='bbox 575 5658 712 5736; x_wconf 88' lang='lat' dir='ltr'>pedihus</span> <span class='ocrx_word' id='word_1_647' title='bbox 731 5660 814 5734; x_wconf 84' lang='lat' dir='ltr'>ejus,</span> <span class='ocrx_word' id='word_1_648' title='bbox 836 5658 923 5721; x_wconf 82' lang='lat' dir='ltr'>idest</span> <span class='ocrx_word' id='word_1_649' title='bbox 977 5663 1054 5724; x_wconf 88' lang='lat' dir='ltr'>sunt</span> <span class='ocrx_word' id='word_1_650' title='bbox 1068 5659 1163 5722; x_wconf 88' lang='lat' dir='ltr'>mulii</span> <span class='ocrx_word' id='word_1_651' title='bbox 1178 5676 1285 5736; x_wconf 88' lang='lat' dir='ltr'>reges,</span> <span class='ocrx_word' id='word_1_652' title='bbox 1304 5659 1400 5730; x_wconf 88' lang='lat' dir='ltr'>idest,</span> <span class='ocrx_word' id='word_1_653' title='bbox 1418 5657 1524 5719; x_wconf 85' lang='lat' dir='ltr'>sancti</span> <span class='ocrx_word' id='word_1_654' title='bbox 1539 5672 1681 5733; x_wconf 90' lang='lat' dir='ltr'>quorum</span> <span class='ocrx_word' id='word_1_655' title='bbox 1698 5672 1774 5717; x_wconf 91' lang='lat' dir='ltr'>con·</span> 
     </span>
    </p>
   </div>
   <div class='ocr_carea' id='block_1_4' title="bbox 0 0 1910 6164">
    <p class='ocr_par' dir='ltr' id='par_1_4' title="bbox 0 0 1910 6164">
     <span class='ocr_line' id='line_1_56' title="bbox 0 0 1910 6164; baseline 0 0"><span class='ocrx_word' id='word_1_656' title='bbox 0 0 1910 6164; x_wconf 95' lang='lat' dir='ltr'> </span> 
     </span>
    </p>
   </div>
  </div>
 </body>
</html>
