3802 6166
119 300 180 365 189
412 294 499 357 xvi.
514 324 555 340 -
575 276 626 357 IN*
642 292 773 356 basra
796 290 1053 356 SANCTORUM
1073 290 1252 357 ioannis
1273 294 1326 357 ΕΤ
1346 294 1485 359 Phuni.
1719 298 1779 361 ibo

120 459 255 529 tratres,
271 456 351 535 quia
366 454 406 519 de
415 471 483 516 nno
498 454 597 518 Patre
611 456 679 516 Deo
692 453 725 516 et
736 468 804 517 una
816 452 922 515 matre
975 451 1124 530 virgines
1138 452 1241 516 sortes
1251 455 1388 535 propter
1402 471 1537 519 carnem
1550 456 1777 537 incorruptam

119 556 270 619 Ecclesia
279 554 460 616 sectandum
469 553 611 630 gratiam
622 553 692 615 nati
703 555 792 613 sunt.
800 552 923 628 AEqua·
977 568 1051 628 quaa
1066 551 1161 614 sortis
1184 554 1234 615 est
1252 554 1293 615 ad
1312 554 1534 616 resistendum
1548 556 1650 619 vitiis.
1668 558 1775 631 Unda,

119 654 236 727 litatis,
252 653 329 731 quia
343 651 488 729 aequales
501 652 682 713 creduntur
693 666 766 712 esse
779 650 920 722 maritis,
977 650 1055 727 quia
1073 650 1162 712 istud
1182 667 1259 712 raro
1282 651 1414 724 accidit,
1431 654 1592 730 quaeritur
1607 655 1676 717 sic:
1691 660 1776 718 Ma·-
1882 664 1885 675 ·

121 753 208 816 sicut
221 752 256 813 in
271 750 437 829 passione.
448 752 494 810 De
504 748 712 811 fraternitate
723 746 922 826 aequalitatis
976 752 1097 811 tiara-m
1114 751 1242 824 sartam
1258 754 1335 825 quis
1353 754 1530 815 taaaeatctt
1543 751 1655 833 (Prov.
1679 772 1775 830 xxxr,

121 850 244 913 dicitur
268 850 303 910 in
327 847 517 910 Proverbiis
532 869 540 907 ε
555 849 742 913 Quamottls
760 847 793 908 at
812 848 924 907 (tissa-
978 846 1042 926 10).
1071 847 1193 909 Mulier
1219 848 1387 925 significat
1412 866 1558 912 carnem.
1588 852 1667 914 Vult
1696 869 1776 931 ergo

122 950 213 1012 lartius
227 947 282 1010 cst
291 951 328 1009 iu
341 961 444 1022 opere
458 960 531 1018 sua,
542 947 658 1020 frater
671 945 723 1007 est
736 960 802 1006 saa
817 958 923 1019 opera
978 945 1089 1006 dicere
1106 967 1113 1005 :
1136 946 1214 1018 Quis
1239 946 1386 1009 inveniet
1405 964 1539 1010 carnem
1561 949 1690 1024 tortam,
1705 966 1780 1029 quae

123 1047 325 1121 dissipantis
344 1044 457 1124 (Prov.
474 1059 570 1117 nv111,
589 1042 635 1123 9),
658 1043 745 1105 idest
768 1040 919 1118 aequalis.
977 1044 1104 1105 tantam
1120 1045 1203 1105 solet
1215 1044 1338 1106 habere
1353 1045 1588 1122 fragilitateml

124 1143 330 1214 Dilectionis,
344 1142 422 1219 quia
437 1142 472 1201 in
487 1141 555 1202 vita
579 1156 640 1202 sua
666 1139 856 1202 dilexerunt
874 1154 921 1210 se,
1019 1143 1355 1220 Quatuorquadrigae,
1368 1145 1510 1220 quatuor
1517 1145 1707 1222 Evangelia,
1724 1145 1779 1209 vel

124 1244 155 1305 at
174 1242 211 1302 in
237 1242 344 1302 morte
370 1256 436 1301 non
465 1241 543 1301 suut
572 1239 730 1315 separati,
752 1238 829 1315 quia
856 1252 922 1298 uno
979 1237 1122 1314 quatuor
1131 1238 1237 1299 status
1248 1238 1405 1301 Ecclesiae
1422 1241 1509 1313 suut,
1523 1241 1662 1311 scilicet,
1672 1243 1780 1318 apos-
1873 1300 1878 1319 ,

125 1339 297 1418 martyrio,
313 1337 520 1415 martyrizati
531 1338 617 1409 suant,
634 1338 668 1398 et
680 1337 714 1397 in
729 1352 796 1396 uno
812 1335 926 1412 sepul·
979 1335 1132 1408 tolorum,
1157 1336 1353 1414 Martyrum,
1378 1336 1623 1409 consessorum,
1647 1339 1679 1400 et
1700 1339 1780 1400 Vir-

126 1438 205 1499 chro
229 1436 362 1514 sepulti.
393 1436 488 1497 Unde
515 1435 606 1496 canit
626 1435 775 1496 Ecclesia
790 1451 798 1494 :
812 1436 926 1495 «Hauc
980 1433 1106 1508 ginum.
1122 1435 1193 1495 Duo
1217 1436 1346 1496 montes
1362 1434 1402 1496 de
1427 1434 1546 1512 quibus
1559 1437 1778 1513 egrediuntur

127 1536 274 1599 cstaera
288 1533 497 1609 aeternitas
512 1548 588 1607 quara
606 1547 796 1607 saumquam
812 1530 926 1606 potua
980 1531 1053 1592 istae
1066 1534 1208 1608 quatuor
1222 1531 1392 1610 quadrigae
1399 1534 1476 1595 sunt
1486 1532 1644 1595 divinitas
1656 1533 1779 1595 Christi

127 1635 251 1695 statari
264 1632 467 1702 cartam-iac,
487 1635 569 1705 quaa
589 1646 680 1694 arares
700 1630 767 1706 saa-tt
781 1629 926 1703 spirtius
981 1629 1013 1690 et
1027 1627 1228 1691 humanitas.
1241 1631 1288 1691 Da
1298 1630 1417 1709 quibus
1429 1630 1596 1692 montibus
1612 1631 1781 1693 diciturin

127 1734 162 1791 ta
176 1732 228 1791 eis
243 1729 278 1790 ct
292 1743 363 1789 aum
377 1729 462 1799 fidas
472 1744 502 1788 s.
980 1729 1080 1789 Amos
1093 1748 1100 1787 :
1112 1730 1156 1789 Ia
1170 1731 1228 1790 ttta
1242 1732 1298 1791 dte
1318 1730 1492 1791 stillabunt
1507 1729 1643 1792 caelatas
1666 1732 1781 1792 dadoe-

164 1828 207 1889 Hi
229 1826 308 1887 sunt
327 1824 404 1902 equi
424 1824 486 1885 rull
522 1824 562 1886 de
584 1823 703 1903 quibus
726 1823 867 1899 legimus
891 1821 927 1883 in
982 1828 1095 1887 diuzam
1127 1823 1780 1906 (Amosix,13).1stimontessuntaerai.

128 1923 307 1988 Zacharia:
325 1925 539 1984 «Conversus
555 1924 673 1984 sumet
686 1922 795 1984 levavi
813 1918 927 1983 oculos
982 1923 1021 1984 El
1037 1923 1120 1985 duas
1142 1923 1242 1985 habet
1263 1925 1484 2001 proprietates
1505 1941 1550 1987 aas
1568 1947 1575 1985 :
1591 1927 1641 1987 est
1661 1925 1780 1985 durum

129 2018 927 2098 meosetvidi3eteccequatuorquadrigaeegre-
982 2021 1722 2101 etsonarum.DuritiaconvenitDeitati,quae
1731 2022 1784 2086 est

130 2121 256 2182 dientes
269 2119 428 2181 demedio
443 2119 584 2181 duorum
598 2118 770 2189 montium,
785 2118 818 2178 et
832 2132 929 2178 mon·
982 2118 1176 2180 indeficiens
1189 2121 1221 2181 et
1233 2120 1508 2197 incorruptibilis.
1525 2120 1783 2182 Sonoritascon·

130 2220 188 2291 tes,
211 2218 341 2278 montes
364 2217 454 2277 aerei.
485 2218 522 2277 In
546 2215 707 2293 quadriga
729 2215 836 2292 prima
851 2213 928 2290 equi
982 2216 1074 2278 venit
1092 2216 1302 2279 humanitati.
1329 2220 1367 2277 Iu
1388 2233 1518 2301 omnem
1542 2219 1630 2279 enim
1654 2220 1781 2279 terram

131 2316 204 2387 ruli,
221 2316 257 2375 in
273 2315 434 2392 quadriga
446 2314 590 2375 secunda
602 2314 678 2390 eqni
687 2313 786 2389 nigri,
798 2313 834 2373 in
845 2327 930 2388 qna·
983 2315 1137 2377 convenit
1152 2331 1253 2376 sonus
1268 2318 1340 2392 ejus
1355 2316 1388 2376 et
1401 2331 1545 2376 suorum.
1569 2316 1611 2376 Hi
1627 2317 1705 2377 saint
1723 2315 1782 2393 qui

130 2414 224 2491 drigu
243 2413 342 2474 tertia
362 2413 438 2489 eqni
460 2412 538 2484 albi,
567 2412 602 2472 in
624 2411 786 2490 quadriga
810 2411 929 2487 quarta
983 2412 1183 2490 acceperunt
1197 2413 1305 2473 locum
1325 2411 1440 2474 subtus
1455 2413 1560 2474 altare
1575 2414 1646 2485 Dei,
1668 2429 1784 2474 seeun-

130 2510 305 2591 aquivarii
320 2511 433 2587 (Zaah.
452 2511 532 2582 v1,1
558 2507 713 2587 etseq).
739 2512 804 2569 Per
826 2523 929 2585 equos
983 2511 1061 2571 dum
1090 2510 1176 2588 quod
1202 2510 1324 2586 iegitur
1349 2511 1384 2570 in
1413 2510 1612 2589 Apocalypsi
1637 2527 1644 2570 :
1670 2511 1782 2573 «Cum

131 2610 250 2671 rubros
266 2608 497 2684 significantur
504 2607 663 2684 Apostoli,
676 2607 732 2684 qui
741 2607 774 2667 in
785 2604 928 2668 Jeremia
984 2626 1002 2670 a
1025 2608 1234 2686 aperuissent
1246 2609 1396 2687 quintum
1408 2608 1566 2685 sigillum,
1583 2608 1651 2669 vidi
1667 2608 1783 2670 subtus

134 2708 289 2769 dicuutur
308 2705 562 2767 rubicundiores
575 2704 675 2766 ebore
695 2704 842 2781 antiquo.
860 2703 930 2765 Nec
984 2725 1002 2769 a
1024 2706 1130 2769 altare
1145 2707 1273 2767 animas
1289 2705 1536 2768 interfectorum
1553 2708 1687 2784 propter
1700 2722 1783 2768 ver-

132 2807 251 2867 mirum
267 2805 297 2865 si
312 2805 390 2865 sunt
399 2802 588 2875 rubicundi,
608 2803 684 2880 quia
700 2818 801 2879 super
815 2817 929 2863 omues
984 2822 1002 2865 u
1022 2805 1100 2865 bum
1129 2805 1201 2877 Dei,
1230 2805 1262 2867 et
1291 2805 1426 2881 propter
1442 2804 1669 2866 testimonium
1696 2803 1783 2882 quod

133 2904 216 2965 alios
234 2902 331 2964 erant
344 2902 422 2978 igne
442 2901 616 2963 charitatis
641 2901 785 2962 accensi.
806 2902 852 2961 De
866 2915 929 2977 qno
984 2922 1002 2964 a
1024 2902 1200 2965 habebant.
1228 2905 1268 2965 Et
1282 2902 1469 2964 clamabant
1486 2918 1568 2964 voce
1583 2918 1703 2979 magna
1725 2901 1782 2963 di-

133 2999 927 3079 ignedicitur:anauaoeaimitterctaterram,
984 3004 1136 3064 «centes
1153 3023 1160 3062 :
1178 3003 1367 3079 Usqueqno,
1395 3000 1544 3073 Domine,
1577 3001 1710 3061 sanctus
1750 3001 1784 3063 at

133 3100 163 3160 ct
176 3101 260 3173 quia
272 3103 346 3159 voto
370 3100 438 3158 atsi
458 3098 497 3158 ut
515 3097 661 3158 ardeat?
676 3093 770 3174 (Luc.
786 3111 846 3168 111,
864 3093 928 3174 49).
984 3118 1002 3161 a
1024 3116 1124 3161 verus
1143 3114 1209 3160 non
1225 3099 1376 3160 vindicas
1397 3098 1593 3174 sanguinem
1614 3098 1785 3160 nostruml

132 3194 833 3273 Peraquosalbossigniilcanturmartyres.
845 3196 930 3255 Nam
985 3215 1003 3258 u
1025 3199 1064 3259 nt
1085 3197 1171 3259 datae
1190 3197 1267 3258 sunt
1282 3196 1349 3256 iliis
1373 3196 1515 3271 singulae
1531 3195 1624 3257 stolae
1640 3194 1736 3268 albae,
1752 3193 1786 3256 et

133 3294 169 3356 de
184 3292 389 3371 martyribus
404 3293 526 3354 dicitur
541 3309 548 3353 :
565 3294 630 3354 Isti
647 3293 729 3354 sacrat
750 3296 808 3367 qut
822 3305 929 3353 acrae·
985 3313 1003 3356 u
1026 3296 1148 3358 dictum
1177 3295 1227 3357 est
1264 3294 1331 3355 illis
1361 3295 1399 3354 ul
1418 3294 1630 3370 quiescerent
1655 3295 1784 3369 tempus

133 3394 215 3455 marat
230 3407 279 3454 eac
303 3406 432 3468 annana
454 3391 684 3463 trlbzaattaae,
708 3391 743 3452 ct
769 3391 930 3452 lacerarat
986 3391 1785 3468 aadhucmodicum,donecimpleaturnumerus
1873 3390 1877 3395 '

134 3492 235 3553 statas
247 3505 342 3558 muas,
353 3487 639 3568 etgaeaaaveaaa
648 3491 750 3549 easta
762 3489 931 3565 saraptana
985 3491 1215 3552 «sauctorum
1236 3505 1350 3550 eorum
1374 3489 1430 3565 qui
1460 3488 1682 3549 interficiendi
1706 3487 1784 3549 sunt

134 3591 222 3665 Agrai
247 3586 362 3666 (Apoc.
384 3601 445 3659 vn,
470 3584 533 3665 14).
560 3585 644 3659 Quia
666 3600 746 3661 ergo
767 3583 931 3660 martyres
986 3606 1004 3650 a
1027 3587 1112 3648 sicut
1135 3584 1354 3664 etilii(hpoc.
1370 3600 1415 3657 vr,
1431 3586 1451 3645 9
1465 3582 1635 3663 etseq.).»

70 3732 75 3743 .
135 3685 281 3748 dealbati
297 3686 422 3747 suntin
445 3684 607 3761 sanguine
625 3683 758 3754 Christi,
779 3681 862 3743 bene
882 3681 931 3742 si·
1027 3686 1069 3746 iii
1082 3683 1225 3761 suntqui
1238 3682 1524 3759 accipiuntloaum
1536 3680 1650 3743 subtus
1665 3679 1783 3754 altare,

135 3784 337 3860 gniticantur
357 3798 417 3860 per
438 3797 540 3860 equos
557 3781 661 3843 albos.
685 3783 724 3842 Et
745 3781 824 3842 nota
845 3779 931 3857 quod
986 3786 1019 3846 et
1042 3782 1186 3845 clamant
1207 3797 1266 3858 pra
1286 3780 1432 3843 vindicta
1453 3795 1526 3857 quae
1550 3778 1607 3840 liet
1623 3779 1658 3840 in
1673 3778 1785 3841 tuturo

136 3881 300 3943 dealbatio
325 3881 508 3958 martyrum
531 3880 567 3940 in
589 3879 752 3955 sanguine
774 3877 860 3954 agni
882 3880 932 3939 ost
982 3881 1120 3961 judicio.
1136 3882 1207 3941 Hoc
1221 3881 1294 3940 est:
1311 3879 1466 3940 ardenter
1475 3876 1787 3956 appetunttuturum

136 3979 299 4041 munditia
323 3979 393 4039 sive
413 3978 542 4038 novitas
561 3979 649 4049 vitae,
671 3993 744 4055 quae
764 3975 933 4038 confertur
983 3978 1157 4058 judicium,
1187 3978 1223 4038 in
1252 3994 1316 4056 quo
1348 3977 1516 4038 habebunt
1549 3976 1651 4037 stolas
1677 3974 1784 4044 albas,

137 4093 177 4139 ex
189 4077 345 4155 passione
355 4075 488 4136 Christi.
987 4078 1072 4139 idest
1082 4091 1221 4154 corpora
1234 4075 1391 4150 gloriosa.
1420 4072 1513 4136 Unde
1529 4074 1679 4151 sequitur
1693 4088 1701 4132 t
1715 4076 1788 4135 Da·

174 4180 242 4238 Per
253 4190 356 4252 equos
364 4173 477 4249 nigros
489 4172 719 4249 significantur
726 4172 933 4234 confessores
989 4175 1117 4237 trasauat
1132 4174 1401 4236 ttttsstotoeatboe.
1416 4174 1456 4233 Et
1469 4172 1548 4233 nota
1565 4171 1651 4249 quod
1666 4171 1784 4243 altare,

137 4273 192 4352 qui
225 4276 310 4335 aestu
336 4271 537 4349 peonitentiae
569 4271 718 4331 nativum
751 4270 934 4331 amiserunt
988 4273 1066 4352 qnia
1079 4271 1221 4332 solidum
1233 4271 1284 4331 est
1298 4269 1546 4347 etquadratnm‚
1562 4269 1784 4330 stabilitatem

136 4372 292 4434 colorem.
322 4366 415 4431 Unde
437 4367 518 4430 dicit
538 4369 703 4446 poenitens
722 4369 758 4429 in
782 4367 931 4430 cantico:
989 4368 1156 4447 algnitlcat
1178 4368 1256 4429 vitae
1276 4366 1408 4439 futurae,
1427 4369 1522 4444 cuy’us
1546 4366 1622 4427 vitae
1644 4365 1786 4441 gloriam

134 4469 353 4531 decoloravit
375 4481 431 4529 ma
449 4472 508 4528 sot.
535 4466 576 4527 Et
600 4466 635 4526 in
660 4465 775 4527 eodem
792 4487 800 4526 ι
820 4469 934 4543 Nigra
989 4467 1096 4530 sancti
1114 4482 1181 4527 non
1205 4463 1374 4526 laubabunt
1396 4464 1438 4525 ad
1461 4464 1595 4542 plenum
1620 4460 1786 4540 usquead

134 4568 293 4639 sum,sad
303 4568 468 4640 saraaaosa.
480 4566 656 4640 Perequas
667 4563 779 4624 varios
790 4562 934 4625 ettortes
989 4567 1076 4627 diem
1084 4564 1215 4643 judicii.
1240 4563 1333 4625 Unda
1353 4563 1472 4624 animae
1489 4562 1678 4623 sanctorum
1693 4559 1788 4619 desi-

136 4663 368 4741 signillcantur
395 4661 545 4739 virgines
567 4661 741 4739 inquibus
768 4661 934 4737 multipli-
990 4665 1108 4726 derant
1126 4662 1273 4724 futurum
1293 4661 1467 4738 judicium.
1488 4662 1526 4721 Et
1547 4657 1634 4719 istud
1655 4654 1789 4717 deside-

135 4764 218 4825 citas
234 4763 268 4824 et
279 4761 425 4822 varietas
439 4760 667 4822 estvirtutum.
683 4759 776 4821 Unde
792 4760 831 4819 de
847 4775 933 4836 qua·
989 4763 1076 4824 rium
1091 4762 1141 4823 est
1156 4760 1282 4821 clamor
1296 4774 1421 4820 eorum.
1438 4756 1578 4833 Propter
1590 4754 1653 4815 hoc
1666 4753 1790 4815 dicitnr

135 4860 216 4922 libet
248 4859 380 4934 virgine
417 4856 607 4934 specialiter
626 4856 748 4918 dicitur
777 4878 785 4916 :
815 4857 936 4918 Astitit
991 4860 1076 4940 quad
1090 4859 1167 4919 sunt
1181 4858 1297 4919 subtus
1310 4857 1427 4917 altare.
1443 4853 1597 4915 Nondum
1611 4852 1700 4913 enim
1722 4851 1789 4913 ha-

135 4963 268 5036 chiaa
290 4972 313 5018 a
334 4957 470 5018 (tastris
485 4956 553 5017 tais
563 4958 601 5016 ta
614 4955 742 5017 castita
755 4955 934 5024 decaecato,
990 4959 1068 5020 beni
1083 4955 1296 5018 eminentiam
1311 4953 1431 5013 suturae
1445 4950 1572 5029 gloriae.
1589 4949 1684 5013 Unde
1694 4947 1793 5010 Psal-

134 5054 397 5118 circamaaa’cta
419 5054 592 5115 varietate
615 5050 685 5131 (Ps.
712 5056 763 5126 44,
787 5051 851 5131 10),
873 5052 936 5114 hoc
991 5073 1064 5118 mus
1087 5055 1169 5118 dicit
1191 5054 1226 5115 in
1250 5066 1393 5130 persona
1426 5049 1571 5111 hominis
1591 5047 1786 5110 morientis:

135 5154 370 5228 satiabimini
385 5149 641 5228 multiplicitate·
657 5151 714 5213 Est
728 5150 816 5211 enim
831 5150 938 5227 virgi-
992 5155 1212 5225 Coracertare,
1228 5153 1346 5212 aui-aaa
1360 5163 1450 5222 anca,
1464 5151 1502 5209 ta
1513 5149 1668 5222 requiam
1681 5147 1790 5217 trram,

134 5252 266 5316 nitasin
275 5248 594 5325 integritatecarnis,
602 5249 676 5310 etin
686 5248 936 5326 incorruptione
991 5257 1072 5329 quta
1095 5254 1262 5314 acanthus
1286 5248 1441 5321 beraalicit
1463 5248 1523 5307 tibt
1549 5242 1618 5324 (Ps.
1645 5244 1715 5316 114,
1740 5240 1789 5323 7).

135 5350 269 5412 mentis.
294 5347 425 5409 Dicitur
448 5347 558 5407 autern
584 5345 619 5406 in
632 5345 730 5406 Libro
745 5345 934 5423 Sapientiae,
992 5353 1088 5413 Nunc
1111 5349 1206 5421 bene,
1232 5346 1288 5408 sed
1315 5346 1349 5407 in
1373 5342 1616 5423 glorificatione
1642 5338 1793 5418 corporis

136 5448 222 5527 quod
243 5444 453 5522 incorruptio
474 5443 554 5505 iacit
565 5442 753 5521 proximum
768 5458 842 5505 asse
856 5446 935 5518 Dea,
993 5449 1125 5528 optime.
1143 5446 1237 5511 Unde
1252 5446 1289 5506 in
1309 5444 1436 5522 psalmo
1456 5440 1662 5517 :ramaneat
1686 5452 1793 5513 saper

137 5549 168 5609 et
181 5543 358 5609 ideobene
373 5542 741 5619 dicituratrataascsse
754 5542 935 5616 arteatrts,
992 5548 1103 5610 (utare
1139 5546 1237 5607 taurana
1271 5544 1407 5606 altadas.
1436 5542 1528 5601 'runc
1564 5534 1672 5607 vituli,
1705 5534 1793 5597 idest

136 5645 214 5724 quia
228 5642 389 5707 hanutur
407 5639 591 5720 potioribus
608 5638 715 5702 bonis.
740 5641 824 5704 Sunt
837 5641 938 5704 etiam
993 5643 1100 5707 sancti
1128 5641 1186 5721 qui
1224 5640 1301 5703 sunt
1330 5636 1524 5702 holocausta
1559 5634 1594 5694 in
1626 5629 1791 5694 sacrificio
