<?xml version="1.0" encoding="UTF-8"?>
<!DOCTYPE html PUBLIC "-//W3C//DTD XHTML 1.0 Transitional//EN"
    "http://www.w3.org/TR/xhtml1/DTD/xhtml1-transitional.dtd">
<html xmlns="http://www.w3.org/1999/xhtml" xml:lang="en" lang="en">
 <head>
  <title>
</title>
<meta http-equiv="Content-Type" content="text/html;charset=utf-8" />
  <meta name='ocr-system' content='tesseract 3.04.00' />
  <meta name='ocr-capabilities' content='ocr_page ocr_carea ocr_par ocr_line ocrx_word'/>
</head>
<body>
  <div class='ocr_page' id='page_1' title='image "./mediiaevibiblio02horogoog_0527.png"; bbox 0 0 3802 6166; ppageno 0'>
   <div class='ocr_carea' id='block_1_1' title="bbox 134 192 1782 305">
    <p class='ocr_par' dir='ltr' id='par_1_1' title="bbox 134 192 1782 305">
     <span class='ocr_line' id='line_1_1' title="bbox 134 192 1782 305; baseline -0.001 -1"><span class='ocrx_word' id='word_1_1' title='bbox 134 242 192 305; x_wconf 75' lang='lat' dir='ltr'>:m</span> <span class='ocrx_word' id='word_1_2' title='bbox 760 192 989 300; x_wconf 75' lang='lat' dir='ltr'>erraneum.</span> <span class='ocrx_word' id='word_1_3' title='bbox 1013 236 1091 301; x_wconf 80' lang='lat' dir='ltr'>ura.</span> <span class='ocrx_word' id='word_1_4' title='bbox 1116 238 1157 301; x_wconf 91' lang='lat' dir='ltr'>n.</span> <span class='ocrx_word' id='word_1_5' title='bbox 1722 244 1782 305; x_wconf 70' lang='lat' dir='ltr'>aas</span> 
     </span>
    </p>
   </div>
   <div class='ocr_carea' id='block_1_2' title="bbox 104 396 1822 3263">
    <p class='ocr_par' dir='ltr' id='par_1_2' title="bbox 104 396 1822 3263">
     <span class='ocr_line' id='line_1_2' title="bbox 127 396 1822 484; baseline -0.001 -17"><span class='ocrx_word' id='word_1_6' title='bbox 127 403 358 484; x_wconf 85' lang='lat' dir='ltr'>praejudicium</span> <span class='ocrx_word' id='word_1_7' title='bbox 370 398 561 466; x_wconf 87' lang='lat' dir='ltr'>earumdem</span> <span class='ocrx_word' id='word_1_8' title='bbox 574 398 680 479; x_wconf 88' lang='lat' dir='ltr'>adjus</span> <span class='ocrx_word' id='word_1_9' title='bbox 693 402 726 463; x_wconf 88' lang='lat' dir='ltr'>et</span> <span class='ocrx_word' id='word_1_10' title='bbox 737 399 928 479; x_wconf 88' lang='lat' dir='ltr'>propriata-</span> <span class='ocrx_word' id='word_1_11' title='bbox 981 396 1162 479; x_wconf 89' lang='lat' dir='ltr'>episcopali</span> <span class='ocrx_word' id='word_1_12' title='bbox 1172 400 1259 477; x_wconf 90' lang='lat' dir='ltr'>jure,</span> <span class='ocrx_word' id='word_1_13' title='bbox 1276 396 1382 473; x_wconf 83' lang='lat' dir='ltr'>robis,</span> <span class='ocrx_word' id='word_1_14' title='bbox 1398 400 1432 463; x_wconf 89' lang='lat' dir='ltr'>et</span> <span class='ocrx_word' id='word_1_15' title='bbox 1445 414 1569 479; x_wconf 84' lang='lat' dir='ltr'>perros</span> <span class='ocrx_word' id='word_1_16' title='bbox 1586 401 1692 464; x_wconf 85' lang='lat' dir='ltr'>aldem</span> <span class='ocrx_word' id='word_1_17' title='bbox 1707 402 1781 466; x_wconf 82' lang='lat' dir='ltr'>llos·</span> <span class='ocrx_word' id='word_1_18' title='bbox 1817 400 1822 415; x_wconf 76' lang='lat'><strong>¹</strong></span> 
     </span>
     <span class='ocr_line' id='line_1_3' title="bbox 127 496 1780 580; baseline -0.001 -14"><span class='ocrx_word' id='word_1_19' title='bbox 127 508 192 566; x_wconf 89' lang='lat' dir='ltr'>tem</span> <span class='ocrx_word' id='word_1_20' title='bbox 206 504 366 580; x_wconf 89' lang='lat' dir='ltr'>ipsarum,</span> <span class='ocrx_word' id='word_1_21' title='bbox 379 500 514 578; x_wconf 88' lang='lat' dir='ltr'>accepta</span> <span class='ocrx_word' id='word_1_22' title='bbox 525 498 782 578; x_wconf 88' lang='lat' dir='ltr'>opportunitate,</span> <span class='ocrx_word' id='word_1_23' title='bbox 796 498 929 561; x_wconf 80' lang='lat' dir='ltr'>studeat</span> <span class='ocrx_word' id='word_1_24' title='bbox 981 496 1076 574; x_wconf 83' lang='lat' dir='ltr'>pituli</span> <span class='ocrx_word' id='word_1_25' title='bbox 1103 497 1301 561; x_wconf 84' lang='lat' dir='ltr'>auctoritate</span> <span class='ocrx_word' id='word_1_26' title='bbox 1322 498 1511 577; x_wconf 84' lang='lat' dir='ltr'>Apostolica</span> <span class='ocrx_word' id='word_1_27' title='bbox 1534 499 1780 573; x_wconf 83' lang='lat' dir='ltr'>confirmamus,</span> 
     </span>
     <span class='ocr_line' id='line_1_4' title="bbox 126 593 1784 674; baseline -0.004 -10"><span class='ocrx_word' id='word_1_28' title='bbox 126 616 296 664; x_wconf 86' lang='lat' dir='ltr'>revocare.</span> <span class='ocrx_word' id='word_1_29' title='bbox 325 600 481 662; x_wconf 83' lang='lat' dir='ltr'>volentes</span> <span class='ocrx_word' id='word_1_30' title='bbox 508 600 619 662; x_wconf 87' lang='lat' dir='ltr'>autem</span> <span class='ocrx_word' id='word_1_31' title='bbox 648 598 707 661; x_wconf 91' lang='lat' dir='ltr'>tibi</span> <span class='ocrx_word' id='word_1_32' title='bbox 735 598 768 659; x_wconf 91' lang='lat' dir='ltr'>et</span> <span class='ocrx_word' id='word_1_33' title='bbox 794 598 927 674; x_wconf 75' lang='lat' dir='ltr'>negotio</span> <span class='ocrx_word' id='word_1_34' title='bbox 981 595 1015 654; x_wconf 86' lang='lat' dir='ltr'>et</span> <span class='ocrx_word' id='word_1_35' title='bbox 1043 593 1217 670; x_wconf 85' lang='lat' dir='ltr'>praesentis</span> <span class='ocrx_word' id='word_1_36' title='bbox 1244 594 1360 674; x_wconf 86' lang='lat' dir='ltr'>scripti</span> <span class='ocrx_word' id='word_1_37' title='bbox 1386 594 1571 672; x_wconf 90' lang='lat' dir='ltr'>patrocinio</span> <span class='ocrx_word' id='word_1_38' title='bbox 1598 597 1784 658; x_wconf 89' lang='lat' dir='ltr'>communi-</span> 
     </span>
     <span class='ocr_line' id='line_1_5' title="bbox 127 692 1784 777; baseline -0.002 -17"><span class='ocrx_word' id='word_1_39' title='bbox 127 700 220 777; x_wconf 90' lang='lat' dir='ltr'>pacis</span> <span class='ocrx_word' id='word_1_40' title='bbox 236 700 373 777; x_wconf 85' lang='lat' dir='ltr'>paterna</span> <span class='ocrx_word' id='word_1_41' title='bbox 396 696 620 760; x_wconf 86' lang='lat' dir='ltr'>sollicitudine</span> <span class='ocrx_word' id='word_1_42' title='bbox 638 711 838 775; x_wconf 71' lang='lat' dir='ltr'>praecavare,</span> <span class='ocrx_word' id='word_1_43' title='bbox 863 694 927 773; x_wconf 90' lang='lat' dir='ltr'>ipsi</span> <span class='ocrx_word' id='word_1_44' title='bbox 982 692 1288 765; x_wconf 73' lang='lat' dir='ltr'>muscatatuantes,</span> <span class='ocrx_word' id='word_1_45' title='bbox 1318 694 1355 755; x_wconf 90' lang='lat' dir='ltr'>ut</span> <span class='ocrx_word' id='word_1_46' title='bbox 1383 694 1558 771; x_wconf 83' lang='lat' dir='ltr'><strong>postquam</strong></span> <span class='ocrx_word' id='word_1_47' title='bbox 1580 692 1622 756; x_wconf 87' lang='lat' dir='ltr'>ab</span> <span class='ocrx_word' id='word_1_48' title='bbox 1648 711 1700 769; x_wconf 92' lang='lat' dir='ltr'>eo,</span> <span class='ocrx_word' id='word_1_49' title='bbox 1726 696 1784 775; x_wconf 87' lang='lat' dir='ltr'>qui</span> 
     </span>
     <span class='ocr_line' id='line_1_6' title="bbox 126 790 1783 882; baseline -0.001 -24"><span class='ocrx_word' id='word_1_50' title='bbox 126 798 283 875; x_wconf 90' lang='lat' dir='ltr'>episcopo</span> <span class='ocrx_word' id='word_1_51' title='bbox 298 797 333 857; x_wconf 94' lang='lat' dir='ltr'>in</span> <span class='ocrx_word' id='word_1_52' title='bbox 348 795 470 859; x_wconf 80' lang='lat' dir='ltr'>virtute</span> <span class='ocrx_word' id='word_1_53' title='bbox 485 794 682 857; x_wconf 82' lang='lat' dir='ltr'>obedientiae</span> <span class='ocrx_word' id='word_1_54' title='bbox 698 794 848 857; x_wconf 89' lang='lat' dir='ltr'>districte</span> <span class='ocrx_word' id='word_1_55' title='bbox 864 794 926 855; x_wconf 88' lang='lat' dir='ltr'>de·</span> <span class='ocrx_word' id='word_1_56' title='bbox 982 804 1072 850; x_wconf 91' lang='lat' dir='ltr'>nunc</span> <span class='ocrx_word' id='word_1_57' title='bbox 1095 790 1242 868; x_wconf 86' lang='lat' dir='ltr'><strong>possidet</strong></span> <span class='ocrx_word' id='word_1_58' title='bbox 1262 791 1365 864; x_wconf 89' lang='lat' dir='ltr'>illam,</span> <span class='ocrx_word' id='word_1_59' title='bbox 1388 793 1547 854; x_wconf 90' lang='lat' dir='ltr'>canonice</span> <span class='ocrx_word' id='word_1_60' title='bbox 1563 793 1665 856; x_wconf 88' lang='lat' dir='ltr'>luerit</span> <span class='ocrx_word' id='word_1_61' title='bbox 1681 793 1783 882; x_wconf 86' lang='lat' dir='ltr'>abso-</span> 
     </span>
     <span class='ocr_line' id='line_1_7' title="bbox 128 886 1784 971; baseline -0.001 -15"><span class='ocrx_word' id='word_1_62' title='bbox 128 897 237 957; x_wconf 93' lang='lat' dir='ltr'>dimus</span> <span class='ocrx_word' id='word_1_63' title='bbox 252 896 288 956; x_wconf 91' lang='lat' dir='ltr'>in</span> <span class='ocrx_word' id='word_1_64' title='bbox 303 894 487 971; x_wconf 71' lang='lat' dir='ltr'>praeceptis,</span> <span class='ocrx_word' id='word_1_65' title='bbox 507 896 544 956; x_wconf 92' lang='lat' dir='ltr'>ut</span> <span class='ocrx_word' id='word_1_66' title='bbox 557 896 674 956; x_wconf 81' lang='lat' dir='ltr'>careat</span> <span class='ocrx_word' id='word_1_67' title='bbox 696 893 756 955; x_wconf 91' lang='lat' dir='ltr'>tibi</span> <span class='ocrx_word' id='word_1_68' title='bbox 772 908 833 970; x_wconf 87' lang='lat' dir='ltr'>per</span> <span class='ocrx_word' id='word_1_69' title='bbox 849 908 928 953; x_wconf 87' lang='lat' dir='ltr'>suas</span> <span class='ocrx_word' id='word_1_70' title='bbox 983 886 1064 959; x_wconf 87' lang='lat' dir='ltr'>luta,</span> <span class='ocrx_word' id='word_1_71' title='bbox 1080 903 1141 949; x_wconf 85' lang='lat' dir='ltr'>vos</span> <span class='ocrx_word' id='word_1_72' title='bbox 1156 904 1217 965; x_wconf 91' lang='lat' dir='ltr'>per</span> <span class='ocrx_word' id='word_1_73' title='bbox 1238 889 1394 951; x_wconf 91' lang='lat' dir='ltr'>idoneum</span> <span class='ocrx_word' id='word_1_74' title='bbox 1409 889 1572 953; x_wconf 88' lang='lat' dir='ltr'>vicarium</span> <span class='ocrx_word' id='word_1_75' title='bbox 1586 891 1784 955; x_wconf 78' lang='lat' dir='ltr'>deserviatis</span> 
     </span>
     <span class='ocr_line' id='line_1_8' title="bbox 128 984 1783 1073; baseline 0 -17"><span class='ocrx_word' id='word_1_76' title='bbox 128 994 278 1073; x_wconf 87' lang='lat' dir='ltr'>patentes</span> <span class='ocrx_word' id='word_1_77' title='bbox 293 993 433 1065; x_wconf 78' lang='lat' dir='ltr'>litterae,</span> <span class='ocrx_word' id='word_1_78' title='bbox 448 994 480 1054; x_wconf 92' lang='lat' dir='ltr'>et</span> <span class='ocrx_word' id='word_1_79' title='bbox 495 1009 554 1071; x_wconf 89' lang='lat' dir='ltr'>per</span> <span class='ocrx_word' id='word_1_80' title='bbox 563 994 789 1071; x_wconf 88' lang='lat' dir='ltr'>juramentum</span> <span class='ocrx_word' id='word_1_81' title='bbox 805 1007 928 1069; x_wconf 89' lang='lat' dir='ltr'>corpo-</span> <span class='ocrx_word' id='word_1_82' title='bbox 983 984 1101 1057; x_wconf 72' lang='lat' dir='ltr'>eidem,</span> <span class='ocrx_word' id='word_1_83' title='bbox 1119 985 1151 1047; x_wconf 74' lang='lat' dir='ltr'>ei</span> <span class='ocrx_word' id='word_1_84' title='bbox 1163 987 1333 1065; x_wconf 69' lang='lat' dir='ltr'>assignata</span> <span class='ocrx_word' id='word_1_85' title='bbox 1349 988 1412 1050; x_wconf 81' lang='lat' dir='ltr'>sibi</span> <span class='ocrx_word' id='word_1_86' title='bbox 1427 989 1467 1050; x_wconf 86' lang='lat' dir='ltr'>de</span> <span class='ocrx_word' id='word_1_87' title='bbox 1482 988 1696 1067; x_wconf 81' lang='lat' dir='ltr'>proventibus</span> <span class='ocrx_word' id='word_1_88' title='bbox 1711 993 1783 1068; x_wconf 83' lang='lat' dir='ltr'>ojus</span> 
     </span>
     <span class='ocr_line' id='line_1_9' title="bbox 128 1086 1785 1169; baseline -0.004 -15"><span class='ocrx_word' id='word_1_89' title='bbox 128 1093 245 1155; x_wconf 86' lang='lat' dir='ltr'>raliter</span> <span class='ocrx_word' id='word_1_90' title='bbox 272 1092 468 1169; x_wconf 88' lang='lat' dir='ltr'>praestitum,</span> <span class='ocrx_word' id='word_1_91' title='bbox 494 1090 581 1169; x_wconf 90' lang='lat' dir='ltr'>quod</span> <span class='ocrx_word' id='word_1_92' title='bbox 607 1090 761 1153; x_wconf 92' lang='lat' dir='ltr'>inimicos</span> <span class='ocrx_word' id='word_1_93' title='bbox 790 1091 865 1152; x_wconf 89' lang='lat' dir='ltr'>tuos</span> <span class='ocrx_word' id='word_1_94' title='bbox 891 1090 926 1150; x_wconf 93' lang='lat' dir='ltr'>in</span> <span class='ocrx_word' id='word_1_95' title='bbox 983 1099 1129 1160; x_wconf 79' lang='lat' dir='ltr'>congrua</span> <span class='ocrx_word' id='word_1_96' title='bbox 1148 1086 1299 1162; x_wconf 82' lang='lat' dir='ltr'>portione</span> <span class='ocrx_word' id='word_1_97' title='bbox 1318 1088 1456 1149; x_wconf 79' lang='lat' dir='ltr'>caeteros</span> <span class='ocrx_word' id='word_1_98' title='bbox 1480 1087 1521 1149; x_wconf 86' lang='lat' dir='ltr'>ad</span> <span class='ocrx_word' id='word_1_99' title='bbox 1547 1088 1785 1166; x_wconf 80' lang='lat' dir='ltr'>hospitalitatis</span> 
     </span>
     <span class='ocr_line' id='line_1_10' title="bbox 128 1184 1786 1267; baseline -0.002 -14"><span class='ocrx_word' id='word_1_100' title='bbox 128 1194 239 1254; x_wconf 87' lang='lat' dir='ltr'>castro</span> <span class='ocrx_word' id='word_1_101' title='bbox 255 1207 322 1252; x_wconf 92' lang='lat' dir='ltr'>non</span> <span class='ocrx_word' id='word_1_102' title='bbox 336 1189 521 1266; x_wconf 88' lang='lat' dir='ltr'>receptabit</span> <span class='ocrx_word' id='word_1_103' title='bbox 532 1190 659 1263; x_wconf 90' lang='lat' dir='ltr'>eodem,</span> <span class='ocrx_word' id='word_1_104' title='bbox 675 1205 735 1251; x_wconf 93' lang='lat' dir='ltr'>nec</span> <span class='ocrx_word' id='word_1_105' title='bbox 748 1188 925 1267; x_wconf 85' lang='lat' dir='ltr'>permittet,</span> <span class='ocrx_word' id='word_1_106' title='bbox 983 1198 1079 1243; x_wconf 92' lang='lat' dir='ltr'>usum</span> <span class='ocrx_word' id='word_1_107' title='bbox 1093 1184 1285 1261; x_wconf 87' lang='lat' dir='ltr'>percipiatis</span> <span class='ocrx_word' id='word_1_108' title='bbox 1300 1184 1373 1247; x_wconf 91' lang='lat' dir='ltr'>sine</span> <span class='ocrx_word' id='word_1_109' title='bbox 1395 1187 1658 1250; x_wconf 81' lang='lat' dir='ltr'>contradictione</span> <span class='ocrx_word' id='word_1_110' title='bbox 1669 1191 1786 1267; x_wconf 89' lang='lat' dir='ltr'>cujus-</span> 
     </span>
     <span class='ocr_line' id='line_1_11' title="bbox 129 1279 1784 1367; baseline 0.001 -18"><span class='ocrx_word' id='word_1_111' title='bbox 129 1288 336 1367; x_wconf 85' lang='lat' dir='ltr'>quantumin</span> <span class='ocrx_word' id='word_1_112' title='bbox 351 1303 391 1350; x_wconf 90' lang='lat' dir='ltr'>eo</span> <span class='ocrx_word' id='word_1_113' title='bbox 408 1286 517 1361; x_wconf 76' lang='lat' dir='ltr'>luserit,</span> <span class='ocrx_word' id='word_1_114' title='bbox 532 1287 617 1366; x_wconf 90' lang='lat' dir='ltr'>quod</span> <span class='ocrx_word' id='word_1_115' title='bbox 637 1288 674 1350; x_wconf 91' lang='lat' dir='ltr'>tu</span> <span class='ocrx_word' id='word_1_116' title='bbox 687 1287 741 1349; x_wconf 81' lang='lat' dir='ltr'>vel</span> <span class='ocrx_word' id='word_1_117' title='bbox 758 1287 927 1363; x_wconf 79' lang='lat' dir='ltr'>negotium</span> <span class='ocrx_word' id='word_1_118' title='bbox 983 1279 1070 1341; x_wconf 86' lang='lat' dir='ltr'>dam.</span> <span class='ocrx_word' id='word_1_119' title='bbox 1086 1281 1134 1343; x_wconf 81' lang='lat' dir='ltr'>nd</span> <span class='ocrx_word' id='word_1_120' title='bbox 1148 1286 1307 1361; x_wconf 88' lang='lat' dir='ltr'>majorem</span> <span class='ocrx_word' id='word_1_121' title='bbox 1332 1300 1412 1347; x_wconf 86' lang='lat' dir='ltr'>vero</span> <span class='ocrx_word' id='word_1_122' title='bbox 1433 1286 1665 1349; x_wconf 87' lang='lat' dir='ltr'>certitudinem</span> <span class='ocrx_word' id='word_1_123' title='bbox 1683 1286 1784 1366; x_wconf 84' lang='lat' dir='ltr'>nujus</span> 
     </span>
     <span class='ocr_line' id='line_1_12' title="bbox 130 1378 1783 1465; baseline 0.004 -24"><span class='ocrx_word' id='word_1_124' title='bbox 130 1389 224 1465; x_wconf 75' lang='lat' dir='ltr'>pacis</span> <span class='ocrx_word' id='word_1_125' title='bbox 239 1388 458 1465; x_wconf 74' lang='lat' dir='ltr'>porcastrum</span> <span class='ocrx_word' id='word_1_126' title='bbox 474 1388 582 1465; x_wconf 87' lang='lat' dir='ltr'>ipsum</span> <span class='ocrx_word' id='word_1_127' title='bbox 595 1387 649 1447; x_wconf 87' lang='lat' dir='ltr'>vel</span> <span class='ocrx_word' id='word_1_128' title='bbox 663 1389 736 1463; x_wconf 90' lang='lat' dir='ltr'>ejus</span> <span class='ocrx_word' id='word_1_129' title='bbox 752 1386 926 1464; x_wconf 91' lang='lat' dir='ltr'>pertinen·</span> <span class='ocrx_word' id='word_1_130' title='bbox 982 1378 1043 1450; x_wconf 88' lang='lat' dir='ltr'>rei,</span> <span class='ocrx_word' id='word_1_131' title='bbox 1065 1379 1213 1443; x_wconf 88' lang='lat' dir='ltr'>tenorem</span> <span class='ocrx_word' id='word_1_132' title='bbox 1234 1381 1421 1444; x_wconf 90' lang='lat' dir='ltr'>litterarum</span> <span class='ocrx_word' id='word_1_133' title='bbox 1442 1384 1631 1447; x_wconf 88' lang='lat' dir='ltr'>donationis</span> <span class='ocrx_word' id='word_1_134' title='bbox 1646 1385 1681 1447; x_wconf 91' lang='lat' dir='ltr'>et</span> <span class='ocrx_word' id='word_1_135' title='bbox 1697 1402 1783 1447; x_wconf 88' lang='lat' dir='ltr'>con-</span> 
     </span>
     <span class='ocr_line' id='line_1_13' title="bbox 130 1476 1782 1562; baseline -0.002 -14"><span class='ocrx_word' id='word_1_136' title='bbox 130 1488 196 1549; x_wconf 88' lang='lat' dir='ltr'>tias</span> <span class='ocrx_word' id='word_1_137' title='bbox 210 1485 344 1562; x_wconf 81' lang='lat' dir='ltr'>aliquod</span> <span class='ocrx_word' id='word_1_138' title='bbox 360 1484 593 1546; x_wconf 82' lang='lat' dir='ltr'>detrimentum</span> <span class='ocrx_word' id='word_1_139' title='bbox 607 1485 767 1547; x_wconf 87' lang='lat' dir='ltr'>incurrat.</span> <span class='ocrx_word' id='word_1_140' title='bbox 785 1483 928 1560; x_wconf 86' lang='lat' dir='ltr'>ideoque</span> <span class='ocrx_word' id='word_1_141' title='bbox 983 1476 1144 1539; x_wconf 83' lang='lat' dir='ltr'>cessionis</span> <span class='ocrx_word' id='word_1_142' title='bbox 1158 1480 1305 1558; x_wconf 78' lang='lat' dir='ltr'>eiusdem</span> <span class='ocrx_word' id='word_1_143' title='bbox 1323 1481 1411 1558; x_wconf 79' lang='lat' dir='ltr'>ragis</span> <span class='ocrx_word' id='word_1_144' title='bbox 1423 1482 1463 1543; x_wconf 89' lang='lat' dir='ltr'>de</span> <span class='ocrx_word' id='word_1_145' title='bbox 1475 1483 1578 1547; x_wconf 80' lang='lat' dir='ltr'>uerbo</span> <span class='ocrx_word' id='word_1_146' title='bbox 1589 1483 1631 1546; x_wconf 89' lang='lat' dir='ltr'>ad</span> <span class='ocrx_word' id='word_1_147' title='bbox 1644 1483 1782 1547; x_wconf 83' lang='lat' dir='ltr'>verbum</span> 
     </span>
     <span class='ocr_line' id='line_1_14' title="bbox 130 1575 1616 1661; baseline -0.003 -15"><span class='ocrx_word' id='word_1_148' title='bbox 130 1584 294 1646; x_wconf 89' lang='lat' dir='ltr'>nobilitati</span> <span class='ocrx_word' id='word_1_149' title='bbox 309 1584 376 1646; x_wconf 77' lang='lat' dir='ltr'>tuae</span> <span class='ocrx_word' id='word_1_150' title='bbox 398 1598 458 1661; x_wconf 91' lang='lat' dir='ltr'>por</span> <span class='ocrx_word' id='word_1_151' title='bbox 475 1584 666 1661; x_wconf 77' lang='lat' dir='ltr'>apostolica</span> <span class='ocrx_word' id='word_1_152' title='bbox 688 1583 813 1661; x_wconf 88' lang='lat' dir='ltr'>scripta</span> <span class='ocrx_word' id='word_1_153' title='bbox 831 1598 928 1644; x_wconf 90' lang='lat' dir='ltr'>man·</span> <span class='ocrx_word' id='word_1_154' title='bbox 983 1575 1061 1637; x_wconf 83' lang='lat' dir='ltr'>huic</span> <span class='ocrx_word' id='word_1_155' title='bbox 1076 1578 1206 1654; x_wconf 80' lang='lat' dir='ltr'>paginae</span> <span class='ocrx_word' id='word_1_156' title='bbox 1222 1578 1377 1641; x_wconf 77' lang='lat' dir='ltr'>duximus</span> <span class='ocrx_word' id='word_1_157' title='bbox 1391 1581 1616 1644; x_wconf 90' lang='lat' dir='ltr'>inserendum.</span> 
     </span>
     <span class='ocr_line' id='line_1_15' title="bbox 129 1677 1783 1760; baseline 0 -17"><span class='ocrx_word' id='word_1_158' title='bbox 129 1684 259 1753; x_wconf 79' lang='lat' dir='ltr'>dumne,</span> <span class='ocrx_word' id='word_1_159' title='bbox 277 1685 451 1760; x_wconf 87' lang='lat' dir='ltr'>quatenus,</span> <span class='ocrx_word' id='word_1_160' title='bbox 464 1698 531 1743; x_wconf 92' lang='lat' dir='ltr'>non</span> <span class='ocrx_word' id='word_1_161' title='bbox 548 1682 729 1759; x_wconf 88' lang='lat' dir='ltr'>impediens</span> <span class='ocrx_word' id='word_1_162' title='bbox 744 1696 803 1759; x_wconf 87' lang='lat' dir='ltr'>per</span> <span class='ocrx_word' id='word_1_163' title='bbox 816 1684 849 1744; x_wconf 93' lang='lat' dir='ltr'>te</span> <span class='ocrx_word' id='word_1_164' title='bbox 868 1696 927 1742; x_wconf 91' lang='lat' dir='ltr'>seu</span> <span class='ocrx_word' id='word_1_165' title='bbox 1022 1677 1197 1738; x_wconf 84' lang='lat' dir='ltr'>‹Joannos</span> <span class='ocrx_word' id='word_1_166' title='bbox 1212 1677 1271 1738; x_wconf 87' lang='lat' dir='ltr'>Dei</span> <span class='ocrx_word' id='word_1_167' title='bbox 1286 1677 1394 1753; x_wconf 79' lang='lat' dir='ltr'>gratia</span> <span class='ocrx_word' id='word_1_168' title='bbox 1406 1680 1615 1757; x_wconf 81' lang='lat' dir='ltr'>rexnngliae,</span> <span class='ocrx_word' id='word_1_169' title='bbox 1630 1681 1783 1743; x_wconf 90' lang='lat' dir='ltr'>dominus</span> 
     </span>
     <span class='ocr_line' id='line_1_16' title="bbox 128 1771 1780 1859; baseline 0.007 -17"><span class='ocrx_word' id='word_1_170' title='bbox 128 1796 191 1859; x_wconf 90' lang='lat' dir='ltr'>per</span> <span class='ocrx_word' id='word_1_171' title='bbox 218 1781 302 1842; x_wconf 91' lang='lat' dir='ltr'>alios</span> <span class='ocrx_word' id='word_1_172' title='bbox 324 1781 501 1859; x_wconf 83' lang='lat' dir='ltr'>quominus</span> <span class='ocrx_word' id='word_1_173' title='bbox 527 1781 639 1843; x_wconf 90' lang='lat' dir='ltr'>nostra</span> <span class='ocrx_word' id='word_1_174' title='bbox 668 1779 741 1842; x_wconf 90' lang='lat' dir='ltr'>baec</span> <span class='ocrx_word' id='word_1_175' title='bbox 761 1779 927 1842; x_wconf 87' lang='lat' dir='ltr'>restitutio</span> <span class='ocrx_word' id='word_1_176' title='bbox 982 1771 1162 1847; x_wconf 75' lang='lat' dir='ltr'>Hiberniae,</span> <span class='ocrx_word' id='word_1_177' title='bbox 1188 1774 1257 1837; x_wconf 74' lang='lat'>‘1¹11</span> <span class='ocrx_word' id='word_1_178' title='bbox 1278 1777 1504 1851; x_wconf 53' lang='lat' dir='ltr'>Nomionem,</span> <span class='ocrx_word' id='word_1_179' title='bbox 1528 1782 1561 1841; x_wconf 72' lang='lat' dir='ltr'>ot</span> <span class='ocrx_word' id='word_1_180' title='bbox 1579 1780 1780 1859; x_wconf 59' lang='lat' dir='ltr'>Aquitaniae,</span> 
     </span>
     <span class='ocr_line' id='line_1_17' title="bbox 130 1871 1784 1957; baseline 0.001 -18"><span class='ocrx_word' id='word_1_181' title='bbox 130 1879 289 1941; x_wconf 88' lang='lat' dir='ltr'>sortiatur</span> <span class='ocrx_word' id='word_1_182' title='bbox 301 1879 467 1947; x_wconf 85' lang='lat' dir='ltr'>effectum,</span> <span class='ocrx_word' id='word_1_183' title='bbox 483 1879 605 1940; x_wconf 91' lang='lat' dir='ltr'>dictum</span> <span class='ocrx_word' id='word_1_184' title='bbox 620 1877 812 1956; x_wconf 90' lang='lat' dir='ltr'>episcopum</span> <span class='ocrx_word' id='word_1_185' title='bbox 828 1893 928 1954; x_wconf 89' lang='lat' dir='ltr'>snper</span> <span class='ocrx_word' id='word_1_186' title='bbox 982 1871 1015 1932; x_wconf 81' lang='lat' dir='ltr'>et</span> <span class='ocrx_word' id='word_1_187' title='bbox 1029 1872 1536 1951; x_wconf 78' lang='lat' dir='ltr'>comesdndegaven.,omnibus</span> <span class='ocrx_word' id='word_1_188' title='bbox 1547 1876 1588 1939; x_wconf 90' lang='lat' dir='ltr'>ad</span> <span class='ocrx_word' id='word_1_189' title='bbox 1602 1894 1684 1956; x_wconf 93' lang='lat' dir='ltr'>quos</span> <span class='ocrx_word' id='word_1_190' title='bbox 1695 1894 1784 1957; x_wconf 81' lang='lat' dir='ltr'>praa-</span> 
     </span>
     <span class='ocr_line' id='line_1_18' title="bbox 129 1968 1783 2054; baseline 0.005 -16"><span class='ocrx_word' id='word_1_191' title='bbox 129 1979 239 2039; x_wconf 90' lang='lat' dir='ltr'>castro</span> <span class='ocrx_word' id='word_1_192' title='bbox 256 1978 372 2039; x_wconf 90' lang='lat' dir='ltr'>eodem</span> <span class='ocrx_word' id='word_1_193' title='bbox 387 1978 439 2039; x_wconf 82' lang='lat' dir='ltr'>rel</span> <span class='ocrx_word' id='word_1_194' title='bbox 456 1976 667 2054; x_wconf 88' lang='lat' dir='ltr'>pertinentiis</span> <span class='ocrx_word' id='word_1_195' title='bbox 681 1976 752 2038; x_wconf 92' lang='lat' dir='ltr'>suis</span> <span class='ocrx_word' id='word_1_196' title='bbox 774 1991 837 2038; x_wconf 88' lang='lat' dir='ltr'>nac</span> <span class='ocrx_word' id='word_1_197' title='bbox 856 1976 927 2053; x_wconf 91' lang='lat' dir='ltr'>ipse</span> <span class='ocrx_word' id='word_1_198' title='bbox 983 1984 1061 2029; x_wconf 74' lang='lat' dir='ltr'>sons</span> <span class='ocrx_word' id='word_1_199' title='bbox 1074 1968 1190 2032; x_wconf 72' lang='lat' dir='ltr'>thalia</span> <span class='ocrx_word' id='word_1_200' title='bbox 1204 1973 1403 2049; x_wconf 65' lang='lat' dir='ltr'>ltervesserib</span> <span class='ocrx_word' id='word_1_201' title='bbox 1416 1975 1568 2037; x_wconf 68' lang='lat' dir='ltr'>salutem·</span> <span class='ocrx_word' id='word_1_202' title='bbox 1586 1975 1706 2038; x_wconf 73' lang='lat' dir='ltr'>Sciatis</span> <span class='ocrx_word' id='word_1_203' title='bbox 1723 1992 1783 2040; x_wconf 59' lang='lat'>¹³⁰⁸</span> 
     </span>
     <span class='ocr_line' id='line_1_19' title="bbox 128 2062 1782 2153; baseline 0.007 -27"><span class='ocrx_word' id='word_1_204' title='bbox 128 2076 299 2146; x_wconf 77' lang='lat' dir='ltr'>molestes,</span> <span class='ocrx_word' id='word_1_205' title='bbox 324 2091 385 2138; x_wconf 80' lang='lat' dir='ltr'>nec</span> <span class='ocrx_word' id='word_1_206' title='bbox 409 2093 429 2137; x_wconf 79' lang='lat' dir='ltr'>a</span> <span class='ocrx_word' id='word_1_207' title='bbox 456 2076 523 2138; x_wconf 79' lang='lat' dir='ltr'>tuis</span> <span class='ocrx_word' id='word_1_208' title='bbox 547 2075 719 2138; x_wconf 76' lang='lat' dir='ltr'>molestari</span> <span class='ocrx_word' id='word_1_209' title='bbox 735 2075 926 2153; x_wconf 74' lang='lat' dir='ltr'>permitta33</span> <span class='ocrx_word' id='word_1_210' title='bbox 982 2062 1103 2130; x_wconf 79' lang='lat' dir='ltr'>(litlinae</span> <span class='ocrx_word' id='word_1_211' title='bbox 1119 2069 1251 2146; x_wconf 81' lang='lat' dir='ltr'>pietatis</span> <span class='ocrx_word' id='word_1_212' title='bbox 1271 2071 1404 2148; x_wconf 86' lang='lat' dir='ltr'>intuitu,</span> <span class='ocrx_word' id='word_1_213' title='bbox 1420 2074 1453 2135; x_wconf 79' lang='lat' dir='ltr'>et</span> <span class='ocrx_word' id='word_1_214' title='bbox 1467 2075 1647 2151; x_wconf 74' lang='lat' dir='ltr'>prostituto</span> <span class='ocrx_word' id='word_1_215' title='bbox 1661 2076 1782 2149; x_wconf 75' lang='lat' dir='ltr'>animae</span> 
     </span>
     <span class='ocr_line' id='line_1_20' title="bbox 126 2166 1783 2252; baseline 0.007 -28"><span class='ocrx_word' id='word_1_216' title='bbox 126 2175 312 2252; x_wconf 75' lang='lat' dir='ltr'>quinimmo</span> <span class='ocrx_word' id='word_1_217' title='bbox 326 2174 363 2237; x_wconf 72' lang='lat' dir='ltr'>in</span> <span class='ocrx_word' id='word_1_218' title='bbox 378 2174 440 2236; x_wconf 74' lang='lat'>1100</span> <span class='ocrx_word' id='word_1_219' title='bbox 455 2175 488 2237; x_wconf 68' lang='lat' dir='ltr'>et</span> <span class='ocrx_word' id='word_1_220' title='bbox 506 2174 541 2235; x_wconf 71' lang='lat' dir='ltr'>iq</span> <span class='ocrx_word' id='word_1_221' title='bbox 556 2175 633 2235; x_wconf 70' lang='lat' dir='ltr'>aliis</span> <span class='ocrx_word' id='word_1_222' title='bbox 658 2177 691 2237; x_wconf 66' lang='grc' dir='ltr'>ιθ</span> <span class='ocrx_word' id='word_1_223' title='bbox 709 2175 810 2237; x_wconf 72' lang='lat' dir='ltr'>talem</span> <span class='ocrx_word' id='word_1_224' title='bbox 829 2173 928 2235; x_wconf 68' lang='lat' dir='ltr'>exhi.</span> <span class='ocrx_word' id='word_1_225' title='bbox 983 2166 1117 2239; x_wconf 80' lang='lat' dir='ltr'>nostrae,</span> <span class='ocrx_word' id='word_1_226' title='bbox 1134 2168 1167 2228; x_wconf 90' lang='lat' dir='ltr'>et</span> <span class='ocrx_word' id='word_1_227' title='bbox 1179 2169 1367 2231; x_wconf 87' lang='lat' dir='ltr'>animarum</span> <span class='ocrx_word' id='word_1_228' title='bbox 1389 2172 1648 2248; x_wconf 88' lang='lat' dir='ltr'>antecessorum,</span> <span class='ocrx_word' id='word_1_229' title='bbox 1664 2173 1696 2236; x_wconf 93' lang='lat' dir='ltr'>et</span> <span class='ocrx_word' id='word_1_230' title='bbox 1711 2175 1783 2237; x_wconf 84' lang='lat' dir='ltr'>lrae-</span> 
     </span>
     <span class='ocr_line' id='line_1_21' title="bbox 127 2264 1783 2351; baseline -0.001 -18"><span class='ocrx_word' id='word_1_231' title='bbox 127 2273 208 2334; x_wconf 89' lang='lat' dir='ltr'>beas</span> <span class='ocrx_word' id='word_1_232' title='bbox 217 2271 411 2349; x_wconf 76' lang='lat' dir='ltr'>anguinum,</span> <span class='ocrx_word' id='word_1_233' title='bbox 424 2272 511 2351; x_wconf 92' lang='lat' dir='ltr'>qnod</span> <span class='ocrx_word' id='word_1_234' title='bbox 521 2273 562 2334; x_wconf 90' lang='lat' dir='ltr'>ad</span> <span class='ocrx_word' id='word_1_235' title='bbox 572 2273 730 2350; x_wconf 87' lang='lat' dir='ltr'>obsequia</span> <span class='ocrx_word' id='word_1_236' title='bbox 739 2276 796 2334; x_wconf 89' lang='lat' dir='ltr'>tua</span> <span class='ocrx_word' id='word_1_237' title='bbox 807 2271 927 2335; x_wconf 85' lang='lat' dir='ltr'>lortius</span> <span class='ocrx_word' id='word_1_238' title='bbox 982 2264 1096 2325; x_wconf 91' lang='lat' dir='ltr'>redum</span> <span class='ocrx_word' id='word_1_239' title='bbox 1110 2269 1312 2341; x_wconf 86' lang='lat' dir='ltr'>nostrornm,</span> <span class='ocrx_word' id='word_1_240' title='bbox 1325 2272 1358 2332; x_wconf 82' lang='lat' dir='ltr'>et</span> <span class='ocrx_word' id='word_1_241' title='bbox 1368 2270 1409 2331; x_wconf 94' lang='lat' dir='ltr'>ob</span> <span class='ocrx_word' id='word_1_242' title='bbox 1423 2273 1644 2334; x_wconf 87' lang='lat' dir='ltr'>reverentiam</span> <span class='ocrx_word' id='word_1_243' title='bbox 1657 2273 1783 2335; x_wconf 87' lang='lat' dir='ltr'>domini</span> 
     </span>
     <span class='ocr_line' id='line_1_22' title="bbox 126 2366 1784 2451; baseline 0.006 -21"><span class='ocrx_word' id='word_1_244' title='bbox 126 2373 338 2449; x_wconf 80' lang='lat' dir='ltr'>provocetur.</span> <span class='ocrx_word' id='word_1_245' title='bbox 356 2373 424 2433; x_wconf 91' lang='lat' dir='ltr'>Nos</span> <span class='ocrx_word' id='word_1_246' title='bbox 437 2371 525 2433; x_wconf 92' lang='lat' dir='ltr'>enim</span> <span class='ocrx_word' id='word_1_247' title='bbox 541 2371 642 2434; x_wconf 92' lang='lat' dir='ltr'>simili</span> <span class='ocrx_word' id='word_1_248' title='bbox 656 2370 753 2433; x_wconf 89' lang='lat' dir='ltr'>modo</span> <span class='ocrx_word' id='word_1_249' title='bbox 767 2370 928 2432; x_wconf 83' lang='lat' dir='ltr'>exhorta-</span> <span class='ocrx_word' id='word_1_250' title='bbox 982 2366 1082 2440; x_wconf 69' lang='lat' dir='ltr'>Pallae</span> <span class='ocrx_word' id='word_1_251' title='bbox 1106 2366 1302 2440; x_wconf 89' lang='lat' dir='ltr'>innocentii,</span> <span class='ocrx_word' id='word_1_252' title='bbox 1332 2372 1427 2447; x_wconf 72' lang='lat' dir='ltr'>cujus</span> <span class='ocrx_word' id='word_1_253' title='bbox 1454 2387 1570 2449; x_wconf 74' lang='lat' dir='ltr'>preces</span> <span class='ocrx_word' id='word_1_254' title='bbox 1596 2388 1697 2451; x_wconf 80' lang='lat' dir='ltr'>sopor</span> <span class='ocrx_word' id='word_1_255' title='bbox 1719 2372 1784 2437; x_wconf 82' lang='lat' dir='ltr'>hoo</span> 
     </span>
     <span class='ocr_line' id='line_1_23' title="bbox 127 2462 1783 2548; baseline 0.008 -28"><span class='ocrx_word' id='word_1_256' title='bbox 127 2486 205 2530; x_wconf 80' lang='lat' dir='ltr'>mur</span> <span class='ocrx_word' id='word_1_257' title='bbox 219 2469 370 2531; x_wconf 68' lang='lat' dir='ltr'>eumdem</span> <span class='ocrx_word' id='word_1_258' title='bbox 386 2471 589 2548; x_wconf 70' lang='lat' dir='ltr'>episcopum,</span> <span class='ocrx_word' id='word_1_259' title='bbox 608 2473 644 2531; x_wconf 72' lang='lat' dir='ltr'>ut</span> <span class='ocrx_word' id='word_1_260' title='bbox 660 2469 721 2532; x_wconf 77' lang='lat' dir='ltr'>tihi</span> <span class='ocrx_word' id='word_1_261' title='bbox 741 2470 774 2531; x_wconf 76' lang='lat' dir='ltr'>et</span> <span class='ocrx_word' id='word_1_262' title='bbox 794 2469 926 2545; x_wconf 78' lang='lat' dir='ltr'>negotio</span> <span class='ocrx_word' id='word_1_263' title='bbox 981 2462 1179 2539; x_wconf 87' lang='lat' dir='ltr'>recepimus,</span> <span class='ocrx_word' id='word_1_264' title='bbox 1194 2467 1411 2541; x_wconf 86' lang='lat' dir='ltr'>concessisse,</span> <span class='ocrx_word' id='word_1_265' title='bbox 1434 2470 1467 2533; x_wconf 90' lang='lat' dir='ltr'>et</span> <span class='ocrx_word' id='word_1_266' title='bbox 1488 2471 1645 2547; x_wconf 84' lang='lat' dir='ltr'>praesenti</span> <span class='ocrx_word' id='word_1_267' title='bbox 1666 2471 1783 2534; x_wconf 87' lang='lat' dir='ltr'>charta</span> 
     </span>
     <span class='ocr_line' id='line_1_24' title="bbox 126 2560 1782 2645; baseline 0.007 -24"><span class='ocrx_word' id='word_1_268' title='bbox 126 2569 220 2645; x_wconf 82' lang='lat' dir='ltr'>pacis</span> <span class='ocrx_word' id='word_1_269' title='bbox 231 2569 343 2631; x_wconf 76' lang='lat' dir='ltr'>taliter</span> <span class='ocrx_word' id='word_1_270' title='bbox 357 2568 398 2631; x_wconf 79' lang='lat' dir='ltr'>ob</span> <span class='ocrx_word' id='word_1_271' title='bbox 413 2569 633 2631; x_wconf 71' lang='lat' dir='ltr'>reverentiam</span> <span class='ocrx_word' id='word_1_272' title='bbox 645 2568 792 2631; x_wconf 78' lang='lat' dir='ltr'>divinam</span> <span class='ocrx_word' id='word_1_273' title='bbox 804 2569 838 2630; x_wconf 80' lang='lat' dir='ltr'>et</span> <span class='ocrx_word' id='word_1_274' title='bbox 847 2583 928 2629; x_wconf 83' lang='lat' dir='ltr'>nos·</span> <span class='ocrx_word' id='word_1_275' title='bbox 982 2560 1197 2625; x_wconf 83' lang='lat' dir='ltr'>confirmasse</span> <span class='ocrx_word' id='word_1_276' title='bbox 1218 2564 1387 2642; x_wconf 86' lang='lat' dir='ltr'>hospitali,</span> <span class='ocrx_word' id='word_1_277' title='bbox 1410 2568 1495 2645; x_wconf 94' lang='lat' dir='ltr'>qnod</span> <span class='ocrx_word' id='word_1_278' title='bbox 1524 2569 1611 2631; x_wconf 91' lang='lat' dir='ltr'>idem</span> <span class='ocrx_word' id='word_1_279' title='bbox 1629 2570 1782 2632; x_wconf 87' lang='lat' dir='ltr'>dominns</span> 
     </span>
     <span class='ocr_line' id='line_1_25' title="bbox 125 2659 1782 2744; baseline 0.001 -17"><span class='ocrx_word' id='word_1_280' title='bbox 125 2667 213 2727; x_wconf 88' lang='lat' dir='ltr'>tram</span> <span class='ocrx_word' id='word_1_281' title='bbox 228 2667 374 2739; x_wconf 87' lang='lat' dir='ltr'>assistat,</span> <span class='ocrx_word' id='word_1_282' title='bbox 390 2667 476 2744; x_wconf 92' lang='lat' dir='ltr'>quod</span> <span class='ocrx_word' id='word_1_283' title='bbox 491 2668 523 2728; x_wconf 91' lang='lat' dir='ltr'>et</span> <span class='ocrx_word' id='word_1_284' title='bbox 537 2667 573 2728; x_wconf 91' lang='lat' dir='ltr'>tu</span> <span class='ocrx_word' id='word_1_285' title='bbox 588 2666 629 2726; x_wconf 93' lang='lat' dir='ltr'>ad</span> <span class='ocrx_word' id='word_1_286' title='bbox 645 2669 716 2744; x_wconf 77' lang='lat' dir='ltr'>aJus</span> <span class='ocrx_word' id='word_1_287' title='bbox 731 2665 926 2742; x_wconf 86' lang='lat' dir='ltr'>obsequium</span> <span class='ocrx_word' id='word_1_288' title='bbox 982 2659 1072 2736; x_wconf 81' lang='lat' dir='ltr'>Papa</span> <span class='ocrx_word' id='word_1_289' title='bbox 1103 2662 1290 2725; x_wconf 84' lang='lat' dir='ltr'>construxit</span> <span class='ocrx_word' id='word_1_290' title='bbox 1322 2665 1408 2742; x_wconf 91' lang='lat' dir='ltr'>apud</span> <span class='ocrx_word' id='word_1_291' title='bbox 1448 2665 1624 2729; x_wconf 89' lang='lat' dir='ltr'>ecclesium</span> <span class='ocrx_word' id='word_1_292' title='bbox 1651 2670 1782 2732; x_wconf 84' lang='lat' dir='ltr'>Sanctae</span> 
     </span>
     <span class='ocr_line' id='line_1_26' title="bbox 126 2756 1783 2843; baseline 0.009 -19"><span class='ocrx_word' id='word_1_293' title='bbox 126 2764 248 2826; x_wconf 88' lang='lat' dir='ltr'>merito</span> <span class='ocrx_word' id='word_1_294' title='bbox 267 2763 470 2842; x_wconf 82' lang='lat' dir='ltr'>provoceris,</span> <span class='ocrx_word' id='word_1_295' title='bbox 489 2767 522 2826; x_wconf 91' lang='lat' dir='ltr'>et</span> <span class='ocrx_word' id='word_1_296' title='bbox 542 2780 602 2826; x_wconf 91' lang='lat' dir='ltr'>nos</span> <span class='ocrx_word' id='word_1_297' title='bbox 621 2763 830 2826; x_wconf 87' lang='lat' dir='ltr'>devotionem</span> <span class='ocrx_word' id='word_1_298' title='bbox 854 2766 926 2843; x_wconf 89' lang='lat' dir='ltr'>ejus</span> <span class='ocrx_word' id='word_1_299' title='bbox 982 2756 1098 2819; x_wconf 61' lang='lat' dir='ltr'>Marito</span> <span class='ocrx_word' id='word_1_300' title='bbox 1112 2758 1148 2819; x_wconf 85' lang='lat' dir='ltr'>in</span> <span class='ocrx_word' id='word_1_301' title='bbox 1165 2760 1278 2832; x_wconf 64' lang='lat' dir='ltr'>Satio,</span> <span class='ocrx_word' id='word_1_302' title='bbox 1295 2779 1369 2840; x_wconf 75' lang='lat' dir='ltr'>(111ae</span> <span class='ocrx_word' id='word_1_303' title='bbox 1383 2765 1565 2841; x_wconf 68' lang='lat' dir='ltr'>bogiorum</span> <span class='ocrx_word' id='word_1_304' title='bbox 1592 2765 1724 2839; x_wconf 73' lang='lat' dir='ltr'>dicitur,</span> <span class='ocrx_word' id='word_1_305' title='bbox 1749 2770 1783 2831; x_wconf 75' lang='lat' dir='ltr'>et</span> 
     </span>
     <span class='ocr_line' id='line_1_27' title="bbox 126 2857 1783 2941; baseline 0.003 -18"><span class='ocrx_word' id='word_1_306' title='bbox 126 2861 306 2924; x_wconf 84' lang='lat' dir='ltr'>debeamus</span> <span class='ocrx_word' id='word_1_307' title='bbox 328 2863 446 2924; x_wconf 90' lang='lat' dir='ltr'>merito</span> <span class='ocrx_word' id='word_1_308' title='bbox 460 2862 702 2925; x_wconf 86' lang='lat' dir='ltr'>commendare.</span> <span class='ocrx_word' id='word_1_309' title='bbox 719 2863 838 2925; x_wconf 87' lang='lat' dir='ltr'>batum</span> <span class='ocrx_word' id='word_1_310' title='bbox 862 2865 927 2922; x_wconf 88' lang='lat' dir='ltr'>La·</span> <span class='ocrx_word' id='word_1_311' title='bbox 981 2857 1161 2932; x_wconf 82' lang='lat' dir='ltr'>Anglorum</span> <span class='ocrx_word' id='word_1_312' title='bbox 1185 2857 1248 2922; x_wconf 84' lang='lat' dir='ltr'>luit</span> <span class='ocrx_word' id='word_1_313' title='bbox 1270 2858 1414 2938; x_wconf 85' lang='lat' dir='ltr'>hospitio</span> <span class='ocrx_word' id='word_1_314' title='bbox 1430 2862 1585 2941; x_wconf 85' lang='lat' dir='ltr'>deputata</span> <span class='ocrx_word' id='word_1_315' title='bbox 1601 2867 1678 2927; x_wconf 89' lang='lat' dir='ltr'>ante</span> <span class='ocrx_word' id='word_1_316' title='bbox 1691 2865 1783 2929; x_wconf 88' lang='lat' dir='ltr'>basi-</span> 
     </span>
     <span class='ocr_line' id='line_1_28' title="bbox 128 2953 1780 3040; baseline 0.01 -18"><span class='ocrx_word' id='word_1_317' title='bbox 128 2959 925 3040; x_wconf 86' lang='lat' dir='ltr'>terani,lllnonasjanuarii,pontiilcatusnostri</span> <span class='ocrx_word' id='word_1_318' title='bbox 980 2953 1079 3015; x_wconf 80' lang='lat' dir='ltr'>licam</span> <span class='ocrx_word' id='word_1_319' title='bbox 1106 2954 1193 3018; x_wconf 74' lang='lat' dir='ltr'>boati</span> <span class='ocrx_word' id='word_1_320' title='bbox 1225 2958 1316 3020; x_wconf 77' lang='lat' dir='ltr'>Petri</span> <span class='ocrx_word' id='word_1_321' title='bbox 1343 2960 1484 3038; x_wconf 74' lang='lat' dir='ltr'>positam</span> <span class='ocrx_word' id='word_1_322' title='bbox 1510 2978 1607 3025; x_wconf 74' lang='lat' dir='ltr'>socos</span> <span class='ocrx_word' id='word_1_323' title='bbox 1631 2964 1780 3039; x_wconf 69' lang='lat' dir='ltr'>Simiam,</span> 
     </span>
     <span class='ocr_line' id='line_1_29' title="bbox 125 3056 1781 3140; baseline 0.004 -21"><span class='ocrx_word' id='word_1_324' title='bbox 125 3074 216 3120; x_wconf 89' lang='lat' dir='ltr'>anno</span> <span class='ocrx_word' id='word_1_325' title='bbox 231 3059 387 3121; x_wconf 87' lang='lat' dir='ltr'>secundo.</span> <span class='ocrx_word' id='word_1_326' title='bbox 981 3056 1112 3114; x_wconf 91' lang='lat' dir='ltr'>contum</span> <span class='ocrx_word' id='word_1_327' title='bbox 1136 3071 1267 3118; x_wconf 87' lang='lat' dir='ltr'>marcas</span> <span class='ocrx_word' id='word_1_328' title='bbox 1287 3060 1458 3121; x_wconf 87' lang='lat' dir='ltr'>aunuatim</span> <span class='ocrx_word' id='word_1_329' title='bbox 1481 3061 1710 3140; x_wconf 87' lang='lat' dir='ltr'>percipiendas</span> <span class='ocrx_word' id='word_1_330' title='bbox 1739 3064 1781 3127; x_wconf 86' lang='lat' dir='ltr'>ad</span> 
     </span>
     <span class='ocr_line' id='line_1_30' title="bbox 104 3140 1784 3263; baseline 0.014 -62"><span class='ocrx_word' id='word_1_331' title='bbox 104 3140 108 3147; x_wconf 88' lang='lat'>&#39;</span> <span class='ocrx_word' id='word_1_332' title='bbox 444 3173 608 3263; x_wconf 65' lang='lat' dir='ltr'>XCVIII</span> <span class='ocrx_word' id='word_1_333' title='bbox 981 3152 1167 3213; x_wconf 87' lang='lat' dir='ltr'>saccarium</span> <span class='ocrx_word' id='word_1_334' title='bbox 1195 3157 1346 3217; x_wconf 88' lang='lat' dir='ltr'>nostrum</span> <span class='ocrx_word' id='word_1_335' title='bbox 1368 3157 1403 3219; x_wconf 93' lang='lat' dir='ltr'>in</span> <span class='ocrx_word' id='word_1_336' title='bbox 1429 3160 1570 3221; x_wconf 91' lang='lat' dir='ltr'>termino</span> <span class='ocrx_word' id='word_1_337' title='bbox 1587 3162 1694 3224; x_wconf 88' lang='lat' dir='ltr'>sancti</span> <span class='ocrx_word' id='word_1_338' title='bbox 1717 3162 1784 3224; x_wconf 89' lang='lat' dir='ltr'>ldi-</span> 
     </span>
    </p>
   </div>
   <div class='ocr_carea' id='block_1_3' title="bbox 123 3248 1784 3435">
    <p class='ocr_par' dir='ltr' id='par_1_3' title="bbox 123 3248 1784 3435">
     <span class='ocr_line' id='line_1_31' title="bbox 123 3248 1783 3406; baseline -0.023 -33"><span class='ocrx_word' id='word_1_339' title='bbox 123 3312 179 3372; x_wconf 77' lang='lat' dir='ltr'>Ad</span> <span class='ocrx_word' id='word_1_340' title='bbox 191 3310 401 3387; x_wconf 74' lang='lat' dir='ltr'>alropiataom</span> <span class='ocrx_word' id='word_1_341' title='bbox 413 3313 447 3372; x_wconf 84' lang='lat' dir='ltr'>et</span> <span class='ocrx_word' id='word_1_342' title='bbox 458 3310 775 3385; x_wconf 76' lang='lat' dir='ltr'>frutrcslrocpttalis</span> <span class='ocrx_word' id='word_1_343' title='bbox 791 3309 927 3372; x_wconf 71' lang='lat' dir='ltr'>sumtu</span> <span class='ocrx_word' id='word_1_344' title='bbox 981 3248 1285 3406; x_wconf 47' lang='lat' dir='ltr'>{hailisqmusqiffl</span> <span class='ocrx_word' id='word_1_345' title='bbox 1300 3253 1442 3367; x_wconf 62' lang='lat' dir='ltr'>⁶⁰⁰l⁹⁸if¹</span> <span class='ocrx_word' id='word_1_346' title='bbox 1455 3256 1496 3368; x_wconf 48' lang='lat' dir='ltr'>di</span> <span class='ocrx_word' id='word_1_347' title='bbox 1510 3258 1666 3368; x_wconf 45' lang='lat' dir='ltr'>mutel&amp;</span> <span class='ocrx_word' id='word_1_348' title='bbox 1683 3275 1783 3337; x_wconf 90' lang='lat' dir='ltr'>qnam</span> 
     </span>
     <span class='ocr_line' id='line_1_32' title="bbox 1004 3346 1784 3435; baseline 0.004 -27"><span class='ocrx_word' id='word_1_349' title='bbox 1004 3346 1132 3409; x_wconf 80' lang='lat' dir='ltr'>edimus</span> <span class='ocrx_word' id='word_1_350' title='bbox 1155 3351 1312 3427; x_wconf 79' lang='lat' dir='ltr'>praedicto</span> <span class='ocrx_word' id='word_1_351' title='bbox 1338 3351 1496 3431; x_wconf 81' lang='lat' dir='ltr'>llosprtalr</span> <span class='ocrx_word' id='word_1_352' title='bbox 1521 3372 1556 3418; x_wconf 86' lang='lat' dir='ltr'>nr</span> <span class='ocrx_word' id='word_1_353' title='bbox 1586 3374 1719 3435; x_wconf 86' lang='lat' dir='ltr'>puram,</span> <span class='ocrx_word' id='word_1_354' title='bbox 1749 3362 1784 3421; x_wconf 80' lang='lat' dir='ltr'>et</span> 
     </span>
    </p>
   </div>
   <div class='ocr_carea' id='block_1_4' title="bbox 122 3410 1784 4805">
    <p class='ocr_par' dir='ltr' id='par_1_4' title="bbox 122 3410 1784 4805">
     <span class='ocr_line' id='line_1_33' title="bbox 365 3410 1784 3535; baseline 0.014 -36"><span class='ocrx_word' id='word_1_355' title='bbox 365 3410 493 3535; x_wconf 42' lang='lat' dir='ltr'>Maris?</span> <span class='ocrx_word' id='word_1_356' title='bbox 512 3412 549 3471; x_wconf 66' lang='lat'>²²²</span> <span class='ocrx_word' id='word_1_357' title='bbox 562 3410 684 3471; x_wconf 59' lang='lat' dir='ltr'>Sam·</span> <span class='ocrx_word' id='word_1_358' title='bbox 982 3446 1174 3522; x_wconf 85' lang='lat' dir='ltr'>perpetuam</span> <span class='ocrx_word' id='word_1_359' title='bbox 1190 3448 1433 3526; x_wconf 87' lang='lat' dir='ltr'>eleemosynam</span> <span class='ocrx_word' id='word_1_360' title='bbox 1450 3453 1490 3513; x_wconf 93' lang='lat' dir='ltr'>ad</span> <span class='ocrx_word' id='word_1_361' title='bbox 1504 3469 1595 3524; x_wconf 88' lang='lat' dir='ltr'>usus,</span> <span class='ocrx_word' id='word_1_362' title='bbox 1607 3456 1640 3518; x_wconf 88' lang='lat' dir='ltr'>et</span> <span class='ocrx_word' id='word_1_363' title='bbox 1653 3456 1784 3519; x_wconf 90' lang='lat' dir='ltr'>susten·</span> 
     </span>
     <span class='ocr_line' id='line_1_34' title="bbox 427 3523 1782 3633; baseline 0.015 -36"><span class='ocrx_word' id='word_1_364' title='bbox 427 3525 445 3583; x_wconf 82' lang='lat'><strong>3</strong></span> <span class='ocrx_word' id='word_1_365' title='bbox 464 3538 525 3597; x_wconf 72' lang='lat'>1⁰¹¹·</span> <span class='ocrx_word' id='word_1_366' title='bbox 544 3523 622 3581; x_wconf 78' lang='lat'><strong>¹²¹⁸·</strong></span> <span class='ocrx_word' id='word_1_367' title='bbox 979 3543 1139 3605; x_wconf 82' lang='lat' dir='ltr'>talionem</span> <span class='ocrx_word' id='word_1_368' title='bbox 1154 3545 1372 3621; x_wconf 87' lang='lat' dir='ltr'>intirmorum,</span> <span class='ocrx_word' id='word_1_369' title='bbox 1390 3552 1423 3612; x_wconf 92' lang='lat' dir='ltr'>et</span> <span class='ocrx_word' id='word_1_370' title='bbox 1436 3568 1619 3631; x_wconf 89' lang='lat' dir='ltr'>pauperum</span> <span class='ocrx_word' id='word_1_371' title='bbox 1632 3554 1782 3633; x_wconf 88' lang='lat' dir='ltr'>ejusdem</span> 
     </span>
     <span class='ocr_line' id='line_1_35' title="bbox 247 3629 1783 3719; baseline 0.013 -22"><span class='ocrx_word' id='word_1_372' title='bbox 247 3629 809 3697; x_wconf 78' lang='lat' dir='ltr'>[aulurlumnom.‚edit.rurm,111,aeo.]</span> <span class='ocrx_word' id='word_1_373' title='bbox 982 3640 1178 3719; x_wconf 81' lang='lat' dir='ltr'>hospitalis,</span> <span class='ocrx_word' id='word_1_374' title='bbox 1208 3648 1389 3710; x_wconf 82' lang='lat' dir='ltr'>vacaverit.</span> <span class='ocrx_word' id='word_1_375' title='bbox 1432 3651 1471 3712; x_wconf 86' lang='lat' dir='ltr'>nt</span> <span class='ocrx_word' id='word_1_376' title='bbox 1500 3667 1576 3714; x_wconf 93' lang='lat' dir='ltr'>cum</span> <span class='ocrx_word' id='word_1_377' title='bbox 1612 3654 1783 3717; x_wconf 81' lang='lat' dir='ltr'>vacaverit</span> 
     </span>
     <span class='ocr_line' id='line_1_36' title="bbox 123 3728 1782 3817; baseline 0.021 -37"><span class='ocrx_word' id='word_1_378' title='bbox 123 3729 310 3789; x_wconf 68' lang='lat' dir='ltr'>mnfirmatio</span> <span class='ocrx_word' id='word_1_379' title='bbox 323 3730 486 3789; x_wconf 80' lang='lat' dir='ltr'>donationis</span> <span class='ocrx_word' id='word_1_380' title='bbox 500 3730 649 3804; x_wconf 72' lang='lat' dir='ltr'>cuiusdam</span> <span class='ocrx_word' id='word_1_381' title='bbox 664 3728 924 3803; x_wconf 80' lang='lat' dir='ltr'>ecclesioepardu·</span> <span class='ocrx_word' id='word_1_382' title='bbox 981 3740 1139 3817; x_wconf 84' lang='lat' dir='ltr'>praedicta</span> <span class='ocrx_word' id='word_1_383' title='bbox 1166 3743 1307 3807; x_wconf 89' lang='lat' dir='ltr'>ecclesia</span> <span class='ocrx_word' id='word_1_384' title='bbox 1336 3746 1540 3811; x_wconf 87' lang='lat' dir='ltr'>cessabimus</span> <span class='ocrx_word' id='word_1_385' title='bbox 1560 3750 1597 3812; x_wconf 92' lang='lat' dir='ltr'>iu</span> <span class='ocrx_word' id='word_1_386' title='bbox 1616 3752 1782 3815; x_wconf 88' lang='lat' dir='ltr'>solutione</span> 
     </span>
     <span class='ocr_line' id='line_1_37' title="bbox 161 3819 1782 3915; baseline 0.011 -21"><span class='ocrx_word' id='word_1_387' title='bbox 161 3821 337 3895; x_wconf 64' lang='lat' dir='ltr'>dliffliesseffl</span> <span class='ocrx_word' id='word_1_388' title='bbox 354 3820 486 3894; x_wconf 70' lang='lat' dir='ltr'>h⁰⁸lii³¹i</span> <span class='ocrx_word' id='word_1_389' title='bbox 499 3822 596 3880; x_wconf 60' lang='lat' dir='ltr'>Samii</span> <span class='ocrx_word' id='word_1_390' title='bbox 611 3822 731 3895; x_wconf 82' lang='lat' dir='ltr'>Spiritus</span> <span class='ocrx_word' id='word_1_391' title='bbox 750 3821 780 3878; x_wconf 83' lang='lat'>¹¹¹</span> <span class='ocrx_word' id='word_1_392' title='bbox 794 3819 888 3879; x_wconf 65' lang='lat' dir='ltr'>Sitit·</span> <span class='ocrx_word' id='word_1_393' title='bbox 981 3838 1213 3915; x_wconf 79' lang='lat' dir='ltr'>praedictarum</span> <span class='ocrx_word' id='word_1_394' title='bbox 1241 3846 1374 3906; x_wconf 90' lang='lat' dir='ltr'>centum</span> <span class='ocrx_word' id='word_1_395' title='bbox 1400 3862 1600 3912; x_wconf 89' lang='lat' dir='ltr'>marcarum.</span> <span class='ocrx_word' id='word_1_396' title='bbox 1629 3849 1782 3914; x_wconf 79' lang='lat' dir='ltr'>Testibus</span> 
     </span>
     <span class='ocr_line' id='line_1_38' title="bbox 165 3934 1783 4027; baseline 0.008 -28"><span class='ocrx_word' id='word_1_397' title='bbox 165 3938 334 4001; x_wconf 87' lang='lat' dir='ltr'>Honorius</span> <span class='ocrx_word' id='word_1_398' title='bbox 348 3937 524 4017; x_wconf 91' lang='lat' dir='ltr'>episcopus</span> <span class='ocrx_word' id='word_1_399' title='bbox 539 3955 656 4001; x_wconf 87' lang='lat' dir='ltr'>servus</span> <span class='ocrx_word' id='word_1_400' title='bbox 669 3952 842 4001; x_wconf 81' lang='lat' dir='ltr'>servorum</span> <span class='ocrx_word' id='word_1_401' title='bbox 853 3937 923 4010; x_wconf 87' lang='lat' dir='ltr'>Dei,</span> <span class='ocrx_word' id='word_1_402' title='bbox 981 3934 1114 4000; x_wconf 92' lang='lat' dir='ltr'>domino</span> <span class='ocrx_word' id='word_1_403' title='bbox 1135 3940 1340 4006; x_wconf 91' lang='lat' dir='ltr'>Herimanno</span> <span class='ocrx_word' id='word_1_404' title='bbox 1364 3945 1614 4027; x_wconf 88' lang='lat' dir='ltr'>archiepiscopo</span> <span class='ocrx_word' id='word_1_405' title='bbox 1636 3950 1783 4012; x_wconf 88' lang='lat' dir='ltr'>Cantna-</span> 
     </span>
     <span class='ocr_line' id='line_1_39' title="bbox 123 4035 1784 4122; baseline 0.01 -26"><span class='ocrx_word' id='word_1_406' title='bbox 123 4035 255 4098; x_wconf 90' lang='lat' dir='ltr'>dilectis</span> <span class='ocrx_word' id='word_1_407' title='bbox 277 4036 355 4099; x_wconf 87' lang='lat' dir='ltr'>liliis</span> <span class='ocrx_word' id='word_1_408' title='bbox 376 4038 549 4115; x_wconf 80' lang='lat' dir='ltr'>magistro,</span> <span class='ocrx_word' id='word_1_409' title='bbox 573 4037 605 4100; x_wconf 91' lang='lat' dir='ltr'>et</span> <span class='ocrx_word' id='word_1_410' title='bbox 626 4036 784 4100; x_wconf 82' lang='lat' dir='ltr'>iratribus</span> <span class='ocrx_word' id='word_1_411' title='bbox 811 4036 927 4113; x_wconf 91' lang='lat' dir='ltr'>hospi·</span> <span class='ocrx_word' id='word_1_412' title='bbox 982 4036 1784 4122; x_wconf 80' lang='lat' dir='ltr'>rien,ErnestoHelven.,.l0annaHorwicen.,et</span> 
     </span>
     <span class='ocr_line' id='line_1_40' title="bbox 122 4132 1781 4222; baseline 0.007 -25"><span class='ocrx_word' id='word_1_413' title='bbox 122 4134 202 4197; x_wconf 90' lang='lat' dir='ltr'>talis</span> <span class='ocrx_word' id='word_1_414' title='bbox 227 4136 358 4197; x_wconf 84' lang='lat' dir='ltr'>Sanctae</span> <span class='ocrx_word' id='word_1_415' title='bbox 386 4136 502 4198; x_wconf 84' lang='lat' dir='ltr'>Maciae</span> <span class='ocrx_word' id='word_1_416' title='bbox 529 4136 565 4197; x_wconf 92' lang='lat' dir='ltr'>in</span> <span class='ocrx_word' id='word_1_417' title='bbox 593 4136 706 4209; x_wconf 87' lang='lat' dir='ltr'>Saxie,</span> <span class='ocrx_word' id='word_1_418' title='bbox 726 4136 867 4197; x_wconf 89' lang='lat' dir='ltr'>salutem</span> <span class='ocrx_word' id='word_1_419' title='bbox 893 4136 927 4196; x_wconf 91' lang='lat' dir='ltr'>et</span> <span class='ocrx_word' id='word_1_420' title='bbox 982 4132 1151 4198; x_wconf 88' lang='lat' dir='ltr'>Willolmo</span> <span class='ocrx_word' id='word_1_421' title='bbox 1172 4139 1377 4202; x_wconf 82' lang='lat' dir='ltr'>londonien.</span> <span class='ocrx_word' id='word_1_422' title='bbox 1400 4144 1576 4222; x_wconf 88' lang='lat' dir='ltr'>episcopis,</span> <span class='ocrx_word' id='word_1_423' title='bbox 1604 4146 1781 4209; x_wconf 86' lang='lat' dir='ltr'>Guillelmo</span> 
     </span>
     <span class='ocr_line' id='line_1_41' title="bbox 122 4230 1782 4315; baseline 0.009 -21"><span class='ocrx_word' id='word_1_424' title='bbox 122 4234 348 4311; x_wconf 82' lang='lat' dir='ltr'>Apostolicam</span> <span class='ocrx_word' id='word_1_425' title='bbox 362 4232 638 4296; x_wconf 89' lang='lat' dir='ltr'>benedictionem.</span> <span class='ocrx_word' id='word_1_426' title='bbox 980 4230 1050 4294; x_wconf 88' lang='lat' dir='ltr'>illio</span> <span class='ocrx_word' id='word_1_427' title='bbox 1063 4235 1154 4297; x_wconf 88' lang='lat' dir='ltr'>Petri</span> <span class='ocrx_word' id='word_1_428' title='bbox 1165 4238 1467 4315; x_wconf 81' lang='lat' dir='ltr'>comitislissexini,</span> <span class='ocrx_word' id='word_1_429' title='bbox 1476 4245 1782 4309; x_wconf 87' lang='lat' dir='ltr'>comiteWillrelmo</span> 
     </span>
     <span class='ocr_line' id='line_1_42' title="bbox 164 4331 1779 4421; baseline 0.011 -31"><span class='ocrx_word' id='word_1_430' title='bbox 164 4331 272 4393; x_wconf 79' lang='lat' dir='ltr'>Clarae</span> <span class='ocrx_word' id='word_1_431' title='bbox 282 4331 924 4409; x_wconf 76' lang='lat' dir='ltr'>memoriaetoannesraxnuglorumad</span> <span class='ocrx_word' id='word_1_432' title='bbox 980 4334 1198 4406; x_wconf 87' lang='lat' dir='ltr'>marescallo,</span> <span class='ocrx_word' id='word_1_433' title='bbox 1232 4336 1377 4399; x_wconf 82' lang='lat' dir='ltr'>Roberto</span> <span class='ocrx_word' id='word_1_434' title='bbox 1415 4342 1534 4402; x_wconf 89' lang='lat' dir='ltr'>comite</span> <span class='ocrx_word' id='word_1_435' title='bbox 1570 4344 1779 4421; x_wconf 84' lang='lat' dir='ltr'>beycestriaa.</span> 
     </span>
     <span class='ocr_line' id='line_1_43' title="bbox 123 4430 1782 4517; baseline 0.008 -27"><span class='ocrx_word' id='word_1_436' title='bbox 123 4445 256 4508; x_wconf 86' lang='lat' dir='ltr'>preces,</span> <span class='ocrx_word' id='word_1_437' title='bbox 284 4431 318 4491; x_wconf 94' lang='lat' dir='ltr'>et</span> <span class='ocrx_word' id='word_1_438' title='bbox 345 4430 594 4493; x_wconf 83' lang='lat' dir='ltr'>exhortationes</span> <span class='ocrx_word' id='word_1_439' title='bbox 623 4430 730 4493; x_wconf 82' lang='lat' dir='ltr'>salicis</span> <span class='ocrx_word' id='word_1_440' title='bbox 756 4431 924 4493; x_wconf 81' lang='lat' dir='ltr'>memoriae</span> <span class='ocrx_word' id='word_1_441' title='bbox 981 4431 1099 4491; x_wconf 84' lang='lat' dir='ltr'>Datum</span> <span class='ocrx_word' id='word_1_442' title='bbox 1115 4447 1174 4508; x_wconf 92' lang='lat' dir='ltr'>per</span> <span class='ocrx_word' id='word_1_443' title='bbox 1189 4450 1323 4495; x_wconf 89' lang='lat' dir='ltr'>manum</span> <span class='ocrx_word' id='word_1_444' title='bbox 1342 4436 1457 4497; x_wconf 82' lang='lat' dir='ltr'>sifridi</span> <span class='ocrx_word' id='word_1_445' title='bbox 1472 4440 1642 4517; x_wconf 83' lang='lat' dir='ltr'>praepositi</span> <span class='ocrx_word' id='word_1_446' title='bbox 1656 4444 1782 4504; x_wconf 84' lang='lat' dir='ltr'>Bauer-</span> 
     </span>
     <span class='ocr_line' id='line_1_44' title="bbox 123 4527 1781 4616; baseline 0.007 -27"><span class='ocrx_word' id='word_1_447' title='bbox 123 4531 225 4605; x_wconf 85' lang='lat' dir='ltr'>Papae</span> <span class='ocrx_word' id='word_1_448' title='bbox 254 4528 510 4606; x_wconf 89' lang='lat' dir='ltr'>praedecessoris</span> <span class='ocrx_word' id='word_1_449' title='bbox 545 4528 650 4592; x_wconf 86' lang='lat' dir='ltr'>nostri</span> <span class='ocrx_word' id='word_1_450' title='bbox 676 4529 851 4591; x_wconf 87' lang='lat' dir='ltr'>ecclesiam</span> <span class='ocrx_word' id='word_1_451' title='bbox 884 4529 925 4591; x_wconf 91' lang='lat' dir='ltr'>de</span> <span class='ocrx_word' id='word_1_452' title='bbox 981 4527 1100 4601; x_wconf 81' lang='lat' dir='ltr'>lacem,</span> <span class='ocrx_word' id='word_1_453' title='bbox 1118 4533 1151 4592; x_wconf 90' lang='lat' dir='ltr'>et</span> <span class='ocrx_word' id='word_1_454' title='bbox 1165 4532 1394 4596; x_wconf 86' lang='lat' dir='ltr'>archidiaconi</span> <span class='ocrx_word' id='word_1_455' title='bbox 1412 4536 1542 4598; x_wconf 89' lang='lat' dir='ltr'>Wellen</span> <span class='ocrx_word' id='word_1_456' title='bbox 1570 4539 1657 4616; x_wconf 88' lang='lat' dir='ltr'>apud</span> <span class='ocrx_word' id='word_1_457' title='bbox 1681 4543 1781 4603; x_wconf 87' lang='lat' dir='ltr'>Wes-</span> 
     </span>
     <span class='ocr_line' id='line_1_45' title="bbox 122 4624 1779 4717; baseline 0.01 -32"><span class='ocrx_word' id='word_1_458' title='bbox 122 4624 280 4697; x_wconf 88' lang='lat' dir='ltr'>Wintele,</span> <span class='ocrx_word' id='word_1_459' title='bbox 297 4642 370 4703; x_wconf 82' lang='lat' dir='ltr'>quaa</span> <span class='ocrx_word' id='word_1_460' title='bbox 385 4626 514 4687; x_wconf 88' lang='lat' dir='ltr'>ratione</span> <span class='ocrx_word' id='word_1_461' title='bbox 527 4626 721 4703; x_wconf 88' lang='lat' dir='ltr'>patronatus</span> <span class='ocrx_word' id='word_1_462' title='bbox 739 4624 926 4704; x_wconf 87' lang='lat' dir='ltr'>pertinebat</span> <span class='ocrx_word' id='word_1_463' title='bbox 981 4626 1058 4699; x_wconf 89' lang='lat' dir='ltr'>tien,</span> <span class='ocrx_word' id='word_1_464' title='bbox 1076 4628 1237 4703; x_wconf 82' lang='lat' dir='ltr'>vigesima</span> <span class='ocrx_word' id='word_1_465' title='bbox 1254 4632 1369 4709; x_wconf 90' lang='lat' dir='ltr'>quinta</span> <span class='ocrx_word' id='word_1_466' title='bbox 1389 4632 1443 4695; x_wconf 91' lang='lat' dir='ltr'>dia</span> <span class='ocrx_word' id='word_1_467' title='bbox 1455 4636 1566 4697; x_wconf 90' lang='lat' dir='ltr'>martii</span> <span class='ocrx_word' id='word_1_468' title='bbox 1580 4653 1669 4699; x_wconf 85' lang='lat' dir='ltr'>anno</span> <span class='ocrx_word' id='word_1_469' title='bbox 1684 4642 1779 4717; x_wconf 81' lang='lat' dir='ltr'>regni</span> 
     </span>
     <span class='ocr_line' id='line_1_46' title="bbox 122 4723 1256 4805; baseline 0.004 -20"><span class='ocrx_word' id='word_1_470' title='bbox 122 4723 165 4785; x_wconf 90' lang='lat' dir='ltr'>ad</span> <span class='ocrx_word' id='word_1_471' title='bbox 179 4724 299 4800; x_wconf 93' lang='lat' dir='ltr'>ipsum,</span> <span class='ocrx_word' id='word_1_472' title='bbox 325 4723 360 4785; x_wconf 91' lang='lat' dir='ltr'>in</span> <span class='ocrx_word' id='word_1_473' title='bbox 375 4740 505 4802; x_wconf 90' lang='lat' dir='ltr'>puram,</span> <span class='ocrx_word' id='word_1_474' title='bbox 523 4725 556 4786; x_wconf 90' lang='lat' dir='ltr'>et</span> <span class='ocrx_word' id='word_1_475' title='bbox 570 4724 764 4803; x_wconf 86' lang='lat' dir='ltr'>perpetuam</span> <span class='ocrx_word' id='word_1_476' title='bbox 779 4725 925 4786; x_wconf 90' lang='lat' dir='ltr'>eleemo-</span> <span class='ocrx_word' id='word_1_477' title='bbox 980 4726 1085 4787; x_wconf 87' lang='lat' dir='ltr'>nostri</span> <span class='ocrx_word' id='word_1_478' title='bbox 1099 4728 1224 4805; x_wconf 92' lang='lat' dir='ltr'>quinto.</span> <span class='ocrx_word' id='word_1_479' title='bbox 1238 4747 1256 4789; x_wconf 75' lang='lat' dir='ltr'>a</span> 
     </span>
    </p>
   </div>
   <div class='ocr_carea' id='block_1_5' title="bbox 121 4822 1878 4902">
    <p class='ocr_par' dir='ltr' id='par_1_5' title="bbox 121 4822 1878 4902">
     <span class='ocr_line' id='line_1_47' title="bbox 121 4822 1878 4902; baseline 0.011 -21"><span class='ocrx_word' id='word_1_480' title='bbox 121 4838 240 4899; x_wconf 86' lang='lat' dir='ltr'>synam</span> <span class='ocrx_word' id='word_1_481' title='bbox 254 4822 295 4884; x_wconf 89' lang='lat' dir='ltr'>ad</span> <span class='ocrx_word' id='word_1_482' title='bbox 311 4838 417 4896; x_wconf 89' lang='lat' dir='ltr'>nsum,</span> <span class='ocrx_word' id='word_1_483' title='bbox 435 4824 468 4885; x_wconf 93' lang='lat' dir='ltr'>et</span> <span class='ocrx_word' id='word_1_484' title='bbox 482 4822 756 4885; x_wconf 89' lang='lat' dir='ltr'>sustentationem</span> <span class='ocrx_word' id='word_1_485' title='bbox 768 4823 923 4885; x_wconf 85' lang='lat' dir='ltr'>intirmo—</span> <span class='ocrx_word' id='word_1_486' title='bbox 1021 4824 1111 4885; x_wconf 92' lang='lat' dir='ltr'>Nulli</span> <span class='ocrx_word' id='word_1_487' title='bbox 1127 4841 1207 4902; x_wconf 81' lang='lat' dir='ltr'>ergo</span> <span class='ocrx_word' id='word_1_488' title='bbox 1229 4830 1374 4891; x_wconf 91' lang='lat' dir='ltr'>omnimo</span> <span class='ocrx_word' id='word_1_489' title='bbox 1390 4832 1558 4895; x_wconf 91' lang='lat' dir='ltr'>bominum</span> <span class='ocrx_word' id='word_1_490' title='bbox 1574 4835 1674 4899; x_wconf 88' lang='lat' dir='ltr'>liceat</span> <span class='ocrx_word' id='word_1_491' title='bbox 1692 4835 1779 4900; x_wconf 91' lang='lat' dir='ltr'>hanc</span> <span class='ocrx_word' id='word_1_492' title='bbox 1874 4826 1878 4831; x_wconf 68' lang='grc'><strong>’</strong></span> 
     </span>
    </p>
   </div>
   <div class='ocr_carea' id='block_1_6' title="bbox 119 4921 1780 5685">
    <p class='ocr_par' dir='ltr' id='par_1_6' title="bbox 119 4921 1780 5489">
     <span class='ocr_line' id='line_1_48' title="bbox 121 4921 1780 5005; baseline 0.01 -24"><span class='ocrx_word' id='word_1_493' title='bbox 121 4937 197 4981; x_wconf 93' lang='lat' dir='ltr'>rum</span> <span class='ocrx_word' id='word_1_494' title='bbox 212 4936 252 4982; x_wconf 89' lang='lat' dir='ltr'>ac</span> <span class='ocrx_word' id='word_1_495' title='bbox 267 4936 450 4999; x_wconf 90' lang='lat' dir='ltr'>pauperum</span> <span class='ocrx_word' id='word_1_496' title='bbox 470 4921 629 4999; x_wconf 89' lang='lat' dir='ltr'>hospitali</span> <span class='ocrx_word' id='word_1_497' title='bbox 643 4922 753 4983; x_wconf 83' lang='lat' dir='ltr'>vestro</span> <span class='ocrx_word' id='word_1_498' title='bbox 775 4921 921 4994; x_wconf 85' lang='lat' dir='ltr'>donarit,</span> <span class='ocrx_word' id='word_1_499' title='bbox 979 4923 1134 5000; x_wconf 84' lang='lat' dir='ltr'>pagiuam</span> <span class='ocrx_word' id='word_1_500' title='bbox 1151 4928 1272 4987; x_wconf 89' lang='lat' dir='ltr'>nostrae</span> <span class='ocrx_word' id='word_1_501' title='bbox 1283 4928 1555 5005; x_wconf 82' lang='lat' dir='ltr'>confirmationis,</span> <span class='ocrx_word' id='word_1_502' title='bbox 1572 4934 1605 4996; x_wconf 90' lang='lat' dir='ltr'>et</span> <span class='ocrx_word' id='word_1_503' title='bbox 1617 4922 1780 4998; x_wconf 86' lang='lat' dir='ltr'>constitu-</span> 
     </span>
     <span class='ocr_line' id='line_1_49' title="bbox 120 5019 1779 5099; baseline 0.01 -19"><span class='ocrx_word' id='word_1_504' title='bbox 120 5019 272 5081; x_wconf 87' lang='lat' dir='ltr'>statuens</span> <span class='ocrx_word' id='word_1_505' title='bbox 287 5021 320 5081; x_wconf 93' lang='lat' dir='ltr'>et</span> <span class='ocrx_word' id='word_1_506' title='bbox 334 5020 529 5092; x_wconf 87' lang='lat' dir='ltr'>concedens,</span> <span class='ocrx_word' id='word_1_507' title='bbox 551 5020 586 5083; x_wconf 93' lang='lat' dir='ltr'>ut</span> <span class='ocrx_word' id='word_1_508' title='bbox 610 5020 713 5082; x_wconf 88' lang='lat' dir='ltr'>donec</span> <span class='ocrx_word' id='word_1_509' title='bbox 735 5021 807 5099; x_wconf 87' lang='lat' dir='ltr'>ipsa</span> <span class='ocrx_word' id='word_1_510' title='bbox 828 5020 925 5082; x_wconf 82' lang='lat' dir='ltr'>vacet</span> <span class='ocrx_word' id='word_1_511' title='bbox 977 5021 1078 5082; x_wconf 90' lang='lat' dir='ltr'>tionis</span> <span class='ocrx_word' id='word_1_512' title='bbox 1097 5021 1355 5099; x_wconf 75' lang='lat' dir='ltr'>infringerarel</span> <span class='ocrx_word' id='word_1_513' title='bbox 1366 5028 1395 5087; x_wconf 91' lang='lat' dir='ltr'>ei</span> <span class='ocrx_word' id='word_1_514' title='bbox 1410 5044 1494 5090; x_wconf 89' lang='lat' dir='ltr'>ausu</span> <span class='ocrx_word' id='word_1_515' title='bbox 1504 5033 1682 5096; x_wconf 87' lang='lat' dir='ltr'>temerario</span> <span class='ocrx_word' id='word_1_516' title='bbox 1697 5051 1779 5096; x_wconf 90' lang='lat' dir='ltr'>oon-</span> 
     </span>
     <span class='ocr_line' id='line_1_50' title="bbox 120 5117 1778 5213; baseline 0.009 -34"><span class='ocrx_word' id='word_1_517' title='bbox 120 5118 276 5190; x_wconf 87' lang='lat' dir='ltr'>ecclesia,</span> <span class='ocrx_word' id='word_1_518' title='bbox 290 5120 422 5180; x_wconf 89' lang='lat' dir='ltr'>centum</span> <span class='ocrx_word' id='word_1_519' title='bbox 437 5134 567 5180; x_wconf 86' lang='lat' dir='ltr'>marcas</span> <span class='ocrx_word' id='word_1_520' title='bbox 582 5117 755 5181; x_wconf 87' lang='lat' dir='ltr'>annuatim</span> <span class='ocrx_word' id='word_1_521' title='bbox 765 5119 806 5180; x_wconf 89' lang='lat' dir='ltr'>ad</span> <span class='ocrx_word' id='word_1_522' title='bbox 818 5134 924 5181; x_wconf 88' lang='lat' dir='ltr'>sacca·</span> <span class='ocrx_word' id='word_1_523' title='bbox 978 5120 1091 5181; x_wconf 82' lang='lat' dir='ltr'>tratre.</span> <span class='ocrx_word' id='word_1_524' title='bbox 1104 5120 1137 5181; x_wconf 87' lang='lat' dir='ltr'>Si</span> <span class='ocrx_word' id='word_1_525' title='bbox 1149 5122 1338 5198; x_wconf 88' lang='lat' dir='ltr'>quisautem</span> <span class='ocrx_word' id='word_1_526' title='bbox 1349 5125 1411 5187; x_wconf 85' lang='lat' dir='ltr'>lroc</span> <span class='ocrx_word' id='word_1_527' title='bbox 1421 5128 1583 5192; x_wconf 87' lang='lat' dir='ltr'>attentare</span> <span class='ocrx_word' id='word_1_528' title='bbox 1592 5148 1778 5213; x_wconf 82' lang='lat' dir='ltr'>praesump-</span> 
     </span>
     <span class='ocr_line' id='line_1_51' title="bbox 120 5216 1776 5305; baseline 0.01 -28"><span class='ocrx_word' id='word_1_529' title='bbox 120 5216 923 5295; x_wconf 81' lang='lat' dir='ltr'>riumintestoSanctiMichaelisidemperoipiat</span> <span class='ocrx_word' id='word_1_530' title='bbox 978 5218 1069 5291; x_wconf 89' lang='lat' dir='ltr'>serit,</span> <span class='ocrx_word' id='word_1_531' title='bbox 1095 5218 1356 5296; x_wconf 80' lang='lat' dir='ltr'>indignationem</span> <span class='ocrx_word' id='word_1_532' title='bbox 1386 5227 1620 5303; x_wconf 90' lang='lat' dir='ltr'>omnipotentis</span> <span class='ocrx_word' id='word_1_533' title='bbox 1636 5232 1706 5305; x_wconf 89' lang='lat' dir='ltr'>Dei,</span> <span class='ocrx_word' id='word_1_534' title='bbox 1736 5250 1776 5294; x_wconf 88' lang='lat' dir='ltr'>ao</span> 
     </span>
     <span class='ocr_line' id='line_1_52' title="bbox 119 5314 1776 5409; baseline 0.011 -34"><span class='ocrx_word' id='word_1_535' title='bbox 119 5314 290 5392; x_wconf 82' lang='lat' dir='ltr'>hospitali.</span> <span class='ocrx_word' id='word_1_536' title='bbox 305 5317 374 5377; x_wconf 90' lang='lat' dir='ltr'>Nos</span> <span class='ocrx_word' id='word_1_537' title='bbox 390 5314 492 5392; x_wconf 84' lang='lat' dir='ltr'>igitur</span> <span class='ocrx_word' id='word_1_538' title='bbox 508 5315 549 5378; x_wconf 86' lang='lat' dir='ltr'>ad</span> <span class='ocrx_word' id='word_1_539' title='bbox 565 5315 736 5393; x_wconf 80' lang='lat' dir='ltr'>exemplar</span> <span class='ocrx_word' id='word_1_540' title='bbox 750 5316 922 5378; x_wconf 88' lang='lat' dir='ltr'>memorati</span> <span class='ocrx_word' id='word_1_541' title='bbox 977 5316 1147 5377; x_wconf 71' lang='lat' dir='ltr'>lieutorum</span> <span class='ocrx_word' id='word_1_542' title='bbox 1161 5320 1248 5380; x_wconf 91' lang='lat' dir='ltr'>Petri</span> <span class='ocrx_word' id='word_1_543' title='bbox 1262 5321 1294 5381; x_wconf 89' lang='lat' dir='ltr'>et</span> <span class='ocrx_word' id='word_1_544' title='bbox 1306 5322 1401 5383; x_wconf 89' lang='lat' dir='ltr'>Pauli</span> <span class='ocrx_word' id='word_1_545' title='bbox 1411 5327 1642 5401; x_wconf 89' lang='lat' dir='ltr'>Apostolorum</span> <span class='ocrx_word' id='word_1_546' title='bbox 1652 5333 1725 5409; x_wconf 90' lang='lat' dir='ltr'>ejus</span> <span class='ocrx_word' id='word_1_547' title='bbox 1739 5348 1776 5395; x_wconf 87' lang='lat' dir='ltr'>so</span> 
     </span>
     <span class='ocr_line' id='line_1_53' title="bbox 119 5410 1342 5489; baseline 0.005 -16"><span class='ocrx_word' id='word_1_548' title='bbox 119 5410 377 5489; x_wconf 87' lang='lat' dir='ltr'>praedecessoris</span> <span class='ocrx_word' id='word_1_549' title='bbox 392 5412 497 5473; x_wconf 90' lang='lat' dir='ltr'>nostri</span> <span class='ocrx_word' id='word_1_550' title='bbox 520 5412 554 5473; x_wconf 90' lang='lat' dir='ltr'>in</span> <span class='ocrx_word' id='word_1_551' title='bbox 576 5412 723 5474; x_wconf 81' lang='lat' dir='ltr'>savorem</span> <span class='ocrx_word' id='word_1_552' title='bbox 748 5411 923 5489; x_wconf 86' lang='lat' dir='ltr'>hospitali·</span> <span class='ocrx_word' id='word_1_553' title='bbox 978 5415 1108 5476; x_wconf 88' lang='lat' dir='ltr'>noverit</span> <span class='ocrx_word' id='word_1_554' title='bbox 1121 5416 1342 5480; x_wconf 89' lang='lat' dir='ltr'>incursurum.</span> 
     </span>
    </p>

    <p class='ocr_par' dir='ltr' id='par_1_7' title="bbox 119 5509 1775 5685">
     <span class='ocr_line' id='line_1_54' title="bbox 121 5509 1775 5605; baseline 0.011 -34"><span class='ocrx_word' id='word_1_555' title='bbox 121 5509 201 5571; x_wconf 88' lang='lat' dir='ltr'>tatis</span> <span class='ocrx_word' id='word_1_556' title='bbox 231 5509 454 5583; x_wconf 89' lang='lat' dir='ltr'>donationem,</span> <span class='ocrx_word' id='word_1_557' title='bbox 485 5511 518 5574; x_wconf 87' lang='lat' dir='ltr'>at</span> <span class='ocrx_word' id='word_1_558' title='bbox 543 5511 791 5573; x_wconf 89' lang='lat' dir='ltr'>concessionem</span> <span class='ocrx_word' id='word_1_559' title='bbox 815 5512 921 5590; x_wconf 86' lang='lat' dir='ltr'>ipsam</span> <span class='ocrx_word' id='word_1_560' title='bbox 1017 5516 1134 5574; x_wconf 87' lang='lat' dir='ltr'>Datum</span> <span class='ocrx_word' id='word_1_561' title='bbox 1149 5517 1302 5578; x_wconf 85' lang='lat' dir='ltr'>Laterani</span> <span class='ocrx_word' id='word_1_562' title='bbox 1314 5519 1414 5582; x_wconf 87' lang='lat' dir='ltr'>tertio</span> <span class='ocrx_word' id='word_1_563' title='bbox 1424 5537 1530 5586; x_wconf 89' lang='lat' dir='ltr'>nonas</span> <span class='ocrx_word' id='word_1_564' title='bbox 1536 5527 1685 5603; x_wconf 86' lang='lat' dir='ltr'>januarii</span> <span class='ocrx_word' id='word_1_565' title='bbox 1695 5544 1775 5605; x_wconf 90' lang='lat' dir='ltr'>pon-</span> 
     </span>
     <span class='ocr_line' id='line_1_55' title="bbox 119 5605 1515 5685; baseline 0.011 -17"><span class='ocrx_word' id='word_1_566' title='bbox 119 5606 229 5669; x_wconf 88' lang='lat' dir='ltr'>ratam</span> <span class='ocrx_word' id='word_1_567' title='bbox 253 5605 425 5680; x_wconf 88' lang='lat' dir='ltr'>babentes,</span> <span class='ocrx_word' id='word_1_568' title='bbox 448 5608 598 5670; x_wconf 88' lang='lat' dir='ltr'>eamdem</span> <span class='ocrx_word' id='word_1_569' title='bbox 626 5608 800 5671; x_wconf 89' lang='lat' dir='ltr'>ecclesiam</span> <span class='ocrx_word' id='word_1_570' title='bbox 829 5609 922 5672; x_wconf 78' lang='lat' dir='ltr'>salso</span> <span class='ocrx_word' id='word_1_571' title='bbox 978 5610 1121 5674; x_wconf 87' lang='lat' dir='ltr'>titlcatus</span> <span class='ocrx_word' id='word_1_572' title='bbox 1138 5615 1240 5677; x_wconf 88' lang='lat' dir='ltr'>nostri</span> <span class='ocrx_word' id='word_1_573' title='bbox 1255 5631 1343 5680; x_wconf 92' lang='lat' dir='ltr'>anno</span> <span class='ocrx_word' id='word_1_574' title='bbox 1359 5621 1515 5685; x_wconf 88' lang='lat' dir='ltr'>secundo.</span> 
     </span>
    </p>
   </div>
   <div class='ocr_carea' id='block_1_7' title="bbox 266 5742 1619 5813">
    <p class='ocr_par' dir='ltr' id='par_1_8' title="bbox 266 5742 1619 5813">
     <span class='ocr_line' id='line_1_56' title="bbox 266 5742 1619 5813; baseline 0.012 -16"><span class='ocrx_word' id='word_1_575' title='bbox 266 5752 384 5797; x_wconf 76' lang='lat' dir='ltr'>cernor..</span> <span class='ocrx_word' id='word_1_576' title='bbox 404 5754 478 5797; x_wconf 82' lang='lat' dir='ltr'>roua</span> <span class='ocrx_word' id='word_1_577' title='bbox 499 5742 535 5799; x_wconf 92' lang='lat' dir='ltr'>ll.</span> <span class='ocrx_word' id='word_1_578' title='bbox 1584 5756 1619 5813; x_wconf 82' lang='lat' dir='ltr'>lo</span> 
     </span>
    </p>
   </div>
   <div class='ocr_carea' id='block_1_8' title="bbox 0 0 1906 6165">
    <p class='ocr_par' dir='ltr' id='par_1_9' title="bbox 0 0 1906 6165">
     <span class='ocr_line' id='line_1_57' title="bbox 0 0 1906 6165; baseline 0 0"><span class='ocrx_word' id='word_1_579' title='bbox 0 0 1906 6165; x_wconf 95' lang='lat' dir='ltr'> </span> 
     </span>
    </p>
   </div>
  </div>
 </body>
</html>
