3794 6166
118 263 181 325 845

119 422 256 485 obedire
266 421 485 490 mandatis,ut
495 436 588 482 arma
597 419 712 482 contra
724 419 914 497 illususque

119 521 162 582 ad
176 519 431 598 quadriennium
446 535 513 581 non
525 520 707 580 moverent.

162 617 226 680 Sed
241 618 269 678 si
281 618 380 679 etiam
394 616 601 694 respicerent
615 633 633 676 e
654 615 776 688 vicino,
794 630 914 677 nomen

119 714 253 777 Domini
265 715 383 777 saltem
401 730 476 777 sero
491 714 701 792 requirerent
713 715 746 775 et
764 713 805 774 ad
820 713 914 773 illum

119 813 276 877 intuitum
303 810 450 890 ipsorum
484 812 651 888 erigerent
683 809 913 884 tenebrosum,

118 927 197 972 cum
219 926 334 972 eorum
356 910 390 972 et
414 907 723 974 Mediolanensium.
744 908 915 987 inquibus

119 1008 300 1079 confidunt,
317 1007 507 1086 superbiam
522 1024 597 1069 cum
611 1006 794 1083 ignominia
809 1007 916 1068 corri-

119 1106 242 1182 puerit,
265 1104 458 1183 dederitque
473 1104 654 1165 humilibus
669 1105 718 1166 eis
735 1104 917 1165 resistenti·

118 1203 397 1280 busgratiam,ita
408 1204 444 1265 ut
456 1219 530 1264 cum
542 1203 606 1279 ipsi
621 1201 916 1264 crederentomnia

118 1302 272 1377 redigere
284 1302 320 1362 in
331 1301 477 1362 cinerem
495 1302 529 1362 et
545 1300 704 1371 favillam,
717 1301 872 1362 viderunt
884 1300 917 1361 et

120 1399 310 1471 doluerunt,
321 1399 406 1478 quod
422 1415 537 1461 eorum
547 1398 751 1475 arrogantia,
761 1398 918 1474 indigna·

119 1498 167 1560 tio
184 1498 217 1558 et
228 1496 384 1574 superbia
399 1497 449 1558 est
464 1496 563 1572 longe
577 1495 731 1573 amplius,
750 1511 848 1572 quam
864 1495 917 1572 ip-

119 1610 232 1656 sorum
255 1609 321 1656 non
336 1593 602 1656 erubescentium
617 1593 785 1655 fortitudo.
810 1596 915 1655 Porro

118 1692 271 1771 quamvis
286 1693 415 1769 sperari
426 1693 571 1768 potuerit
583 1694 616 1753 et
626 1692 809 1753 verisimile
827 1691 916 1752 vide·

118 1792 222 1863 retur,
240 1791 276 1852 ut
289 1790 365 1868 ipsi,
383 1790 439 1868 qui
462 1790 498 1850 in
522 1806 637 1852 eorum
661 1790 816 1866 episcopo
837 1804 917 1865 gra·

117 1887 233 1951 tiama
248 1885 343 1948 nobis
356 1888 531 1949 senserant
544 1887 733 1964 specialem,
748 1901 847 1963 qnam
862 1885 916 1946 ob·

116 1983 226 2047 tinere
256 2000 277 2046 a
310 1984 417 2046 felicis
445 1984 687 2046 recordationis
723 1982 915 2045 innocentio

117 2097 205 2160 papa
231 2081 478 2160 praedecessore
504 2082 617 2143 nostro
636 2081 773 2142 minime
798 2080 917 2142 value-

117 2180 208 2247 runt,
227 2179 381 2241 mandata
404 2178 518 2241 nostra
538 2195 604 2240 non
626 2176 913 2255 parvipenderent,

117 2293 227 2355 neque
242 2293 302 2338 nos
322 2278 355 2338 et
379 2280 561 2338 Romanam
585 2275 767 2337 Ecclesiam
789 2275 830 2336 ad
847 2276 918 2337 ira-

117 2374 275 2436 cundiam
295 2376 524 2451 provocarent,
542 2390 711 2450 nunquam
732 2374 844 2435 tamen
866 2374 917 2435 te-

118 2473 264 2550 puerunt
297 2487 372 2533 cum
405 2471 573 2549 praedictis
611 2470 915 2533 Mediolanensibus

120 2570 274 2648 persequi
312 2569 542 2642 Christianos,
574 2568 628 2630 vel
661 2569 773 2630 verius
806 2569 915 2646 ipsum

119 2667 299 2730 Christum.
326 2667 387 2739 Qui
407 2667 518 2739 etiam,
546 2666 625 2729 licet
645 2666 681 2727 in
705 2666 916 2744 expeditione

118 2765 228 2843 ipsius
243 2764 283 2825 ab
297 2764 424 2826 oriente
440 2780 543 2842 usque
556 2764 597 2825 ad
608 2764 811 2825 occidentem
826 2763 915 2825 totus

120 2862 192 2924 lere
219 2862 378 2938 urgeatur
401 2861 542 2939 populus
568 2860 785 2933 christianus,
805 2861 916 2922 crecta

117 2961 232 3021 tamen
242 2959 372 3020 cervice
385 2961 500 3020 contra
517 2958 692 3019 Dominum
712 2957 913 3030 incedentes,

117 3073 208 3118 nunc
223 3058 338 3117 contra
353 3056 528 3133 praedictos
539 3058 777 3116 Cremonenses
792 3055 826 3116 et
838 3057 917 3115 Par-

118 3169 250 3215 menses
274 3170 349 3214 oum
373 3152 498 3213 eisdem
528 3149 833 3213 Mediolanensibus
860 3166 917 3210 su-

120 3250 222 3329 perbo
238 3251 333 3312 oculo
359 3251 391 3312 et
413 3247 594 3310 insatiabili
610 3247 711 3309 corde
732 3246 916 3309 exercitum

118 3364 309 3428 praeparare
319 3347 481 3415 nituntur,
496 3338 532 3407 se
547 3361 623 3407 reos
634 3344 774 3423 perJurii
786 3343 916 3422 publice

120 3443 634 3522 statuentes,cumipsi,quodam
649 3442 847 3520 proditionis
863 3458 917 3518 ge·

119 3541 917 3618 nere,Crem0nensesetParmensespervenien·

117 3645 169 3706 tes
184 3642 328 3713 eosdem,
340 3642 389 3702 eis
405 3656 509 3718 usqne
524 3638 565 3700 ad
576 3639 773 3701 decennium
787 3638 916 3699 firmam

117 3739 269 3815 treugam
295 3737 487 3799 hisdiebus
507 3733 707 3813 juraverunt
725 3733 914 3796 observare.

120 3836 215 3899 Unde
233 3836 312 3913 quia
334 3834 417 3895 nibil
435 3833 525 3895 aliud
549 3835 677 3896 restare
691 3833 832 3905 videtur,
849 3831 916 3893 nisi

119 3937 158 3995 nt
190 3935 226 3994 in
261 3933 468 3994 contusionis
506 3931 725 4009 praecipitium
758 3929 918 3993 corruant

119 4030 338 4107 ignominiam
365 4029 571 4101 adducentis,
589 4044 663 4091 cum
683 4028 805 4106 praeter
824 4028 914 4088 divi·

120 4144 200 4189 num
215 4128 380 4195 timorem,
392 4142 488 4206 quem
504 4142 641 4204 prorsus
661 4124 824 4203 abjecisse
839 4139 918 4186 nos·

121 4227 252 4298 cuntur,
267 4239 476 4303 nequaquam
496 4223 747 4286 confundantur·
764 4222 819 4286 vel
834 4237 915 4284 eru-

120 4322 260 4385 bescant
288 4323 450 4393 adversis,
483 4337 603 4382 manus
634 4320 766 4382 nostras
797 4318 833 4381 in
859 4333 917 4380 eos

121 4418 278 4479 duximus
305 4416 553 4494 aggravandas,
582 4416 731 4478 volentes
757 4415 914 4486 rectores,

121 4515 345 4588 consiliarios,
360 4532 421 4578 nec
435 4530 502 4577 non
524 4517 558 4576 et
578 4513 773 4575 societatum
792 4512 919 4588 magis-

120 4614 191 4674 tros
204 4613 349 4675 civitatis
363 4628 477 4673 eorum
498 4628 557 4690 per
570 4613 672 4674 totam
685 4609 916 4673 bombardiam

121 4710 264 4786 singulis
275 4710 390 4771 diebus
405 4709 580 4772 dominicis
593 4710 626 4771 et
649 4707 789 4779 festivis,
804 4706 919 4785 pulsa-

120 4809 165 4870 tis
182 4808 353 4886 campanis
376 4810 409 4870 et
434 4808 582 4870 candelis
603 4807 766 4876 accensis,
781 4821 918 4869 excom-

121 4906 306 4968 municatos
321 4906 452 4984 publice
467 4905 626 4967 nuntiari.
643 4907 682 4966 Et
697 4920 739 4966 ue
754 4904 814 4966 alii
827 4903 916 4966 cives

121 5004 308 5066 Placentini
320 5003 570 5065 excusationem
585 5002 720 5064 valeant
734 5016 866 5064 sumere
880 5001 915 5063 in

121 5102 279 5179 peccatis,
296 5117 410 5162 omnes
436 5101 623 5178 praedictos,
638 5099 694 5178 qui
720 5099 762 5161 ad
785 5099 917 5176 impug-

121 5199 267 5260 nandum
285 5201 524 5260 Cremonenses
544 5198 577 5260 et
602 5201 798 5259 Parmenses
822 5212 916 5257 arma

120 5297 295 5359 decaetero
315 5295 529 5373 sumpserint,
551 5296 604 5357 vel
620 5295 661 5356 ad
677 5292 916 5358 devastandum

119 5395 244 5456 terram
261 5394 413 5456 venerint
427 5393 629 5466 eorumdem,
641 5391 914 5456 excommunica-

119 5489 222 5554 tionis
236 5490 370 5551 vinculo
383 5488 593 5550 innodamus.

162 5589 331 5650 Sententia
351 5588 517 5650 consimili
530 5588 749 5665 percellentes
766 5589 914 5649 rectores

743 258 971 320 EPISTOLAE.
984 260 1073 321 ΗΒ.
1097 261 1137 320 ΙΙ.

1704 256 1870 362 846Ι

967 418 1001 480 et
1014 417 1226 480 consiliarios
1241 419 1411 481 civitatum
1426 419 1572 492 illarum,
1590 436 1664 499 quae
1679 420 1762 482 Pla-

968 516 1111 578 centinis
1124 517 1293 579 societatis
1308 517 1433 581 loedere
1447 520 1525 580 sunt
1539 519 1718 591 adstrictae,
1733 519 1764 580 si

968 616 1083 676 contra
1097 615 1336 705 Cremonenses
1348 616 1400 678 vel
1421 620 1619 678 Parmenses
1632 617 1765 694 praesti-

968 713 1080 776 terunt
1089 712 1264 787 auxilium,
1281 715 1459 777 consilium
1473 714 1526 777 vel
1545 715 1694 777 favorem
1708 715 1766 776 iis·

969 810 1053 872 dem.
1070 815 1117 875 Ac
1132 812 1207 889 pari
1220 826 1278 874 eos
1291 813 1425 874 vinculo
1440 813 1627 890 alligamus,
1653 813 1710 893 qui
1724 813 1766 874 de

969 909 1172 971 Placentinis
1194 909 1339 988 aliquem
1354 913 1629 988 praesumpserint
1648 912 1685 973 in
1700 927 1765 990 po-

968 1008 1122 1069 testatem
1136 1022 1308 1071 assumere
1320 1008 1376 1071 vel
1389 1010 1563 1072 rectorem.
1581 1012 1673 1073 Bona
1688 1026 1767 1088 quo·

970 1119 1033 1182 que
1046 1104 1169 1166 civium
1181 1107 1426 1183 praedictorum,
1435 1108 1633 1187 ubicumque
1643 1108 1767 1170 inerint

969 1201 1116 1276 inventa,
1135 1205 1348 1282 praecipimus
1358 1204 1513 1279 detineri,
1528 1208 1766 1269 interdicentes

971 1302 1136 1363 universis
1151 1304 1184 1364 et
1196 1303 1349 1380 siugulis,
1376 1320 1419 1368 ne
1443 1321 1518 1367 cum
1537 1306 1587 1366 eis
1602 1321 1767 1367 commer-

970 1399 1057 1460 cium
1072 1399 1218 1463 babeant
1229 1401 1282 1464 vel
1295 1403 1513 1464 contractum.
1529 1403 1577 1466 Ad
1598 1405 1670 1465 baec
1685 1404 1767 1464 uni-

968 1498 1069 1570 versi,
1087 1499 1144 1575 qui
1168 1500 1218 1560 eis
1240 1500 1409 1562 societatis
1435 1500 1560 1564 foedere
1585 1500 1646 1564 sub
1668 1505 1769 1580 jura-

970 1597 1072 1658 menti
1097 1597 1231 1660 vinculo
1258 1600 1337 1661 sunt
1358 1600 1521 1670 adstricti,
1545 1600 1705 1677 quantum
1725 1600 1766 1661 ad

970 1694 1032 1755 boc
1047 1694 1115 1755 illis
1138 1712 1175 1757 se
1195 1698 1352 1759 noverint
1366 1699 1558 1775 juramento
1576 1698 1766 1775 hujusmodi

969 1807 1035 1852 non
1061 1793 1187 1866 teneri,
1221 1810 1295 1855 cum
1317 1795 1552 1871 jusjurandum
1578 1795 1766 1874 iniquitatis

969 1887 1139 1949 vinculum
1167 1905 1242 1951 esse
1270 1905 1336 1952 non
1361 1890 1489 1964 debeat,
1517 1892 1576 1954 sed
1602 1893 1767 1970 aequitatis

970 1985 1078 2061 potins
1100 1987 1134 2048 et
1151 1987 1292 2063 justitiae
1317 1987 1575 2052 firmamentum.
1605 1991 1768 2062 Quocirca

969 2083 1180 2144 universitati
1205 2086 1324 2146 vestrae
1347 2101 1407 2162 per
1428 2087 1617 2164 apostolica
1643 2088 1768 2164 scripta

969 2180 1765 2263 praecipiendomandamus,quatenuspraemissa,

969 2277 1099 2340 sublato
1113 2281 1346 2357 appellationis
1367 2282 1551 2356 obstaculo,
1571 2284 1606 2346 et
1627 2282 1766 2360 vosipsi

970 2375 1110 2439 firmiter
1133 2378 1337 2453 observetis,
1363 2380 1397 2442 et
1427 2383 1587 2459 quantum
1612 2381 1648 2444 in
1670 2381 1766 2443 vobis
1811 2445 1814 2450 ,

969 2471 1079 2546 luerit,
1094 2472 1225 2538 iactatis
1234 2476 1476 2542 inviolabiliter
1491 2479 1674 2542 observari.

1009 2573 1128 2634 Datum
1142 2575 1309 2647 Laterani,
1325 2578 1370 2637 111
1386 2577 1462 2638 idus
1478 2577 1567 2655 julii,
1582 2576 1763 2654 pontifica-

969 2669 1236 2734 tusnostrianno
1249 2673 1405 2736 secundo.

1011 2797 1054 2856 ln
1069 2799 1227 2858 eltrudem
1239 2802 1379 2860 modum
1395 2798 1554 2876 scriptum
1577 2801 1628 2862 est
1641 2814 1768 2877 praepo·

970 2891 1033 2954 sito
1049 2895 1274 2968 Cremonensi,
1289 2896 1434 2958 mutatis
1448 2898 1633 2960 mutandis.
1647 2900 1766 2959 Datum

969 2992 1015 3052 XI
1030 2989 1098 3052 kal.
1112 2990 1257 3068 augusti,
1271 3008 1361 3055 anno
1377 2993 1534 3056 secundo.

1258 3168 1477 3256 cccxxxi

1028 3303 1081 3362 Ad
1094 3266 1277 3364 nrttcerscs
1291 3305 1465 3378 episcopos
1479 3305 1703 3366 bombardae.

1275 3416 1308 3474 lt
1323 3415 1374 3489 jul.
1392 3417 1470 3474 ltili.

1109 3521 1240 3586 [Bahman
1250 3521 1314 3573 Acta
1324 3523 1399 3587 imp,
1411 3524 1441 3581 ll,
1453 3522 1509 3581 sti,
1524 3539 1549 3574 n.
1558 3523 1624 3588 aas]

970 3629 1019 3687 Eis
1034 3628 1180 3702 significat
1200 3645 1232 3687 se
1247 3630 1496 3687 excommunicare
1510 3639 1646 3702 rectores,
1668 3633 1764 3690 consi·

1004 3717 1103 3775 llarios
1115 3717 1371 3778 Mediolanensium
1386 3720 1434 3791 qul
1446 3728 1544 3777 contra
1557 3721 1765 3779 Cremonenses

1004 3814 1033 3864 et
1048 3808 1219 3865 Parmenses
1231 3808 1385 3864 exercitum
1397 3823 1558 3880 praeparare
1573 3810 1710 3868 nituntur.

1010 3925 1177 3987 Honorius
1185 3924 1371 4002 episcopus,
1385 3940 1502 3987 servus
1511 3942 1682 3990 servorum
1691 3928 1762 4002 Dei,

969 4022 1216 4084 venerabilibus
1230 4020 1390 4083 fratribus
1411 4024 1577 4086 universis
1599 4025 1764 4104 episcopis

971 4119 1187 4193 lombardiae,
1213 4121 1352 4183 salutem
1375 4122 1409 4183 et
1431 4123 1647 4199 apostolicam
1662 4123 1765 4186 bene-

970 4217 1158 4280 dictionem.
1766 4214 1772 4219 ’

1011 4315 1146 4392 Sperari
1168 4315 1298 4391 poterat
1321 4318 1356 4378 et
1372 4316 1555 4379 verisimile
1576 4318 1762 4391 videbatur,

971 4412 1007 4474 ut
1020 4411 1299 4482 Mediolanenses,
1315 4428 1455 4491 quorum
1469 4414 1648 4477 elationem
1663 4416 1694 4477 et
1707 4432 1767 4476 su-

970 4506 1120 4585 perbiam
1143 4508 1336 4570 consuetam
1362 4509 1522 4571 Dominus
1548 4526 1765 4573 cumeorum

971 4603 1166 4667 confusione
1196 4605 1367 4684 corripuit,
1398 4623 1519 4670 nomen
1547 4611 1621 4687 ejus
1655 4608 1765 4670 saltim

970 4718 1045 4765 sero
1062 4703 1272 4780 requirerent
1280 4704 1319 4787 ¹at
1333 4704 1374 4767 ad
1387 4704 1481 4766 illum
1498 4705 1654 4768 intuitum
1673 4705 1766 4783 ipso-

970 4815 1043 4860 rum
1054 4800 1222 4876 erigerent
1234 4801 1459 4872 tenebrosum,
1475 4806 1572 4881 cujus
1588 4819 1707 4864 manus
1715 4805 1766 4866 est

970 4914 1071 4975 super
1093 4914 1225 4960 omnem
1247 4899 1425 4977 superbum
1444 4903 1477 4963 et
1489 4902 1712 4977 arrogantem,
1729 4904 1765 4964 ut

969 4997 1184 5060 eminentiam
1200 4998 1336 5059 enervet
1357 4997 1547 5059 sublimium
1565 5001 1598 5062 et
1616 5002 1765 5077 proster-

969 5094 1027 5155 nat
1047 5094 1257 5156 altitudinem
1283 5095 1512 5172 superborum.
1532 5099 1627 5159 Certe
1648 5098 1677 5159 si
1693 5114 1766 5160 res-

970 5191 1095 5268 piciant
1122 5207 1141 5253 e
1165 5192 1295 5265 vicino,
1324 5208 1394 5254 suae
1418 5193 1582 5258 duntaxat
1609 5196 1764 5272 potentiae

969 5289 1067 5351 inniti
1082 5305 1148 5351 non
1159 5288 1278 5351 debent
1288 5292 1319 5352 et
1333 5290 1487 5352 fiduciam
1500 5308 1624 5368 ponere
1637 5293 1670 5353 in
1684 5294 1764 5353 mul·

969 5387 1109 5450 titudine
1128 5387 1375 5464 quadrigarum.
1402 5390 1487 5450 Nam
1511 5389 1692 5452 humilibus
1714 5391 1764 5452 eis

969 5485 1201 5548 resistentibus
1209 5485 1298 5547 dedit
1312 5486 1472 5548 Dominus
1485 5488 1640 5565 gratiam,
1660 5488 1704 5548 ita
1717 5490 1762 5559 ut,

969 5599 1044 5644 cum
1056 5581 1121 5660 ipsi
1133 5581 1307 5644 crederent
1318 5584 1430 5646 omnia
1449 5584 1601 5660 redigere
1621 5583 1655 5643 in
1672 5584 1765 5644 ciue-
