3802 6166
742 273 919 335 llONORll
939 272 987 333 111
1007 274 1157 337 OPERA.

122 661 175 721 Ad
189 656 392 729 Bcrculsam
405 656 610 717 cerranicum
629 654 920 730 Mcpatcnenscm.

429 806 448 863 8
462 820 522 878 apr.
541 805 620 863 itit.

170 925 279 989 [begeat.
291 923 336 973 lib.
349 922 369 985 l,
383 923 458 986 epist.
467 922 522 971 366.
536 921 594 972 lise.
605 922 641 972 La
650 921 725 971 Porte
735 920 770 970 da
782 918 875 985 Tlreil].

124 1088 240 1147 Liberat
253 1100 321 1145 eum
334 1085 370 1143 ab
386 1079 762 1159 irregularitatisvitioquod
772 1082 924 1138 incurrisse

159 1176 318 1248 dicebatur,
331 1190 368 1233 ex
380 1172 501 1248 eoquod
512 1174 540 1231 in
552 1172 664 1247 legibus
677 1171 753 1246 apud
767 1171 924 1230 Bononiam

159 1266 318 1326 studuerat.

166 1411 347 1484 lionorius,
364 1412 444 1482 etc,
469 1408 592 1471 dilecto
615 1408 684 1471 tilio
711 1411 749 1469 G.
773 1404 926 1469 Berculio

126 1512 289 1573 cartamico
311 1510 522 1583 Magalonen.
548 1508 640 1570 Solet
659 1521 810 1569 annuero
825 1506 926 1568 Sedes

127 1608 331 1687 ltpnstnliea,
359 1609 435 1679 ote,
461 1622 595 1681 ruspare:
621 1605 796 1684 impertiri.
821 1605 927 1676 Quum

130 1707 243 1779 igitur,
265 1706 385 1767 dilecte
403 1705 437 1765 in
452 1705 584 1767 Cbristo
600 1704 659 1777 illi,
683 1704 816 1782 quidam
832 1717 928 1765 cano-

130 1803 198 1869 uici
223 1803 433 1879 Magalouen.
452 1802 601 1865 ecclesiae
623 1801 771 1863 dicentes
787 1802 820 1862 te
838 1799 927 1861 irre-

130 1900 322 1977 gularitatis
351 1900 535 1963 incurrisse
560 1901 746 1971 sitiumex
773 1915 814 1960 eo
842 1897 929 1977 quod

131 2002 246 2063 rantra
270 1998 502 2062 inhibitionem
523 1999 619 2061 bonta
635 1996 804 2059 memorias
823 1996 929 2059 Alba-

131 2116 208 2161 nen.
221 2096 317 2161 olertti
332 2100 409 2159 tratre
420 2096 617 2177 apostolicae
632 2096 726 2159 Sedis
739 2095 852 2172 legati,
868 2093 929 2155 sub

131 2216 229 2277 paura
243 2196 597 2259 amentiamunientionis
609 2194 741 2267 iactam,
755 2194 790 2256 in
801 2193 930 2271 legibus

131 2296 218 2375 upral
244 2296 427 2359 Bononiam
449 2293 617 2363 studuisti,
642 2292 844 2371 promotioni
865 2294 930 2354 tuae

131 2410 192 2475 pro
220 2410 291 2457 srrru
314 2394 496 2457 urrlurrtntis
521 2392 660 2454 arbitrio
684 2408 721 2454 se
748 2391 929 2469 opponunt,

132 2508 332 2571 qrrarnquam
356 2492 401 2561 tu,
422 2490 570 2553 dimissis
594 2490 733 2565 legibus,
750 2504 770 2550 a
789 2503 932 2551 venera-

132 2590 193 2653 blll
211 2590 314 2653 butro
329 2591 443 2651 nostro
458 2589 645 2649 Tusculano
660 2588 828 2663 episcopo,
846 2585 932 2646 sicut

133 2688 168 2751 tn
185 2688 335 2765 ejusdem
355 2686 475 2749 littoris
497 2686 619 2746 dicitur
639 2684 814 2755 contineri,
831 2698 932 2759 super

135 2786 198 2847 lanc
213 2784 433 2846 absolutionis
448 2782 645 2844 beneficium
662 2779 860 2856 impetraris,
875 2796 932 2839 no·

134 2880 185 2941 bis
207 2880 379 2941 humiliter
402 2878 596 2956 supplicasti
619 2880 655 2939 ut
676 2893 775 2954 super
789 2877 851 2937 hoc
870 2876 931 2938 tibi

134 2977 310 3055 providere
333 2976 594 3037 misericorditer
614 2974 839 3051 dignaremur.
862 2977 931 3036 Nos

135 3091 215 3151 ergo
229 3075 295 3136 tuis
308 3074 410 3152 justis
423 3072 577 3150 precibus
593 3071 757 3144 inclinati,
770 3072 932 3150 ut,impe-

135 3173 281 3235 dimento
303 3170 494 3249 hujusmodi
514 3186 581 3232 non
602 3170 764 3242 obstante,
791 3172 821 3231 si
838 3170 931 3232 aliud

135 3271 334 3333 canonicum
348 3284 416 3331 nen
431 3267 581 3339 obsistat,
599 3266 713 3329 valeas
730 3268 929 3345 promoveri,

134 3367 332 3430 auctoritate
366 3364 427 3428 tibi
461 3365 674 3442 presentium
708 3365 928 3443 indulgemus.

134 3466 228 3528 Nulli
249 3480 341 3541 ergo,
357 3464 435 3534 etc,
460 3463 583 3524 nostras
604 3463 841 3533 concessionis,
866 3465 931 3527 ete.

135 3564 171 3625 Si
186 3563 261 3641 quis
275 3564 398 3633 autem,
414 3562 477 3622 etc.

173 3662 294 3723 Datum
313 3657 481 3729 Laterani,
498 3657 592 3719 sexte
611 3657 685 3718 idus
700 3658 827 3737 aprilis,
841 3674 929 3737 pon-

132 3756 279 3821 tificatus
293 3757 398 3820 nostri
411 3770 499 3818 anno
513 3755 632 3833 primo.

455 3969 601 4058 cuxei

152 4179 206 4240 ad
220 4177 448 4253 prepositum
462 4178 497 4240 et
508 4180 690 4241 cenezaeos
705 4181 854 4241 ecclesie
866 4181 909 4242 de

320 4277 369 4336 Lo
385 4276 558 4337 Morirrcrt.
573 4278 740 4339 diaecesis.

433 4432 531 4507 bapt.
553 4433 633 4491 tali.

180 4557 288 4625 [liegest.
299 4555 344 4607 lib.
354 4556 375 4616 l,
385 4557 461 4622 epist.
473 4556 528 4607 385.
541 4557 597 4608 llss.
610 4556 646 4608 La
655 4557 731 4609 l’erte
741 4558 776 4609 du
785 4558 880 4621 lircil]

133 4720 266 4794 Indulget
279 4720 322 4777 eis
340 4725 372 4777 ut
387 4718 532 4794 generalis
547 4718 687 4776 interdicti
703 4726 841 4793 tempore,
856 4721 928 4796 ipsis

168 4811 262 4882 liceat,
277 4809 374 4883 ianuis
384 4809 499 4877 clausis,
515 4807 611 4865 divina
627 4807 720 4866 officia
735 4809 891 4867 celebrare.

173 4946 351 5018 Honorius,
367 4945 444 5017 etc,
462 4944 590 5007 dilectis
610 4943 688 5005 liliis
703 4946 880 5022 praeposito
895 4947 928 5009 et

134 5043 304 5104 canonicis
328 5042 479 5105 ecclesiae
502 5042 543 5104 de
566 5043 624 5115 Le,
650 5043 814 5104 Morinen.
839 5043 926 5106 dioe·

133 5157 230 5203 cesus.

1717 284 1776 348 aba

976 433 1094 499 nicatis
1106 438 1139 498 et
1149 434 1347 511 interdictis,
1361 453 1543 517 suppressa
1552 456 1648 516 rece,
1664 442 1775 507 dirim

976 529 1086 593 cilicia
1112 532 1294 595 celebrare.
1317 535 1411 597 Nulli
1433 552 1526 614 ergo,
1552 539 1631 612 etc,
1656 542 1776 605 nostre

976 629 1212 703 concessionis,
1228 633 1292 694 etc.
1308 631 1345 693 Si
1358 632 1433 711 quis
1446 634 1572 707 autem,
1585 636 1652 697 etc.

1016 728 1135 788 Datum
1150 729 1317 801 Laterani,
1332 731 1448 808 quinto
1460 732 1537 793 idus
1556 733 1692 811 aprilis,
1705 750 1775 812 pon-

977 824 1121 886 titicatus
1136 826 1241 889 nostri
1254 841 1342 889 auno
1354 828 1474 906 primo.

1300 1043 1467 1132 ccxcii

1008 1249 1061 1311 Ad
1084 1250 1243 1324 priorem
1263 1250 1297 1312 et
1317 1252 1450 1325 patres
1469 1254 1605 1316 sorrctae
1625 1256 1752 1319 Marte

1284 1351 1326 1410 dc
1343 1352 1472 1412 Rite-reo.

1284 1505 1315 1563 ll
1327 1521 1388 1579 apr.
1406 1508 1487 1568 tarr.

1013 1619 1165 1686 [bullarium
1182 1621 1364 1672 canonicemm
1378 1622 1532 1687 regularium
1547 1627 1750 1691 congregationis

1156 1700 1182 1751 S.
1196 1700 1345 1762 salvatoris,
1358 1708 1379 1755 t.
1389 1702 1411 1763 1,
1427 1717 1453 1768 p.
1468 1701 1500 1754 tt
1510 1709 1538 1755 et
1548 1704 1607 1771 22]

984 1881 1126 1937 llenorius
1144 1880 1221 1953 Papa
1242 1881 1282 1938 lll
1298 1880 1394 1938 ornnia
1414 1896 1465 1954 prr
1487 1882 1652 1941 Gerardum
1673 1887 1771 1958 episee

1018 1984 1085 2042 puna
1101 1969 1312 2026 Bononiensem
1328 1969 1426 2028 lavore
1440 1973 1652 2031 canonicorum
1670 1977 1772 2049 regula·

1019 2058 1091 2115 rium
1113 2065 1220 2114 sanctae
1237 2058 1336 2115 itariae
1358 2058 1394 2116 de
1409 2058 1511 2118 abeno
1527 2059 1675 2134 disposita
1688 2078 1772 2121 corre

1018 2148 1110 2218 beret,
1125 2154 1154 2204 et
1167 2146 1329 2206 condrmat.

1025 2292 1189 2354 llonorius
1203 2292 1513 2371 episcopusservus
1523 2311 1703 2359 serrorum
1713 2297 1772 2367 uei,

985 2391 1113 2453 dilectis
1128 2391 1206 2451 liliis
1219 2390 1335 2468 priori,
1350 2392 1383 2453 et
1395 2392 1553 2454 iratribus
1567 2398 1698 2457 sanctae
1711 2397 1772 2457 lla-

984 2491 1044 2553 riae
1060 2491 1101 2551 de
1116 2489 1247 2562 Rhene,
1264 2489 1406 2551 salutem
1424 2492 1458 2553 et
1475 2492 1706 2569 Apostolicam
1725 2493 1773 2555 be-

985 2589 1218 2651 nedictionem.

1025 2687 1129 2750 iustis
1137 2686 1317 2763 petentium
1328 2684 1503 2748 desideriis
1511 2687 1655 2763 dignum
1665 2690 1772 2752 estam

986 2786 1117 2847 facilem
1132 2784 1280 2861 praebere
1294 2800 1503 2858 consensum,
1518 2787 1552 2848 et
1566 2790 1661 2859 vota,
1678 2802 1772 2867 quaa

985 2882 1263 2945 rationistramite
1277 2897 1343 2942 non
1358 2882 1560 2957 discordant,
1570 2885 1696 2948 effectu
1708 2902 1772 2964 pro-

985 2983 1144 3059 sequente
1172 2980 1348 3057 complere.
1375 2983 1580 3059 Bapropter,
1608 2984 1770 3048 dilectiia

986 3082 1125 3142 Domine
1144 3079 1217 3151 iiiii,
1237 3080 1358 3141 uestris
1376 3081 1476 3156 justis
1498 3083 1771 3157 postulationibus

984 3181 1080 3256 grato
1100 3180 1334 3241 concurrentes
1357 3194 1513 3249 assensu,
1534 3182 1768 3251 concessiones,

985 3279 1018 3339 et
1037 3276 1317 3348 confirmationes,
1338 3276 1608 3351 constitutiones,
1632 3281 1667 3341 et
1682 3279 1769 3341 liber·

985 3376 1081 3447 tatae,
1102 3376 1169 3436 tarn
1190 3375 1225 3435 iu
1244 3374 1476 3436 obseruatione
1495 3378 1695 3439 monasterii
1708 3391 1770 3439 res·

984 3474 1046 3545 tri,
1073 3475 1105 3535 et
1127 3472 1337 3534 ordinatione
1355 3471 1554 3534 clericorum
1573 3475 1767 3547 vestrorum,

985 3588 1083 3649 quam
1107 3572 1142 3632 in
1166 3570 1333 3642 eeclesiis,
1360 3571 1395 3632 et
1416 3570 1571 3644 decimis,
1604 3574 1767 3651 primitiis,

985 3667 1220 3741 oblationibus,
1240 3668 1353 3741 terris,
1368 3669 1488 3741 eineis,
1506 3669 1655 3741 olivetis,
1665 3672 1766 3751 sylvis,

984 3766 1236 3844 piscationibus,
1248 3768 1281 3828 et
1292 3767 1370 3827 aliis
1379 3766 1478 3827 rebus
1488 3770 1709 3833 evenerabili
1718 3770 1766 3831 ira

984 3868 1035 3927 tre
1049 3866 1165 3927 nostro
1175 3864 1378 3926 Bononiensi
1391 3864 1547 3942 episcopo
1561 3866 1605 3929 de
1618 3882 1766 3931 consensu

984 3962 1121 4040 capituli
1142 3964 1195 4024 sui
1214 3961 1310 4024 uobis
1328 3962 1484 4036 indultas,
1505 3966 1601 4026 ratas
1622 3965 1766 4029 babentes

983 4077 1052 4133 eas,
1069 4061 1155 4121 sicut
1169 4062 1261 4139 justa
1279 4077 1319 4122 ac
1340 4061 1479 4139 pacitice
1497 4061 1672 4138 obtinetis,
1694 4064 1765 4127 etia

983 4159 1175 4221 authentico
1197 4159 1303 4236 ipsius
1327 4159 1485 4236 episcopi,
1511 4164 1611 4239 cujus
1634 4164 1764 4225 tenerare

982 4259 1024 4319 de
1038 4257 1138 4319 verbo
1154 4256 1357 4329 adverbum,
1372 4257 1530 4335 praesenti
1539 4261 1706 4336 jussimus
1717 4274 1763 4339 pa·

982 4356 1061 4433 gina
1076 4355 1242 4428 annotari,
1259 4354 1392 4432 plenius
1408 4356 1611 4431 continetur,
1626 4359 1727 4430 robis,
1739 4358 1762 4417 et

982 4470 1041 4531 per
1068 4469 1129 4514 ros
1155 4453 1313 4529 praedicto
1337 4454 1551 4526 monasterie,
1582 4456 1761 4519 auctoritate

981 4551 1171 4629 Apostolica
1181 4550 1654 4629 confirmamuserpraesenus
1664 4548 1758 4630 scripti

981 4649 1167 4728 patrocinio
1183 4650 1425 4710 communimus
1441 4671 1450 4725 3
1466 4652 1567 4713 tenor
1585 4654 1695 4716 autem
1709 4666 1757 4713 aa·

981 4747 1121 4810 ibentici
1136 4748 1311 4809 memorati
1325 4750 1376 4809 est
1389 4748 1466 4808 talis
1481 4769 1489 4809 ε

1021 4848 1092 4906 alu
1121 4846 1255 4906 nomine
1271 4848 1303 4906 S.
1330 4848 1363 4907 et
1383 4846 1565 4909 individuae
1581 4846 1753 4911 mantue:

982 4943 1159 5011 (berardus,
1183 4944 1243 5004 Dei
1263 4943 1371 5019 gratia
1383 4944 1608 5008 Bononiensis
1629 4942 1754 5010 ecclesie

981 5040 1144 5113 minister,
1161 5040 1239 5101 licet
1251 5041 1418 5117 indignus,
1433 5041 1564 5103 dilectis
1577 5044 1658 5106 tiliis
1670 5034 1752 5119 ugoni

981 5139 1097 5217 priori,
1113 5139 1147 5200 et
1162 5137 1321 5200 iratribus
1336 5138 1486 5200 ecclesiae
1502 5141 1536 5200 S.
1553 5143 1683 5215 Mariae,
1698 5148 1752 5216 que

174 5239 265 5300 Solet
279 5252 428 5300 annuere
443 5238 544 5300 Sedes
556 5238 757 5315 apostolice,
774 5240 849 5312 etc,
867 5256 929 5302 ers-
977 5240 1073 5315 juxta
1090 5237 1243 5299 Rhenum
1253 5237 1317 5298 sita
1332 5239 1393 5310 est,
1407 5237 1520 5299 divino
1532 5242 1669 5302 sortitio
1680 5248 1753 5300 maa

132 5336 594 5412 qrrezassensu.buctoritate
603 5335 700 5398 nobis
714 5339 927 5413 praesentium
982 5335 1112 5411 cipatis,
1139 5336 1206 5396 mm
1229 5335 1448 5411 presentibus
1470 5352 1570 5413 quam
1597 5331 1753 5400 suturisit

132 5434 353 5512 indulgemus,
381 5435 417 5495 ut
442 5449 517 5494 cum
541 5434 697 5509 generale
715 5434 927 5497 interdictum
981 5436 1187 5510 perpetuum.
1201 5433 1445 5496 Ecclesiasticae
1461 5434 1693 5498 sollicitudinis
1704 5430 1755 5511 pie·

132 5536 231 5596 terrae
257 5531 368 5603 luerit,
395 5530 496 5592 liceat
520 5531 625 5604 vobis,
654 5531 777 5593 clausis
799 5533 925 5610 januis,
981 5534 1032 5595 tas
1050 5546 1110 5591 nos
1123 5531 1249 5608 jugiter
1268 5532 1436 5602 admouet,
1452 5534 1488 5593 ut
1504 5533 1754 5611 religiosasper-

131 5647 198 5694 uon
213 5629 354 5709 pulsatis
371 5628 553 5706 campanis,
576 5630 721 5693 exclusis
736 5646 928 5694 exeommu-
982 5644 1095 5705 sonas,
1111 5630 1210 5707 atque
1227 5629 1424 5709 religionem
1442 5632 1511 5696 lieo
1529 5632 1684 5711 placitam
1700 5630 1757 5693 sttr-
