3802 6166
131 279 191 341 ω
594 265 771 328 HONORII
792 266 838 329 111
859 263 1009 327 OPERA.
1025 292 1064 309 -
1080 260 1313 327 SERMONES.
1723 270 1782 333 124

171 434 266 501 Unde
287 432 328 497 de
343 432 417 510 lpso
436 442 611 508 possumus
632 425 754 497 dicere,
782 423 860 503 quia
880 424 930 489 ost
985 424 1020 485 ut
1046 420 1163 487 heatus
1191 424 1371 501 Gregorius
1399 422 1490 499 dicit,
1516 424 1688 489 «eterne
1705 425 1785 493 vite

131 538 192 600 lux
205 533 328 605 mundi,
355 530 443 608 quia,
460 525 547 589 siout
569 525 629 586 lux
650 524 928 585 illuminattene-
984 524 1185 600 comparata,
1207 539 1297 585 mors
1315 525 1366 587 est
1387 523 1497 600 potius
1522 523 1665 588 dicenda
1684 540 1785 605 quam

131 636 225 704 bras,
262 631 308 693 ita
332 625 496 705 sapientia
520 623 609 685 beati
638 622 734 684 Pauli
762 621 930 683 illuminat
984 620 1063 682 rita.
1087 624 1161 699 lpse
1184 622 1273 683 enim
1296 622 1509 699 quotidianus
1532 622 1682 685 detectus
1705 641 1786 687 cor-

130 732 325 797 Ecclesiam.
349 730 388 789 Et
403 725 462 797 sic,
486 725 522 785 ut
541 723 600 783 lux
624 720 793 782 illuminat
815 719 928 781 oculos
983 719 1159 795 ruptionis,
1189 719 1267 796 quid
1295 721 1345 781 est
1370 720 1472 793 alind,
1503 737 1604 798 quam
1630 723 1785 800 quasdam

132 830 292 909 corporis,
320 826 367 889 ita
388 823 506 885 beatus
521 819 646 882 Paulus
666 819 834 880 illuminat
848 834 930 879 ocu·
984 817 1158 893 prolixitas
1175 818 1314 879 mortist
1333 835 1351 877 a
1373 822 1480 896 Hujus
1499 820 1604 895 igitur
1621 820 1701 883 vitae
1716 822 1785 882 mi-

130 931 181 993 los
205 926 336 989 ruentis.
361 925 445 985 Ecce
469 936 567 998 quam
596 917 678 980 felix
702 934 803 991 mors,
829 933 928 993 quam
984 931 1069 976 serae
1085 932 1173 977 mors
1188 916 1508 991 rivilloansdicitur,
1523 919 1602 995 quia
1617 919 1675 995 qni
1692 935 1785 997 prae-

130 1029 212 1091 solix
226 1026 309 1088 rita!
327 1024 476 1085 Mortuus
495 1020 546 1080 est
567 1017 656 1079 enim
672 1015 805 1087 mundo,
827 1015 863 1076 ut
876 1014 930 1076 vi·
984 1016 1110 1076 sentem
1125 1014 1227 1077 ritem
1242 1016 1376 1092 propter
1398 1017 1502 1076 Deum
1526 1015 1730 1093 despexerit,
1754 1020 1787 1080 et

129 1127 223 1191 reret
235 1128 314 1187 Deo.
328 1121 478 1183 Mortuus
493 1118 544 1181 est
558 1116 647 1176 enim
660 1114 762 1185 vitiis,
780 1114 816 1174 ut
835 1112 930 1174 rire·
984 1112 1126 1174 honores
1149 1114 1182 1174 ot
1202 1113 1380 1189 dignitates
1401 1130 1461 1190 pro
1484 1114 1590 1175 nihilo
1611 1120 1788 1193 computa-

129 1227 182 1289 ret
199 1220 388 1285 virtutibus.
415 1216 566 1279 Mortuus
585 1216 636 1275 est
655 1212 719 1275 sibi
740 1213 777 1274 ut
801 1210 929 1273 viveret
982 1211 1078 1281 verit,
1099 1211 1201 1272 vitam
1228 1210 1409 1274 merebitur
1427 1213 1677 1289 sempiternam.
1699 1216 1786 1275 Nam

128 1323 253 1386 multis.
280 1319 432 1381 Mortuus
458 1316 508 1377 est
536 1314 649 1389 itaque
677 1309 817 1382 mundo,
850 1309 928 1388 quia
984 1310 1020 1370 ut
1041 1308 1264 1387 Philosophus
1283 1310 1331 1371 ait
1347 1330 1355 1371 ε
1373 1327 1392 1369 c
1413 1312 1577 1388 Superata
1604 1312 1707 1374 tellus
1733 1312 1786 1373 si-

129 1422 241 1486 shttim
258 1420 331 1496 post
346 1412 599 1478 conversionem
615 1425 709 1471 suam
724 1407 873 1470 funditus
894 1407 928 1468 iu
983 1406 1063 1469 dere
1078 1407 1221 1469 donat.»

128 1536 165 1583 se
187 1515 332 1581 extinxit
352 1528 454 1591 opera
477 1509 603 1582 mundi,
629 1507 786 1586 quoniam
813 1505 927 1568 statim
1023 1508 1070 1567 De
1083 1507 1190 1568 morto
1201 1505 1480 1584 concupiscentiae
1490 1506 1572 1570 dicit
1583 1507 1785 1570 Psalmista:

128 1618 302 1694 ingressus
316 1613 351 1675 in
370 1624 557 1689 synagogas
581 1604 785 1685 praedicabat
801 1606 926 1676 Jesum,
983 1607 1047 1673 oret
1058 1605 1195 1667 ceratas
1204 1607 1311 1667 enode
1321 1607 1434 1679 porto
1444 1606 1571 1668 morta
1584 1605 1653 1685 (Ps.
1668 1608 1699 1679 9,
1719 1605 1785 1686 15).

130 1714 288 1794 qnoniam
310 1709 366 1773 hic
385 1710 436 1770 est
456 1707 562 1769 Filius
587 1703 658 1769 nei.
683 1702 776 1766 Unde
797 1703 870 1780 ipse
892 1702 928 1763 in
984 1702 1092 1765 Portae
1103 1702 1220 1765 mortis
1233 1704 1311 1765 sunt
1325 1718 1441 1764 omnes
1454 1702 1653 1781 cupiditates
1663 1704 1789 1782 quibus

131 1811 279 1892 Epistola
296 1830 303 1869 ι
327 1807 495 1871 ceratinae
518 1820 589 1867 reon
606 1805 762 1878 acquievi
775 1803 876 1863 earm
894 1800 930 1863 et
983 1801 1051 1863 itur
1064 1801 1106 1863 ad
1120 1804 1272 1864 mortem.
1288 1804 1378 1864 Mors
1393 1801 1482 1864 enim
1492 1803 1544 1863 est
1554 1803 1625 1879 jam
1639 1802 1713 1880 ipsa
1730 1803 1788 1865 lae·

129 1911 293 1988 sategerint
304 1905 425 1987 (Galat.
442 1920 466 1977 1,
480 1901 545 1983 16),
556 1901 653 1974 idest,
670 1898 929 1976 consanguineis
982 1899 1056 1961 litia
1069 1898 1104 1961 in
1114 1899 1315 1976 perfruendo
1330 1899 1629 1977 concupitis.Unde
1641 1902 1790 1978 Aposto-

129 2011 163 2073 et
185 2007 303 2071 amicis
325 2003 419 2067 meis.
442 2002 595 2064 Mortuus
615 2003 667 2061 est
690 1997 926 2075 voluptatibus,
983 1998 1054 2058 lus:
1073 2001 1264 2073 Viduaque
1274 2001 1449 2061 indelictts
1458 1999 1555 2071 uiuit,
1567 2000 1709 2061 retortae
1733 2000 1787 2061 cst

129 2108 208 2186 quia
221 2104 332 2169 omnia
356 2100 469 2163 mundi
484 2099 724 2161 oblectamenta
739 2112 759 2157 a
775 2111 811 2157 se
826 2094 926 2173 peni·
984 2094 1012 2176 (l
1026 2096 1109 2158 Tim.
1125 2113 1157 2167 v.
1173 2095 1220 2175 6).
1238 2096 1372 2158 Exultat
1386 2096 1490 2172 igitur
1503 2099 1591 2157 Deus
1600 2099 1730 2173 justum
1744 2098 1787 2159 de

128 2208 183 2271 tus
198 2201 375 2273 abdicarit,
392 2200 425 2261 et
439 2198 473 2259 in
494 2196 632 2260 servitio
646 2198 727 2257 ιῖθειι
750 2194 874 2256 Christi
892 2193 928 2254 in
984 2194 1087 2271 portis
1108 2195 1236 2266 mortis,
1262 2194 1341 2272 quia
1356 2210 1433 2255 eum
1455 2210 1476 2257 a
1499 2194 1786 2272 concupiscentiis

129 2301 282 2367 omnibus
315 2296 479 2377 perlectus
501 2294 574 2357 mit.
608 2294 760 2356 Mortuus
783 2294 834 2355 est
864 2290 928 2353 sibi
982 2291 1221 2370 hujusmundi
1253 2292 1406 2369 superari
1432 2307 1499 2353 non
1526 2292 1700 2370 permittit.
1738 2296 1786 2355 De

128 2401 205 2479 ipsi,
222 2399 299 2477 quia
311 2398 357 2459 ita
371 2411 408 2459 se
424 2395 526 2456 totum
542 2392 730 2468 abnegavit,
745 2390 831 2467 quod
847 2405 928 2468 pas·
983 2390 1088 2453 morte
1104 2390 1232 2467 peccati
1244 2390 1325 2451 dicit
1344 2390 1521 2467 Apostolus
1535 2390 1577 2451 ad
1593 2393 1784 2453 Romanos:

130 2499 242 2561 siones
263 2498 297 2558 et
319 2492 483 2556 tormenta
497 2491 610 2553 omnia
625 2504 685 2566 pro
707 2488 839 2551 Christo
863 2486 941 2577 sibi
983 2489 1194 2551 Existimetur
1208 2503 1269 2551 vos
1287 2489 1444 2551 emortuos
1455 2491 1593 2563 arctoam
1611 2505 1687 2551 csse
1703 2505 1786 2565 pec-

129 2596 225 2657 illata
239 2610 300 2672 pro
315 2591 420 2652 nihilo
435 2588 649 2666 computavit.
982 2587 1069 2659 coto,
1093 2588 1249 2649 viventes
1266 2587 1386 2649 aretem,
1401 2590 1473 2650 Deo
1496 2590 1531 2649 in
1546 2590 1631 2649 Jcsu
1648 2589 1786 2650 cinisio

171 2693 264 2777 Unde
286 2690 396 2751 aiebat
414 2710 421 2749 ι
437 2705 455 2747 c
473 2689 542 2763 Ego
563 2700 631 2746 non
650 2684 758 2745 solum
782 2682 926 2759 alligari,
982 2682 1097 2761 (Rom.
1117 2700 1163 2757 vr,
1187 2683 1250 2764 ll).
1277 2688 1324 2747 Ao
1347 2684 1376 2745 si
1398 2685 1524 2747 diceret
1544 2706 1552 2745 ι
1575 2688 1601 2746 0
1628 2686 1782 2758 Romani,

129 2810 148 2853 c
170 2790 226 2852 sed
242 2790 275 2851 et
295 2787 378 2849 mori
392 2786 527 2863 paratus
543 2800 617 2844 sum
637 2797 696 2861 pro
713 2782 848 2843 nomine
863 2783 930 2841 bo-
980 2782 1171 2844 existimate
1192 2799 1253 2844 ros
1277 2784 1426 2846 mortuos
1454 2797 1528 2845 esso
1554 2786 1705 2860 peccate,
1729 2785 1784 2845 ri-

130 2906 149 2953 c
170 2888 254 2951 mini
276 2884 381 2949 nostri
402 2887 484 2947 Jesu
504 2881 638 2953 Christi,
663 2895 725 2943 uec
747 2879 834 2941 laoio
853 2880 929 2941 ani·
983 2883 1097 2943 ventes
1107 2882 1218 2943 autem
1231 2880 1488 2946 Deovirtutibus
1498 2882 1534 2943 in
1547 2880 1681 2944 Christo
1690 2884 1782 2956 Josu,

129 3006 148 3049 c
170 3003 258 3048 mam
273 3000 379 3046 meam
396 2980 626 3060 pretiosiorem
647 2994 746 3057 quam
768 2993 831 3039 me.
849 2995 868 3039 a
889 2979 929 3041 Et
983 2979 1079 3051 idest,
1096 2979 1131 3040 in
1147 2978 1273 3041 honore
1288 2979 1423 3041 Christi.

129 3087 229 3148 item:
250 3087 331 3145 Virro
346 3082 465 3143 eutem
476 3083 556 3152 jam
569 3092 639 3140 nort
653 3090 726 3154 eac,
747 3077 833 3139 υῖυῖῖ
845 3091 929 3138 vero
1023 3079 1114 3139 Mors
1124 3092 1254 3155 quoque
1269 3077 1465 3139 beatitloans
1479 3077 1599 3154 triplex
1613 3078 1676 3151 est,
1693 3079 1785 3141 ride-
1812 3108 1817 3125 ·

129 3187 166 3247 tn
178 3198 234 3245 aare
250 3181 406 3244 Clrrtstus
421 3176 543 3257 (Galat.
558 3191 595 3250 ιι,
606 3176 672 3257 20),
685 3176 763 3254 quia
774 3190 833 3251 pro
849 3174 930 3235 alio·
983 3174 1061 3237 licet
1072 3175 1263 3247 occisionis,
1276 3175 1516 3248 tribulationis,
1532 3177 1782 3239 attentationis.

128 3298 203 3344 rum
231 3280 301 3342 rita
326 3281 359 3340 et
384 3277 492 3339 saluto
514 3289 550 3337 se
576 3276 681 3337 totum
706 3271 926 3349 impendebat.
984 3276 1030 3336 De
1044 3276 1149 3337 morte
1164 3274 1341 3335 occisionis
1351 3274 1433 3337 dicit
1447 3274 1645 3337 Psalmista:
1662 3279 1782 3353 Prop-

131 3380 223 3444 Unde
243 3378 334 3455 ipse:
356 3376 511 3444 asceticae
528 3376 674 3445 promor,
696 3370 791 3443 idest,
811 3371 928 3432 mortis
984 3373 1039 3432 lcr
1058 3373 1090 3433 tc
1102 3371 1356 3445 rarorltllcumre·
1373 3373 1446 3433 tota
1460 3376 1526 3443 (lte,
1543 3373 1710 3435 escroton
1723 3390 1786 3435 sn-

129 3478 279 3556 poricula
299 3475 446 3539 sustineo
462 3473 596 3551 propter
614 3472 759 3532 vestram
773 3469 926 3546 gloriam,
982 3484 1060 3530 orus
1079 3469 1118 3529 ut
1138 3482 1219 3529 oues
1242 3471 1422 3531 occisionis
1437 3466 1507 3546 (Ps.
1527 3471 1577 3542 43,
1600 3469 1666 3550 22).
1687 3474 1734 3531 Ac
1754 3469 1783 3530 si

128 3576 260 3639 tratres.
286 3576 326 3637 Et
346 3573 480 3651 propter
497 3584 617 3633 nomeu
641 3567 772 3631 Domini
792 3569 928 3630 catenas
982 3566 1090 3627 sancti
1111 3567 1275 3642 martyres
1297 3564 1446 3628 dicerent
1459 3569 1551 3628 Deo:
1571 3568 1710 3637 Oileus,
1726 3568 1783 3646 qui

128 3676 162 3737 et
175 3674 308 3735 vincula
322 3688 389 3732 non
409 3669 543 3731 erubuit
557 3668 700 3744 portare.
720 3666 814 3728 Unde
829 3666 925 3742 ipse:
982 3664 1111 3727 occulta
1136 3664 1246 3726 cordis
1267 3664 1365 3737 nosti,
1395 3668 1531 3742 propter
1559 3667 1602 3739 te,
1630 3682 1698 3727 non
1723 3682 1782 3743 pro

127 3774 272 3845 Seiopa·
293 3768 597 3840 oreorttllcationem
618 3768 702 3827 lesu
725 3767 763 3825 ln
783 3779 927 3839 corpore
982 3762 1178 3825 criminibus
1193 3762 1328 3835 uostris,
1345 3763 1402 3824 sed
1420 3765 1455 3824 ut
1470 3767 1526 3826 tua
1546 3763 1627 3825 tides
1648 3764 1684 3825 in
1700 3782 1784 3840 gerr-

128 3869 248 3931 nostro
274 3864 560 3939 circrcnscrentcs
596 3860 645 3942 (Il
678 3864 752 3923 Cor.
782 3877 827 3934 ιν,
858 3861 926 3942 10).
981 3860 1070 3923 tibus
1094 3862 1267 3938 angeatur,
1291 3861 1541 3933 mortificamur,
1564 3862 1661 3933 idest,
1683 3864 1782 3925 morti

127 3964 443 4038 Mortifioctionem,
461 3960 558 4031 idest,
573 3959 721 4036 pericula
736 3960 852 4021 mortis
867 3976 927 4037 pro
982 3958 1135 4036 dispositi
1143 3975 1258 4020 sumus
1269 3960 1337 4021 tota
1349 3959 1414 4031 die,
1425 3960 1521 4033 idest,
1535 3960 1643 4035 longis
1657 3962 1782 4038 passio-

128 4063 263 4127 nomine
285 4065 365 4125 Josu
391 4057 681 4129 circumferentes,
713 4057 815 4129 idest,
850 4058 927 4120 eliis
981 4056 1080 4117 nibus
1100 4057 1285 4118 excruciati
1305 4074 1420 4119 sumus
1439 4059 1476 4120 ut
1491 4074 1571 4120 ores
1588 4060 1779 4133 occisionis,

128 4161 339 4223 ostendentes
349 4159 385 4222 ut
394 4157 566 4221 imitentur
578 4172 668 4231 eam3
681 4158 728 4228 nt,
741 4155 827 4217 sicut
837 4173 926 4218 mors
981 4155 1053 4216 sine
1073 4154 1186 4232 aliqua
1210 4154 1429 4217 reluctatione
1451 4156 1564 4219 occisi.
1590 4160 1637 4219 De
1656 4158 1711 4218 his
1730 4162 1784 4220 ta-

129 4259 251 4321 Christi
273 4259 307 4319 in
333 4256 429 4319 nobis
454 4256 603 4333 apparet,
628 4253 674 4315 ila
697 4254 765 4317 rita
787 4256 866 4317 Jesu
890 4256 926 4316 in
981 4253 1058 4315 liter
1072 4253 1192 4315 occisis
1214 4254 1374 4330 scriptum
1393 4257 1465 4316 est:
1488 4258 1557 4317 l'tst
1575 4257 1656 4317 ειιιιῖ
1675 4261 1782 4319 ocrdts

127 4357 236 4433 gloria
268 4354 499 4417 manifestetur
532 4352 632 4414 stiam
665 4351 827 4423 inimicis,
859 4368 926 4413 non
980 4351 1321 4425 emimentemmors,
1341 4355 1387 4415 itti
1404 4352 1522 4413 aretem
1541 4355 1623 4414 ειιιιῖ
1647 4357 1683 4414 in
1692 4370 1781 4431 paco

127 4457 254 4520 tantum
278 4454 314 4515 in
337 4450 525 4522 animabus,
549 4449 607 4513 sed
630 4449 731 4511 etiam
745 4448 780 4509 in
802 4465 924 4527 corpo·
981 4448 1072 4529 (Sap.
1090 4464 1139 4521 ιιι,
1154 4448 1200 4527 2).

126 4555 219 4619 ribus
234 4550 368 4614 nostris·
1019 4550 1066 4609 De
1087 4549 1193 4610 morto
1216 4545 1444 4609 tribulationis
1466 4547 1548 4610 dicit
1576 4550 1780 4626 Apostolus:

166 4656 257 4715 Mors
273 4663 403 4729 quoque
415 4646 591 4709 vivificans
600 4643 723 4721 triplex
738 4645 808 4705 est:
822 4661 923 4718 mors,
978 4648 1092 4720 Super
1105 4648 1245 4706 orcadum
1264 4646 1406 4721 prason
1424 4661 1547 4708 curreres
1568 4663 1680 4722 supro
1703 4654 1781 4710 ctr-

124 4751 281 4815 ridelicet
295 4747 450 4819 miseriae,
467 4760 557 4807 mors
577 4743 867 4819 concupiscentiae,
893 4745 925 4805 et
979 4744 1098 4815 lutera,
1115 4744 1166 4805 ῖῖα
1178 4744 1215 4804 ut
1227 4743 1369 4805 traderet
1383 4744 1564 4807 nescitum
1575 4749 1708 4817 cicere,
1720 4751 1782 4809 scd

126 4867 215 4912 mors
240 4847 376 4926 peccati.
399 4847 491 4907 Mors
512 4842 658 4905 miseriae
675 4842 726 4904 est
744 4840 812 4905 rita
832 4857 923 4918 prae-
979 4843 1012 4904 ct
1027 4844 1093 4916 ipsc
1108 4845 1145 4903 tn
1165 4842 1420 4916 crebismctipsts
1433 4856 1639 4916 responsum
1655 4847 1782 4909 retortis

126 4965 215 5020 sens,
231 4963 252 5007 a
267 4961 332 5023 qua
345 4942 498 5021 cupiebat
508 4939 686 5019 Apostolus
699 4954 821 5015 magno
834 4939 926 5000 desi·
978 4943 1172 5015 accepimns
1187 4937 1231 5019 (ll
1257 4941 1330 5001 Cor.
1356 4944 1380 5012 t,
1400 4939 1445 5020 8).
1463 4945 1510 5002 Ac
1530 4942 1559 5001 si
1578 4941 1690 5005 dicat:
1716 4962 1780 5005 su-

126 5031 218 5109 derio
244 5041 407 5119 separari,
436 5040 571 5103 diceus:
596 5041 702 5113 cispio
719 5040 870 5109 dissolvi,
890 5038 924 5099 el
979 5053 1038 5115 pra
1062 5038 1206 5106 modum,
1232 5037 1265 5099 et
1286 5053 1387 5115 supra
1413 5038 1569 5101 virtutem
1597 5039 1779 5103 humanam

125 5158 292 5207 cssccrnn
313 5140 448 5201 Clndsto
462 5136 598 5216 (Philip.
615 5152 639 5208 1,
655 5135 720 5216 23).
736 5135 839 5212 Cupio
854 5134 925 5197 dis-
977 5136 1108 5212 gravati
1134 5152 1249 5196 sumus
1270 5134 1417 5212 pondere
1438 5135 1710 5209 tribulationum,
1732 5141 1780 5203 ita

125 5243 221 5313 solri,
232 5238 338 5309 idest,
355 5235 397 5297 ab
419 5236 519 5313 hujus
539 5234 654 5295 mundi
675 5233 812 5295 miseria
833 5232 923 5294 libe·
979 5235 1014 5296 ut
1026 5250 1086 5295 uos
1101 5233 1158 5312 qui
1173 5233 1318 5295 solemus
1330 5233 1372 5294 de
1384 5234 1482 5296 malis
1497 5237 1530 5296 et
1543 5234 1778 5299 tribulationi-

124 5341 205 5402 rari.
219 5336 306 5400 Mori
319 5335 407 5397 enim
421 5333 565 5395 miseriae
580 5334 631 5394 est
646 5348 663 5393 a
683 5332 820 5394 miseria
834 5331 922 5393 libe·
977 5332 1039 5393 bus
1050 5332 1208 5408 gaudere,
1224 5331 1362 5393 taederet
1384 5347 1449 5393 non
1465 5332 1572 5393 solum
1588 5333 1698 5411 loqui,
1720 5336 1778 5397 sed

123 5438 206 5503 rari.
230 5435 324 5497 Unde
346 5431 543 5510 Apostolus:
565 5433 695 5506 Inserta
714 5446 776 5509 epo
798 5434 898 5493 horreo
911 5437 923 5491 t
978 5431 1078 5493 etiam
1100 5431 1226 5491 virere.
1250 5430 1315 5491 Sed
1337 5432 1370 5492 et
1391 5431 1538 5508 nosipsi
1559 5448 1775 5509 responsum,

123 5540 201 5611 ptris
215 5549 270 5595 nec
288 5532 442 5595 liberabit
456 5534 498 5593 dc
516 5544 661 5604 corpore
678 5528 804 5590 rnortts
819 5531 922 5601 locares
977 5529 1073 5597 idest,
1093 5527 1324 5590 certitudinem
1342 5528 1458 5591 mortis
1480 5530 1680 5607 accepimus,
1697 5534 1776 5609 qnia

125 5634 235 5713 (Ronr.
253 5646 312 5704 sn,
332 5626 412 5710 24)ῖ
429 5626 669 5706 «Temporalis
689 5625 778 5689 enim
801 5624 922 5700 rita,»
977 5626 1018 5689 ob
1037 5624 1297 5703 magnitudinem
1320 5624 1546 5689 tribulationis
1571 5630 1683 5691 nostra
1705 5629 1775 5692 rita
