3802 6166
133 288 196 354 819

131 452 213 515 tunc
225 450 357 513 Sanctae
370 448 487 512 Mariae
506 446 547 511 de
560 447 687 526 Aquiro
699 445 840 511 diacono
854 462 932 511 car-

134 548 249 623 dinali,
261 551 299 610 Α.
315 549 348 610 S.
364 547 484 626 legato,
504 547 620 609 Sedem
632 547 857 625 apostolicam
869 564 931 625 ap-

133 648 300 727 pellasset,
312 646 434 710 nobilis
446 646 499 708 vir
512 646 561 708 S!
572 662 682 709 comes
697 645 928 719 Montisiortis,

133 745 298 809 vassallus
324 748 411 824 ejus,
443 744 663 807 existentibus
698 744 784 822 apud
812 744 929 807 Sedem

132 843 357 923 Apostolicam
375 844 509 907 nunciis
522 844 694 922 utriusque
713 844 829 921 partis,
845 860 930 906 con-

131 941 184 1004 tra
197 942 320 1005 statuta
339 943 431 1021 pacis
452 959 526 1021 quae
549 942 621 1020 lpse
640 942 779 1020 juravit,
803 942 931 1004 scilicet

131 1056 174 1103 ne
199 1040 300 1102 alicui
318 1040 445 1103 volenti
468 1056 586 1119 parere
606 1041 747 1119 Justitiae
770 1040 929 1103 violentia

131 1137 324 1209 inferretur,
350 1138 598 1202 contradicente
625 1139 876 1217 archiepiscopo
898 1139 931 1202 et

131 1235 294 1300 offerente
310 1253 440 1301 omnem
451 1237 629 1317 justitiam,
645 1238 809 1300 violenter
823 1238 931 1301 intra-

131 1335 181 1399 vit
192 1336 395 1409 Narbonem,
410 1335 453 1411 et,
465 1336 632 1415 accipiens
641 1352 661 1398 a
671 1336 776 1397 nobili
790 1336 863 1400 viro
876 1335 929 1398 A:

131 1434 326 1497 vicecomite
353 1435 388 1496 in
415 1435 644 1513 praejudicium
681 1435 829 1514 ejusdem
868 1451 928 1497 ar-

132 1532 347 1611 chiepiscopi,
373 1534 409 1596 ut
429 1531 539 1595 verbis
561 1537 635 1611 eJus
654 1534 798 1606 utamur,
818 1533 931 1596 alber-

132 1647 220 1709 gam,
237 1631 346 1693 levato
363 1630 488 1693 vexillo
504 1647 564 1692 suo
581 1632 615 1692 in
635 1632 732 1705 turri,
746 1631 825 1694 iecit
839 1648 929 1709 prae-

133 1728 280 1791 conizari
305 1744 425 1791 nomen
453 1745 549 1791 suum
581 1731 678 1807 quasi
708 1746 769 1808 pro
794 1730 927 1804 ducatu,

134 1840 232 1903 quem
257 1825 344 1887 idem
358 1825 627 1903 archiepiscopus
646 1827 846 1904 possidebat,
863 1843 929 1889 non

134 1921 242 1985 solum
257 1923 365 1996 ei‚sed
378 1923 496 1986 etSedi
509 1925 708 2002 Apostolicae
722 1926 759 1986 in
774 1925 837 1987 hoc
851 1941 931 2001 gra-

132 2036 207 2083 vem
220 2022 377 2100 inJuriam
391 2022 582 2099 irrogando.
603 2024 743 2100 Propter
758 2022 843 2100 quod
860 2039 928 2084 sae·

122 2119 928 2198 -pedictusarchiepiscopusineumexcommuni-

131 2218 273 2281 cationis
288 2219 485 2280 sententiam
509 2219 742 2297 promulgavit,
767 2220 801 2282 et
814 2220 929 2281 villam

130 2317 235 2379 totam
266 2316 450 2394 supposuit,
480 2318 638 2395 quamdiu
672 2318 744 2396 ipse
779 2333 928 2396 praesens

130 2415 230 2486 esset,
244 2413 470 2476 ecclesiastico
486 2415 661 2478 interdicto
675 2414 737 2497 (a).
850 2462 853 2468 .

172 2511 260 2573 Idem
280 2513 391 2573 autem
406 2528 528 2586 comes,
544 2514 611 2575 lata
624 2513 660 2575 in
675 2530 751 2576 eum
764 2515 927 2580 sententia

129 2609 295 2687 vilipensa
311 2610 487 2671 occasione
500 2613 536 2673 ut
549 2611 725 2674 videbatur
737 2615 928 2690 appellatio-

129 2707 194 2780 nis,
225 2723 324 2786 quam
350 2708 421 2784 ipse
445 2708 486 2769 ad
513 2708 630 2769 Sedem
645 2711 867 2787 Apostolicam
892 2729 928 2775 se

129 2804 370 2883 interposuisse
410 2805 554 2879 dicebat,
600 2806 679 2869 licet
717 2808 927 2873 frustratoria

130 2903 334 2972 crederetur,
367 2904 403 2964 ut
428 2904 522 2980 quasi
547 2904 681 2982 impune
707 2906 926 2986 delinqueret,

129 3016 205 3062 cum
220 3000 398 3078 appellatio
414 3002 523 3078 potius
540 3002 584 3065 sit
600 3005 750 3080 oppressi
762 3005 926 3083 refugium

129 3115 228 3177 quam
243 3098 404 3177 protectio
420 3099 661 3178 delinquentis;
683 3118 750 3165 non
769 3104 876 3167 solnm
891 3106 927 3168 in

127 3198 270 3260 ecclesia
291 3198 467 3260 interdicta
486 3198 599 3261 divina
621 3199 686 3262 sibi
704 3201 784 3265 iecit
804 3203 923 3278 officia,

128 3294 215 3357 dicto
240 3295 488 3358 contradicente
512 3298 773 3377 archiepiscopo,
802 3302 926 3366 temere

128 3391 301 3462 celebrari,
322 3394 457 3471 propter
482 3394 569 3472 quod
588 3395 676 3457 idem
695 3398 925 3477 archiepisco·

129 3506 191 3567 pus
212 3490 333 3553 iterum
357 3494 658 3556 excommunicavit
678 3497 845 3575 eumdem3
866 3516 927 3562 ve-

126 3603 200 3650 rum
225 3589 336 3662 etiam,
367 3590 478 3652 claves
513 3593 729 3655 contemnens
760 3597 923 3671 ecclesiae,

126 3687 353 3748 communioni
368 3688 515 3749 fidelium
526 3689 562 3750 in
573 3707 643 3752 suae
657 3692 775 3755 salutis
790 3694 926 3772 dispen-

126 3782 217 3845 dium
233 3787 266 3847 et
274 3784 494 3862 plurimorum
510 3787 703 3850 scandalum
718 3806 754 3853 se
769 3793 925 3853 commis-

125 3883 188 3953 cet,
206 3897 268 3944 nec
289 3882 399 3945 cessat
419 3881 543 3945 dictum
562 3885 848 3966 archiepiscopum
866 3907 925 3952 su-

125 3995 185 4057 per
210 3980 367 4056 praedicio
400 3979 521 4041 ducatu
553 3984 700 4058 graviter
733 3987 921 4051 molestare.

125 4076 283 4150 Quaedam
304 4077 403 4139 etiam
435 4081 546 4141 castra
575 4082 737 4157 ecclesiae,
768 4085 925 4152 videlicet

123 4177 271 4252 Arpeus,
287 4175 400 4236 Sancti
410 4176 609 4251 Marcellini,
626 4181 827 4257 Quillanum,
840 4188 923 4248 Fon-

123 4272 257 4345 tesium,
273 4273 306 4335 et
320 4272 530 4337 medietatem
542 4279 584 4340 de
603 4280 782 4355 Venicaac,
799 4285 833 4345 et
843 4300 924 4362 pro-

124 4370 242 4434 ventus
255 4373 441 4434 castrorum
468 4389 604 4437 suorum
618 4377 754 4441 huriaci
769 4381 802 4442 et
814 4384 919 4458 Eoos,

125 4468 246 4548 quibus
275 4470 344 4530 tam
359 4471 638 4547 praedecessorem
662 4478 733 4553 ejus
746 4494 844 4555 quam
863 4480 920 4557 ip-

123 4583 196 4629 sum
210 4566 357 4629 indebite
372 4569 538 4646 spoliavit,
554 4573 669 4635 contra
682 4576 846 4651 justitiam
857 4578 919 4641 de-

121 4665 207 4729 tinet
219 4665 254 4728 et
262 4666 402 4728 reddere
413 4668 627 4746 contradicii;
640 4687 741 4750 super
751 4674 920 4741 territorio

120 4764 222 4826 etiam
234 4764 336 4826 castri
345 4764 556 4829 Villaerubeae
566 4770 744 4847 tamperse
755 4789 852 4850 quam
861 4791 921 4851 per

121 4862 266 4924 nobilem
289 4862 399 4925 virum
423 4865 642 4927 castellanum
670 4868 711 4931 de
741 4872 917 4949 Terminis,

120 4960 302 5021 vassallum
313 4978 421 5036 suum,
435 4962 620 5041 injuriosus
631 4966 738 5030 eidem
751 4972 784 5033 et
797 4972 921 5034 moles-

119 5056 173 5118 tus
188 5057 349 5119 existens.

160 5156 339 5229 Praeterea,
356 5172 431 5219 cum
454 5158 542 5223 idem
557 5177 667 5224 comes
686 5163 730 5226 sit
748 5167 821 5243 ejus
835 5184 916 5232 vas-

119 5250 235 5323 sallus,
253 5253 286 5314 ei
298 5252 417 5317 debeat
438 5257 469 5318 ei
491 5274 565 5320 esse
587 5276 654 5321 non
674 5262 782 5325 solum
796 5264 914 5344 tidelis,

119 5348 177 5409 sed
192 5349 293 5411 eiiam
309 5351 449 5416 devotus
471 5358 605 5435 propter
619 5358 771 5438 impensa
785 5362 915 5428 beneti-

736 285 914 349 HONORII
935 285 982 348 111
1002 284 1152 351 orchi.

1726 299 1785 363 3w

984 444 1053 524 cia3
1082 447 1155 525 ipse
1187 445 1310 511 oblltus
1329 448 1499 515 fidelitatis
1525 453 1558 517 ei
1587 453 1723 531 debitae,
1747 472 1784 521 ac

983 545 1152 623 tamquam
1166 545 1319 623 ingratus
1333 547 1570 614 beneficiorum
1582 558 1658 634 ejus
1674 554 1784 619 imme-

984 660 1067 717 mor,
1090 647 1285 723 provocavit
1313 648 1349 709 ut
1372 648 1616 715 demolirentur
1638 656 1729 716 muri
1753 656 1783 719 et

982 740 1093 805 turres
1116 747 1189 822 eJus
1209 746 1365 821 civitatis,
1389 748 1516 813 scilicet
1534 750 1635 828 burgi
1651 751 1783 815 Narbo-

984 856 1047 913 nae,
1064 858 1139 903 cum
1151 843 1187 905 in
1201 860 1283 921 pace
1307 861 1347 907 ac
1369 848 1478 923 gratia
1495 849 1652 911 ecclesiae
1669 850 1782 913 civitas

984 939 1057 1016 ipsa
1072 943 1171 1015 esset,
1183 942 1293 1020 ipsum
1306 945 1596 1024 archiepiscopum
1612 947 1781 1011 dominum

985 1054 1093 1112 suum,
1116 1040 1242 1102 clerum
1257 1042 1291 1105 et
1305 1044 1462 1120 populum
1484 1048 1570 1123 ejus,
1595 1045 1783 1110 incursibus

984 1136 1130 1199 hostium
1145 1139 1258 1201 taliter
1274 1142 1482 1218 exponendo,
1503 1143 1582 1206 licet
1596 1144 1672 1222 ipse
1685 1163 1782 1223 para·

984 1234 1038 1297 tus
1063 1238 1151 1299 esset
1172 1253 1285 1299 coram
1310 1240 1473 1301 cardinali
1497 1242 1661 1318 praedicto
1691 1260 1784 1322 super

984 1333 1126 1412 objectis
1141 1335 1294 1397 omnibus
1308 1338 1397 1399 stare
1407 1339 1494 1415 juri;
1520 1341 1563 1413 et,
1581 1340 1635 1402 his
1655 1342 1782 1419 injuriis

983 1447 1050 1493 non
1063 1433 1249 1506 contentus,
1267 1451 1379 1497 muros
1395 1436 1497 1498 castri
1509 1440 1583 1514 ejus
1601 1438 1643 1499 de
1658 1441 1781 1517 Capra·

983 1530 1035 1592 ria
1046 1530 1124 1593 iecit
1136 1531 1235 1604 dirui,
1248 1534 1281 1594 et
1292 1533 1521 1596 vicecomitem
1541 1537 1779 1613 supradictum,

984 1628 1168 1690 vassallum
1181 1632 1266 1706 ejus,
1283 1634 1373 1693 terra
1386 1648 1447 1693 sua
1462 1633 1496 1693 in
1511 1649 1616 1709 grave
1629 1637 1784 1715 praejudi-

984 1727 1072 1788 cium
1088 1726 1193 1804 ipsius
1209 1729 1453 1807 archiepiscopi
1471 1732 1642 1807 spoliavit,
1668 1736 1703 1796 et
1721 1738 1780 1796 tam

983 1825 1110 1902 abipso
1125 1826 1319 1889 vicecomite
1333 1843 1433 1905 quam
1457 1830 1490 1891 et
1503 1829 1581 1891 aliis
1594 1830 1780 1895 bominibus

983 1924 1162 1997 Narbonae,
1188 1925 1244 2004 qui
1273 1926 1362 2003 apud
1391 1929 1635 1990 carcassonam
1656 1930 1780 1993 obsides

984 2021 1191 2094 tenebantur,
1195 2024 1386 2099 juramenta
1399 2024 1568 2087 fidelitatis
1581 2025 1706 2089 debitae
1724 2029 1779 2106 ipsi

984 2119 1245 2197 archiepiscopo,
1276 2136 1315 2182 ac
1348 2123 1497 2199 pecuniae
1523 2139 1691 2187 summam
1718 2143 1777 2189 non

983 2216 1158 2289 modicam,
1172 2219 1370 2296 extorquere
1385 2222 1608 2298 praesumpsit,
1620 2238 1663 2285 eo
1678 2224 1774 2288 inscio

984 2316 1016 2377 et
1027 2315 1142 2387 invite,
1159 2315 1345 2389 intendens,
1367 2320 1466 2395 prout
1483 2322 1641 2397 apparuit
1656 2324 1774 2399 postea,

983 2413 1032 2474 sic
1051 2412 1223 2491 subripere
1242 2414 1306 2476 sihi
1326 2415 1492 2489 ducatum,
1520 2435 1620 2495 quem
1647 2420 1775 2498 pacifice

978 2507 1183 2589 possidebat.
1199 2512 1261 2573 Sed
1278 2513 1310 2576 et
1325 2530 1438 2576 muros
1454 2515 1560 2577 luteos
1581 2518 1703 2595 quibus
1714 2535 1772 2581 saa-

982 2607 1132 2684 pedictus
1154 2606 1425 2686 archiepiscopus
1458 2611 1647 2690 interrupta
1671 2630 1772 2676 muro-

981 2720 1055 2765 rum
1069 2705 1179 2766 ciaudi
1193 2706 1330 2777 iecerat,
1350 2723 1392 2769 ne
1415 2707 1501 2785 lupis
1523 2709 1577 2771 vel
1597 2711 1770 2775 latronibus

981 2802 1067 2864 liber
1090 2804 1218 2880 pateret
1245 2804 1353 2866 aditus
1387 2805 1429 2866 ad
1461 2808 1660 2881 nocendum,
1693 2810 1767 2871 idem

982 2916 1092 2962 comes
1113 2901 1272 2979 praecepit
1295 2904 1327 2964 et
1352 2902 1431 2965 iecit
1454 2903 1619 2975 demoliri,
1640 2923 1713 2969 cum
1732 2907 1766 2969 sit

981 2998 1080 3061 homo
1095 3000 1350 3077 archiepiscopi,
1366 3002 1399 3063 et
1414 3002 1503 3064 totus
1522 3003 1648 3081 burgus
1661 3022 1699 3068 ac
1711 3020 1763 3066 me

981 3096 1036 3157 dia
1052 3112 1128 3173 pars
1143 3097 1288 3160 civitatis
1301 3099 1342 3159 ad
1358 3099 1648 3179 archiepiscopum
1659 3103 1760 3180 ipsum,

980 3193 1081 3255 immo
1099 3193 1141 3255 ad
1157 3197 1340 3257 Romanam
1358 3197 1541 3259 Ecclesiam
1566 3201 1695 3262 ratione
1717 3216 1761 3261 ar·

981 3292 1257 3369 chiepiscopatus,
1268 3294 1442 3371 pertineat,
1459 3298 1492 3359 et
1505 3297 1573 3358 alia
1584 3298 1691 3359 media
1698 3312 1759 3376 pars

980 3389 1135 3453 videatur
1157 3391 1287 3453 ratione
1316 3393 1454 3456 ducatus
1483 3394 1524 3455 ad
1549 3398 1607 3471 jus
1629 3394 1759 3458 ecclesie

980 3488 1159 3566 pertinere,
1174 3489 1209 3550 in
1222 3489 1275 3551 his
1292 3492 1325 3553 et
1342 3491 1379 3551 in
1398 3492 1474 3553 aliis
1501 3509 1622 3569 graves
1636 3493 1758 3572 inJurias

979 3586 1013 3648 et
1026 3587 1147 3648 damna
1161 3586 1271 3650 sibiet
1284 3587 1473 3651 hominihus
1485 3591 1555 3652 suis
1567 3608 1638 3655 non
1648 3592 1756 3656 modica

979 3684 1164 3747 inierendo.

1019 3783 1182 3854 Quocirca
1205 3782 1398 3846 discretioni
1414 3786 1534 3847 vestrae
1554 3802 1615 3864 per
1640 3788 1756 3866 aposto·

977 3880 1043 3942 lica
1057 3880 1180 3957 scripta
1195 3881 1391 3942 mandamus
1407 3884 1582 3960 quatenus,
1599 3884 1734 3964 archiep'

978 3993 1060 4056 copo
1076 3978 1242 4055 superbis
1262 3978 1380 4057 quibus
1403 3981 1565 4066 spoliatus
1588 4000 1665 4047 esse
1687 3981 1753 4045 dici·

977 4076 1042 4149 tur,
1059 4076 1145 4138 sicut
1150 4077 1277 4154 justum
1285 4077 1395 4151 suerit,
1408 4080 1573 4154 restitute,
1588 4082 1752 4145 sententias

977 4175 1069 4252 ipsas
1104 4174 1302 4237 confirmare
1329 4176 1383 4239 vel
1415 4176 1599 4253 iniirmare,
1628 4180 1757 4259 appella·

975 4274 1067 4335 tione
1082 4274 1220 4347 remota,
1236 4289 1408 4349 procures,
1428 4275 1515 4337 sicut
1528 4277 1570 4339 de
1580 4281 1660 4355 jure
1675 4274 1753 4341 iucn't

975 4369 1175 4432 iaciendum.
1192 4373 1298 4449 Super
1310 4371 1388 4433 aliis
1401 4389 1482 4436 vero
1492 4389 1630 4439 causam
1643 4377 1750 4441 audias

975 4470 1009 4532 et
1022 4469 1052 4531 si
1067 4469 1107 4531 de
1121 4470 1265 4547 partium
1287 4470 1458 4534 voluntate
1481 4476 1691 4550 processerit,
1706 4487 1751 4548 ap-

975 4568 1154 4644 pellatione
1186 4569 1347 4643 cessante,
1385 4569 1495 4632 debito
1522 4572 1589 4634 ilne
1625 4573 1749 4640 decidast

975 4666 1124 4743 alioquin
1148 4665 1255 4743 ipsam
1282 4666 1486 4729 sufficienler
1507 4669 1703 4734 instructam
1722 4660 1749 4726 ad

974 4766 1123 4825 nostrum
1138 4763 1286 4826 remittas
1301 4780 1452 4839 examen,
1470 4768 1649 4845 praefigens
1663 4762 1747 4847 parti·
1805 4818 1807 4823 .

973 4861 1226 4925 busterminum
1243 4864 1494 4939 competentem,
1517 4882 1583 4944 quo
1599 4883 1658 4946 per
1669 4882 1702 4929 se
1712 4854 1748 4921 vil
1801 4826 1807 4921 i

973 4960 1111 5023 idoneos
1130 4962 1364 5037 procuratores
1395 4965 1509 5027 nostro
1531 4980 1568 5026 se
1590 4951 1748 5045 compactili

972 5059 1222 5136 repraesentent,
1244 5060 1381 5137 jnstam,
1404 5060 1503 5123 dante
1524 5065 1674 5133 Domino,
1687 5072 1746 5124 sen·

970 5157 1110 5219 tentiam
1121 5158 1314 5235 recepturae.
1324 5160 1438 5221 Testes
1446 5161 1569 5235 autem,
1581 5165 1644 5225 etc.
1655 5164 1746 5225 uatum
1804 5220 1807 5247 ¹

971 5255 1140 5328 Laterani,
1167 5255 1265 5317 nonis
1288 5256 1413 5330 martii,
1435 5259 1648 5336 pontificatus
1665 5244 1746 5322 nostri

969 5368 1060 5417 anno
1075 5354 1193 5431 primo.

153 5564 164 5657 ἰ
182 5562 326 5694 {mico
1005 5568 1046 5644 (α)
1067 5568 1244 5631 vilecastro
1258 5570 1435 5643 christiana,
1446 5580 1466 5632 t.
1480 5589 1518 5645 vr,
1531 5575 1641 5649 probat.
1651 5574 1700 5634 ool.
1713 5566 1747 5627 ii.
1805 5612 1807 5621 .
