<?xml version="1.0" encoding="UTF-8"?>
<!DOCTYPE html PUBLIC "-//W3C//DTD XHTML 1.0 Transitional//EN"
    "http://www.w3.org/TR/xhtml1/DTD/xhtml1-transitional.dtd">
<html xmlns="http://www.w3.org/1999/xhtml" xml:lang="en" lang="en">
 <head>
  <title>
</title>
<meta http-equiv="Content-Type" content="text/html;charset=utf-8" />
  <meta name='ocr-system' content='tesseract 3.04.00' />
  <meta name='ocr-capabilities' content='ocr_page ocr_carea ocr_par ocr_line ocrx_word'/>
</head>
<body>
  <div class='ocr_page' id='page_1' title='image "./mediiaevibiblio02horogoog_0142.png"; bbox 0 0 3802 6166; ppageno 0'>
   <div class='ocr_carea' id='block_1_1' title="bbox 119 328 1336 397">
    <p class='ocr_par' dir='ltr' id='par_1_1' title="bbox 119 328 1336 397">
     <span class='ocr_line' id='line_1_1' title="bbox 119 328 1336 397; baseline -0.007 0"><span class='ocrx_word' id='word_1_1' title='bbox 119 336 179 397; x_wconf 77' lang='lat' dir='ltr'><strong>ast</strong></span> <span class='ocrx_word' id='word_1_2' title='bbox 548 331 636 391; x_wconf 80' lang='lat' dir='ltr'><strong>xxi.</strong></span> <span class='ocrx_word' id='word_1_3' title='bbox 651 330 751 391; x_wconf 89' lang='lat' dir='ltr'><strong>-IN</strong></span> <span class='ocrx_word' id='word_1_4' title='bbox 773 330 903 390; x_wconf 75' lang='lat' dir='ltr'><strong>Fas&#39;ro</strong></span> <span class='ocrx_word' id='word_1_5' title='bbox 926 328 1074 391; x_wconf 75' lang='lat' dir='ltr'><strong>saNc&#39;ir</strong></span> <span class='ocrx_word' id='word_1_6' title='bbox 1095 328 1336 391; x_wconf 70' lang='lat' dir='ltr'><strong>Lndaux&#39;rii.</strong></span> 
     </span>
    </p>
   </div>
   <div class='ocr_carea' id='block_1_2' title="bbox 119 489 1417 610">
    <p class='ocr_par' dir='ltr' id='par_1_2' title="bbox 119 489 1417 610">
     <span class='ocr_line' id='line_1_2' title="bbox 119 489 1417 610; baseline 0.016 -57"><span class='ocrx_word' id='word_1_7' title='bbox 119 489 756 567; x_wconf 83' lang='lat' dir='ltr'><strong>modumrolatusrapiuntanimamin</strong></span> <span class='ocrx_word' id='word_1_8' title='bbox 774 489 914 550; x_wconf 87' lang='lat' dir='ltr'><strong>interno.</strong></span> <span class='ocrx_word' id='word_1_9' title='bbox 1326 521 1417 610; x_wconf 74' lang='lat' dir='ltr'><strong>XXI</strong></span> 
     </span>
    </p>
   </div>
   <div class='ocr_carea' id='block_1_3' title="bbox 114 588 1854 2523">
    <p class='ocr_par' dir='ltr' id='par_1_3' title="bbox 114 588 1854 1253">
     <span class='ocr_line' id='line_1_3' title="bbox 120 588 917 658; baseline -0.008 -5"><span class='ocrx_word' id='word_1_10' title='bbox 120 589 215 653; x_wconf 84' lang='lat' dir='ltr'><strong>Unde</strong></span> <span class='ocrx_word' id='word_1_11' title='bbox 227 588 290 651; x_wconf 88' lang='lat' dir='ltr'><strong>Job</strong></span> <span class='ocrx_word' id='word_1_12' title='bbox 304 608 313 648; x_wconf 74' lang='lat' dir='ltr'><strong>e</strong></span> <span class='ocrx_word' id='word_1_13' title='bbox 328 588 465 651; x_wconf 78' lang='lat' dir='ltr'><strong>Ducunt</strong></span> <span class='ocrx_word' id='word_1_14' title='bbox 477 590 514 649; x_wconf 85' lang='lat' dir='ltr'><strong>tu</strong></span> <span class='ocrx_word' id='word_1_15' title='bbox 528 591 624 650; x_wconf 68' lang='lat' dir='ltr'><strong>torris</strong></span> <span class='ocrx_word' id='word_1_16' title='bbox 637 591 711 649; x_wconf 79' lang='lat' dir='ltr'><strong>dios</strong></span> <span class='ocrx_word' id='word_1_17' title='bbox 724 603 814 658; x_wconf 76' lang='lat' dir='ltr'><strong>satos,</strong></span> <span class='ocrx_word' id='word_1_18' title='bbox 832 588 867 650; x_wconf 82' lang='lat' dir='ltr'><strong>ct</strong></span> <span class='ocrx_word' id='word_1_19' title='bbox 880 590 917 648; x_wconf 81' lang='lat' dir='ltr'><strong>tn</strong></span> 
     </span>
     <span class='ocr_line' id='line_1_4' title="bbox 114 682 1746 774; baseline -0.001 -27"><span class='ocrx_word' id='word_1_20' title='bbox 114 688 299 763; x_wconf 71' lang='lat' dir='ltr'><strong>Jtttttcload</strong></span> <span class='ocrx_word' id='word_1_21' title='bbox 308 686 662 760; x_wconf 69' lang='lat' dir='ltr'><strong>iitset&#39;ttadedcetltltttt!</strong></span> <span class='ocrx_word' id='word_1_22' title='bbox 671 682 757 764; x_wconf 87' lang='lat' dir='ltr'><strong>(Job.</strong></span> <span class='ocrx_word' id='word_1_23' title='bbox 771 702 839 758; x_wconf 81' lang='lat' dir='ltr'><strong>xxi,</strong></span> <span class='ocrx_word' id='word_1_24' title='bbox 852 684 915 764; x_wconf 88' lang='lat'><strong>13).</strong></span> <span class='ocrx_word' id='word_1_25' title='bbox 993 712 1093 772; x_wconf 48' lang='lat'>11·—</span> <span class='ocrx_word' id='word_1_26' title='bbox 1114 710 1159 771; x_wconf 76' lang='grc' dir='ltr'><strong>ΙΝ</strong></span> <span class='ocrx_word' id='word_1_27' title='bbox 1183 711 1313 771; x_wconf 70' lang='lat' dir='ltr'>FESTO</span> <span class='ocrx_word' id='word_1_28' title='bbox 1336 710 1484 771; x_wconf 69' lang='lat' dir='ltr'>SANCTI</span> <span class='ocrx_word' id='word_1_29' title='bbox 1507 710 1746 774; x_wconf 65' lang='lat' dir='ltr'><strong>LAURENrpss⁸</strong></span> 
     </span>
     <span class='ocr_line' id='line_1_5' title="bbox 120 783 915 857; baseline -0.001 -11"><span class='ocrx_word' id='word_1_30' title='bbox 120 789 185 847; x_wconf 88' lang='lat' dir='ltr'><strong>Per</strong></span> <span class='ocrx_word' id='word_1_31' title='bbox 196 784 322 847; x_wconf 88' lang='lat' dir='ltr'><strong>bestias</strong></span> <span class='ocrx_word' id='word_1_32' title='bbox 336 784 434 845; x_wconf 88' lang='lat' dir='ltr'><strong>terrae</strong></span> <span class='ocrx_word' id='word_1_33' title='bbox 447 784 663 857; x_wconf 78' lang='lat' dir='ltr'>designantur</span> <span class='ocrx_word' id='word_1_34' title='bbox 673 784 722 844; x_wconf 94' lang='lat' dir='ltr'><strong>illi</strong></span> <span class='ocrx_word' id='word_1_35' title='bbox 738 783 915 856; x_wconf 85' lang='lat' dir='ltr'><strong>daemones,</strong></span> 
     </span>
     <span class='ocr_line' id='line_1_6' title="bbox 119 880 1772 961; baseline -0.001 -17"><span class='ocrx_word' id='word_1_36' title='bbox 119 881 917 961; x_wconf 85' lang='lat' dir='ltr'><strong>quiailiiguntanimamintormentissinealiqua</strong></span> <span class='ocrx_word' id='word_1_37' title='bbox 1011 883 1252 954; x_wconf 67' lang='lat' dir='ltr'><strong>maturanum</strong></span> <span class='ocrx_word' id='word_1_38' title='bbox 1262 880 1432 954; x_wconf 76' lang='lat' dir='ltr'><strong>trunzeatt</strong></span> <span class='ocrx_word' id='word_1_39' title='bbox 1446 882 1617 941; x_wconf 74' lang='lat' dir='ltr'><strong>catenata</strong></span> <span class='ocrx_word' id='word_1_40' title='bbox 1636 883 1772 943; x_wconf 84' lang='lat' dir='ltr'><strong>terro-m</strong></span> 
     </span>
     <span class='ocr_line' id='line_1_7' title="bbox 118 978 1771 1058; baseline -0.001 -16"><span class='ocrx_word' id='word_1_41' title='bbox 118 978 349 1058; x_wconf 86' lang='lat' dir='ltr'><strong>compassione</strong></span> <span class='ocrx_word' id='word_1_42' title='bbox 359 980 503 1056; x_wconf 82' lang='lat' dir='ltr'><strong>pietatis.</strong></span> <span class='ocrx_word' id='word_1_43' title='bbox 519 981 612 1040; x_wconf 92' lang='lat' dir='ltr'><strong>Unde</strong></span> <span class='ocrx_word' id='word_1_44' title='bbox 622 979 786 1041; x_wconf 86' lang='lat' dir='ltr'><strong>Jeremias</strong></span> <span class='ocrx_word' id='word_1_45' title='bbox 796 978 836 1039; x_wconf 94' lang='lat' dir='ltr'><strong>de</strong></span> <span class='ocrx_word' id='word_1_46' title='bbox 849 979 918 1040; x_wconf 86' lang='lat' dir='ltr'><strong>dae-</strong></span> <span class='ocrx_word' id='word_1_47' title='bbox 971 979 1150 1039; x_wconf 76' lang='lat' dir='ltr'><strong>rraortuam</strong></span> <span class='ocrx_word' id='word_1_48' title='bbox 1172 978 1290 1052; x_wconf 71' lang='lat' dir='ltr'><strong>{tr-erit,</strong></span> <span class='ocrx_word' id='word_1_49' title='bbox 1311 980 1425 1053; x_wconf 77' lang='lat' dir='ltr'><strong>ipstcm</strong></span> <span class='ocrx_word' id='word_1_50' title='bbox 1446 983 1557 1039; x_wconf 82' lang='lat' dir='ltr'><strong>sotum</strong></span> <span class='ocrx_word' id='word_1_51' title='bbox 1578 978 1707 1040; x_wconf 68' lang='lat' dir='ltr'><strong>enarret.</strong></span> <span class='ocrx_word' id='word_1_52' title='bbox 1733 982 1771 1041; x_wconf 79' lang='lat' dir='ltr'><strong>st</strong></span> 
     </span>
     <span class='ocr_line' id='line_1_8' title="bbox 120 1076 1854 1151; baseline 0 -12"><span class='ocrx_word' id='word_1_53' title='bbox 120 1094 217 1139; x_wconf 89' lang='lat' dir='ltr'><strong>mone</strong></span> <span class='ocrx_word' id='word_1_54' title='bbox 248 1098 256 1138; x_wconf 71' lang='grc' dir='ltr'><strong>ε</strong></span> <span class='ocrx_word' id='word_1_55' title='bbox 282 1080 437 1140; x_wconf 82' lang='lat' dir='ltr'><strong>Crudetts</strong></span> <span class='ocrx_word' id='word_1_56' title='bbox 459 1078 511 1139; x_wconf 81' lang='lat' dir='ltr'><strong>cst</strong></span> <span class='ocrx_word' id='word_1_57' title='bbox 538 1078 572 1139; x_wconf 88' lang='lat' dir='ltr'><strong>et</strong></span> <span class='ocrx_word' id='word_1_58' title='bbox 599 1092 668 1138; x_wconf 82' lang='lat' dir='ltr'><strong>non</strong></span> <span class='ocrx_word' id='word_1_59' title='bbox 695 1077 919 1138; x_wconf 72' lang='lat' dir='ltr'><em>miserebitur</em></span> <span class='ocrx_word' id='word_1_60' title='bbox 972 1077 1089 1137; x_wconf 72' lang='lat' dir='ltr'><strong>nartem</strong></span> <span class='ocrx_word' id='word_1_61' title='bbox 1114 1076 1292 1137; x_wconf 80' lang='lat' dir='ltr'><strong>mort-uum</strong></span> <span class='ocrx_word' id='word_1_62' title='bbox 1310 1076 1429 1149; x_wconf 74' lang='lat' dir='ltr'><strong>licerit,</strong></span> <span class='ocrx_word' id='word_1_63' title='bbox 1456 1076 1603 1137; x_wconf 71' lang='lat' dir='ltr'><strong>tamtum</strong></span> <span class='ocrx_word' id='word_1_64' title='bbox 1616 1077 1772 1151; x_wconf 67' lang='lat' dir='ltr'><strong>[temtatur</strong></span> <span class='ocrx_word' id='word_1_65' title='bbox 1851 1090 1854 1097; x_wconf 83' lang='lat'>&#39;</span> 
     </span>
     <span class='ocr_line' id='line_1_9' title="bbox 121 1170 1355 1253; baseline -0.004 -16"><span class='ocrx_word' id='word_1_66' title='bbox 121 1174 316 1251; x_wconf 79' lang='lat' dir='ltr'><strong>(teremm,</strong></span> <span class='ocrx_word' id='word_1_67' title='bbox 332 1173 398 1252; x_wconf 77' lang='lat'>23).</span> <span class='ocrx_word' id='word_1_68' title='bbox 971 1174 1077 1249; x_wconf 72' lang='lat' dir='ltr'><strong>offert</strong></span> <span class='ocrx_word' id='word_1_69' title='bbox 1091 1172 1200 1253; x_wconf 86' lang='lat' dir='ltr'><strong>(Joan.</strong></span> <span class='ocrx_word' id='word_1_70' title='bbox 1214 1188 1275 1244; x_wconf 84' lang='lat'><strong>111,</strong></span> <span class='ocrx_word' id='word_1_71' title='bbox 1289 1170 1355 1250; x_wconf 77' lang='lat'>24).</span> 
     </span>
    </p>

    <p class='ocr_par' dir='ltr' id='par_1_4' title="bbox 121 1270 1774 2523">
     <span class='ocr_line' id='line_1_10' title="bbox 159 1270 1772 1349; baseline -0.001 -16"><span class='ocrx_word' id='word_1_72' title='bbox 159 1273 218 1334; x_wconf 87' lang='lat' dir='ltr'><strong>isti</strong></span> <span class='ocrx_word' id='word_1_73' title='bbox 250 1273 479 1349; x_wconf 81' lang='lat' dir='ltr'><strong>persecutores</strong></span> <span class='ocrx_word' id='word_1_74' title='bbox 500 1272 621 1333; x_wconf 86' lang='lat' dir='ltr'><strong>animae</strong></span> <span class='ocrx_word' id='word_1_75' title='bbox 641 1272 718 1334; x_wconf 90' lang='lat' dir='ltr'><strong>sunt</strong></span> <span class='ocrx_word' id='word_1_76' title='bbox 736 1271 915 1344; x_wconf 87' lang='lat' dir='ltr'><strong>daemones,</strong></span> <span class='ocrx_word' id='word_1_77' title='bbox 1012 1275 1091 1332; x_wconf 87' lang='lat' dir='ltr'><strong>llaec</strong></span> <span class='ocrx_word' id='word_1_78' title='bbox 1104 1271 1205 1333; x_wconf 87' lang='lat' dir='ltr'><strong>verba</strong></span> <span class='ocrx_word' id='word_1_79' title='bbox 1223 1271 1331 1333; x_wconf 90' lang='lat' dir='ltr'><strong>sancti</strong></span> <span class='ocrx_word' id='word_1_80' title='bbox 1346 1271 1511 1347; x_wconf 83' lang='lat' dir='ltr'><strong>evangelii</strong></span> <span class='ocrx_word' id='word_1_81' title='bbox 1523 1270 1700 1349; x_wconf 71' lang='lat' dir='ltr'><strong>tripliciter</strong></span> <span class='ocrx_word' id='word_1_82' title='bbox 1719 1270 1772 1332; x_wconf 90' lang='lat' dir='ltr'><strong>in-</strong></span> 
     </span>
     <span class='ocr_line' id='line_1_11' title="bbox 123 1368 1770 1448; baseline 0 -17"><span class='ocrx_word' id='word_1_83' title='bbox 123 1371 180 1448; x_wconf 88' lang='lat' dir='ltr'><strong>qui</strong></span> <span class='ocrx_word' id='word_1_84' title='bbox 202 1370 446 1447; x_wconf 83' lang='lat' dir='ltr'><strong>persequuntur</strong></span> <span class='ocrx_word' id='word_1_85' title='bbox 473 1369 619 1431; x_wconf 89' lang='lat' dir='ltr'><strong>animam</strong></span> <span class='ocrx_word' id='word_1_86' title='bbox 638 1369 671 1430; x_wconf 91' lang='lat' dir='ltr'><strong>in</strong></span> <span class='ocrx_word' id='word_1_87' title='bbox 693 1368 836 1437; x_wconf 86' lang='lat' dir='ltr'><strong>interno,</strong></span> <span class='ocrx_word' id='word_1_88' title='bbox 858 1384 919 1431; x_wconf 86' lang='lat' dir='ltr'><strong>vo-</strong></span> <span class='ocrx_word' id='word_1_89' title='bbox 971 1369 1078 1446; x_wconf 87' lang='lat' dir='ltr'><strong>telligi</strong></span> <span class='ocrx_word' id='word_1_90' title='bbox 1101 1372 1251 1446; x_wconf 88' lang='lat' dir='ltr'><strong>possunt,</strong></span> <span class='ocrx_word' id='word_1_91' title='bbox 1276 1369 1442 1440; x_wconf 80' lang='lat' dir='ltr'><strong>videlicet,</strong></span> <span class='ocrx_word' id='word_1_92' title='bbox 1472 1369 1654 1430; x_wconf 88' lang='lat' dir='ltr'><strong>seeundum</strong></span> <span class='ocrx_word' id='word_1_93' title='bbox 1677 1369 1770 1431; x_wconf 90' lang='lat' dir='ltr'><strong>litte·</strong></span> 
     </span>
     <span class='ocr_line' id='line_1_12' title="bbox 121 1465 1770 1543; baseline -0.001 -16"><span class='ocrx_word' id='word_1_94' title='bbox 121 1467 234 1528; x_wconf 85' lang='lat' dir='ltr'><strong>xaudo</strong></span> <span class='ocrx_word' id='word_1_95' title='bbox 249 1481 323 1528; x_wconf 89' lang='lat' dir='ltr'><strong>eam</strong></span> <span class='ocrx_word' id='word_1_96' title='bbox 342 1465 484 1528; x_wconf 87' lang='lat' dir='ltr'><strong>dirersis</strong></span> <span class='ocrx_word' id='word_1_97' title='bbox 505 1468 538 1529; x_wconf 92' lang='lat' dir='ltr'><strong>et</strong></span> <span class='ocrx_word' id='word_1_98' title='bbox 551 1466 657 1528; x_wconf 86' lang='lat' dir='ltr'><strong>variis</strong></span> <span class='ocrx_word' id='word_1_99' title='bbox 671 1466 856 1527; x_wconf 89' lang='lat' dir='ltr'><strong>tormentis.</strong></span> <span class='ocrx_word' id='word_1_100' title='bbox 878 1467 918 1528; x_wconf 84' lang='lat' dir='ltr'><strong>Et</strong></span> <span class='ocrx_word' id='word_1_101' title='bbox 971 1482 1055 1539; x_wconf 90' lang='lat' dir='ltr'><strong>ram,</strong></span> <span class='ocrx_word' id='word_1_102' title='bbox 1081 1467 1262 1528; x_wconf 89' lang='lat' dir='ltr'><strong>secundum</strong></span> <span class='ocrx_word' id='word_1_103' title='bbox 1291 1466 1497 1543; x_wconf 82' lang='lat' dir='ltr'><strong>allegoriam,</strong></span> <span class='ocrx_word' id='word_1_104' title='bbox 1527 1467 1561 1528; x_wconf 91' lang='lat' dir='ltr'><strong>et</strong></span> <span class='ocrx_word' id='word_1_105' title='bbox 1588 1466 1770 1527; x_wconf 87' lang='lat' dir='ltr'><strong>secundum</strong></span> 
     </span>
     <span class='ocr_line' id='line_1_13' title="bbox 122 1563 1770 1641; baseline 0 -16"><span class='ocrx_word' id='word_1_106' title='bbox 122 1564 187 1641; x_wconf 90' lang='lat' dir='ltr'><strong>ipsi</strong></span> <span class='ocrx_word' id='word_1_107' title='bbox 208 1563 501 1641; x_wconf 91' lang='lat' dir='ltr'><strong>apprehenderunt</strong></span> <span class='ocrx_word' id='word_1_108' title='bbox 526 1579 598 1625; x_wconf 91' lang='lat' dir='ltr'><strong>eam</strong></span> <span class='ocrx_word' id='word_1_109' title='bbox 623 1565 710 1625; x_wconf 90' lang='lat' dir='ltr'><strong>inter</strong></span> <span class='ocrx_word' id='word_1_110' title='bbox 732 1564 914 1639; x_wconf 78' lang='lat' dir='ltr'><strong>angustias,</strong></span> <span class='ocrx_word' id='word_1_111' title='bbox 973 1564 1204 1627; x_wconf 89' lang='lat' dir='ltr'><strong>moralitatem.</strong></span> <span class='ocrx_word' id='word_1_112' title='bbox 1218 1564 1406 1626; x_wconf 87' lang='lat' dir='ltr'><strong>Secundum</strong></span> <span class='ocrx_word' id='word_1_113' title='bbox 1419 1564 1563 1626; x_wconf 89' lang='lat' dir='ltr'><strong>litteram</strong></span> <span class='ocrx_word' id='word_1_114' title='bbox 1575 1564 1770 1625; x_wconf 81' lang='lat' dir='ltr'><strong>manifestus</strong></span> 
     </span>
     <span class='ocr_line' id='line_1_14' title="bbox 123 1660 1772 1739; baseline -0.001 -16"><span class='ocrx_word' id='word_1_115' title='bbox 123 1662 218 1733; x_wconf 88' lang='lat' dir='ltr'><strong>idest,</strong></span> <span class='ocrx_word' id='word_1_116' title='bbox 236 1661 325 1723; x_wconf 87' lang='lat' dir='ltr'><strong>inter</strong></span> <span class='ocrx_word' id='word_1_117' title='bbox 347 1661 543 1723; x_wconf 85' lang='lat' dir='ltr'><strong>afflictiones</strong></span> <span class='ocrx_word' id='word_1_118' title='bbox 565 1661 698 1730; x_wconf 86' lang='lat' dir='ltr'><strong>interni,</strong></span> <span class='ocrx_word' id='word_1_119' title='bbox 720 1660 797 1738; x_wconf 85' lang='lat' dir='ltr'><strong>quia</strong></span> <span class='ocrx_word' id='word_1_120' title='bbox 814 1660 919 1723; x_wconf 89' lang='lat' dir='ltr'><strong>dedu·</strong></span> <span class='ocrx_word' id='word_1_121' title='bbox 972 1662 1023 1725; x_wconf 91' lang='lat' dir='ltr'><strong>est</strong></span> <span class='ocrx_word' id='word_1_122' title='bbox 1045 1662 1244 1734; x_wconf 88' lang='lat' dir='ltr'><strong>intellectus,</strong></span> <span class='ocrx_word' id='word_1_123' title='bbox 1275 1663 1354 1739; x_wconf 85' lang='lat' dir='ltr'><strong>quia</strong></span> <span class='ocrx_word' id='word_1_124' title='bbox 1382 1662 1411 1722; x_wconf 91' lang='lat' dir='ltr'><strong>si</strong></span> <span class='ocrx_word' id='word_1_125' title='bbox 1444 1678 1587 1738; x_wconf 82' lang='lat' dir='ltr'><strong>granum</strong></span> <span class='ocrx_word' id='word_1_126' title='bbox 1613 1661 1772 1723; x_wconf 83' lang='lat' dir='ltr'><strong>frumenti</strong></span> 
     </span>
     <span class='ocr_line' id='line_1_15' title="bbox 123 1758 1772 1837; baseline 0 -16"><span class='ocrx_word' id='word_1_127' title='bbox 123 1760 201 1821; x_wconf 88' lang='lat' dir='ltr'><strong>eunt</strong></span> <span class='ocrx_word' id='word_1_128' title='bbox 215 1775 290 1821; x_wconf 88' lang='lat' dir='ltr'><strong>eam</strong></span> <span class='ocrx_word' id='word_1_129' title='bbox 303 1758 343 1821; x_wconf 91' lang='lat' dir='ltr'><strong>de</strong></span> <span class='ocrx_word' id='word_1_130' title='bbox 356 1759 611 1828; x_wconf 87' lang='lat' dir='ltr'><strong>locoadlocum,</strong></span> <span class='ocrx_word' id='word_1_131' title='bbox 629 1760 669 1820; x_wconf 90' lang='lat' dir='ltr'><strong>de</strong></span> <span class='ocrx_word' id='word_1_132' title='bbox 682 1760 778 1837; x_wconf 89' lang='lat' dir='ltr'><strong>aquis</strong></span> <span class='ocrx_word' id='word_1_133' title='bbox 791 1759 917 1820; x_wconf 87' lang='lat' dir='ltr'><strong>nivium</strong></span> <span class='ocrx_word' id='word_1_134' title='bbox 972 1761 1162 1822; x_wconf 88' lang='lat' dir='ltr'><strong>reservatur</strong></span> <span class='ocrx_word' id='word_1_135' title='bbox 1184 1761 1219 1820; x_wconf 93' lang='lat' dir='ltr'><strong>in</strong></span> <span class='ocrx_word' id='word_1_136' title='bbox 1240 1776 1321 1821; x_wconf 87' lang='lat' dir='ltr'><strong>area</strong></span> <span class='ocrx_word' id='word_1_137' title='bbox 1343 1761 1375 1823; x_wconf 91' lang='lat' dir='ltr'><strong>et</strong></span> <span class='ocrx_word' id='word_1_138' title='bbox 1398 1760 1596 1822; x_wconf 90' lang='lat' dir='ltr'><strong>seminatum</strong></span> <span class='ocrx_word' id='word_1_139' title='bbox 1622 1760 1658 1820; x_wconf 92' lang='lat' dir='ltr'><strong>in</strong></span> <span class='ocrx_word' id='word_1_140' title='bbox 1681 1759 1772 1821; x_wconf 86' lang='lat' dir='ltr'><strong>terra</strong></span> 
     </span>
     <span class='ocr_line' id='line_1_16' title="bbox 122 1856 1771 1936; baseline -0.001 -16"><span class='ocrx_word' id='word_1_141' title='bbox 122 1858 161 1920; x_wconf 85' lang='lat' dir='ltr'><strong>ad</strong></span> <span class='ocrx_word' id='word_1_142' title='bbox 187 1857 333 1919; x_wconf 90' lang='lat' dir='ltr'><strong>calorem</strong></span> <span class='ocrx_word' id='word_1_143' title='bbox 361 1857 511 1918; x_wconf 90' lang='lat' dir='ltr'><strong>nimium.</strong></span> <span class='ocrx_word' id='word_1_144' title='bbox 540 1858 619 1918; x_wconf 88' lang='lat' dir='ltr'><strong>Post</strong></span> <span class='ocrx_word' id='word_1_145' title='bbox 642 1859 780 1918; x_wconf 89' lang='lat' dir='ltr'><strong>mortem</strong></span> <span class='ocrx_word' id='word_1_146' title='bbox 805 1856 917 1918; x_wconf 85' lang='lat' dir='ltr'><strong>visitat</strong></span> <span class='ocrx_word' id='word_1_147' title='bbox 973 1873 1039 1919; x_wconf 91' lang='lat' dir='ltr'><strong>non</strong></span> <span class='ocrx_word' id='word_1_148' title='bbox 1061 1858 1172 1930; x_wconf 90' lang='lat' dir='ltr'><strong>tuerit,</strong></span> <span class='ocrx_word' id='word_1_149' title='bbox 1195 1859 1303 1936; x_wconf 89' lang='lat' dir='ltr'><strong>ipsum</strong></span> <span class='ocrx_word' id='word_1_150' title='bbox 1323 1858 1430 1919; x_wconf 89' lang='lat' dir='ltr'><strong>solum</strong></span> <span class='ocrx_word' id='word_1_151' title='bbox 1452 1859 1575 1920; x_wconf 89' lang='lat' dir='ltr'><strong>manet.</strong></span> <span class='ocrx_word' id='word_1_152' title='bbox 1601 1858 1637 1919; x_wconf 88' lang='lat' dir='ltr'><strong>Si</strong></span> <span class='ocrx_word' id='word_1_153' title='bbox 1659 1861 1771 1919; x_wconf 88' lang='lat' dir='ltr'><strong>autem</strong></span> 
     </span>
     <span class='ocr_line' id='line_1_17' title="bbox 124 1954 1772 2032; baseline 0 -15"><span class='ocrx_word' id='word_1_154' title='bbox 124 1955 282 2017; x_wconf 85' lang='lat' dir='ltr'><strong>Dominus</strong></span> <span class='ocrx_word' id='word_1_155' title='bbox 300 1954 417 2026; x_wconf 90' lang='lat' dir='ltr'><strong>malos,</strong></span> <span class='ocrx_word' id='word_1_156' title='bbox 434 1954 566 2032; x_wconf 88' lang='lat' dir='ltr'><strong>quando</strong></span> <span class='ocrx_word' id='word_1_157' title='bbox 581 1955 616 2015; x_wconf 91' lang='lat' dir='ltr'><strong>in</strong></span> <span class='ocrx_word' id='word_1_158' title='bbox 630 1954 754 2017; x_wconf 86' lang='lat' dir='ltr'><strong>interni</strong></span> <span class='ocrx_word' id='word_1_159' title='bbox 771 1955 916 2016; x_wconf 87' lang='lat' dir='ltr'><strong>claustra</strong></span> <span class='ocrx_word' id='word_1_160' title='bbox 971 1958 1070 2018; x_wconf 89' lang='lat' dir='ltr'><strong>terrae</strong></span> <span class='ocrx_word' id='word_1_161' title='bbox 1086 1957 1302 2018; x_wconf 82' lang='lat' dir='ltr'><strong>ammixtione</strong></span> <span class='ocrx_word' id='word_1_162' title='bbox 1317 1958 1483 2019; x_wconf 90' lang='lat' dir='ltr'><strong>mortuum</strong></span> <span class='ocrx_word' id='word_1_163' title='bbox 1499 1956 1610 2029; x_wconf 89' lang='lat' dir='ltr'><strong>tuerit,</strong></span> <span class='ocrx_word' id='word_1_164' title='bbox 1631 1956 1772 2018; x_wconf 90' lang='lat' dir='ltr'><strong>multum</strong></span> 
     </span>
     <span class='ocr_line' id='line_1_18' title="bbox 124 2052 1774 2132; baseline 0.001 -19"><span class='ocrx_word' id='word_1_165' title='bbox 124 2053 354 2123; x_wconf 91' lang='lat' dir='ltr'><strong>detruduntur,</strong></span> <span class='ocrx_word' id='word_1_166' title='bbox 368 2053 406 2114; x_wconf 91' lang='lat' dir='ltr'><strong>ut</strong></span> <span class='ocrx_word' id='word_1_167' title='bbox 419 2052 525 2129; x_wconf 68' lang='lat' dir='ltr'><strong>plenis</strong></span> <span class='ocrx_word' id='word_1_168' title='bbox 536 2053 703 2129; x_wconf 89' lang='lat' dir='ltr'><strong>perpetuis</strong></span> <span class='ocrx_word' id='word_1_169' title='bbox 716 2053 915 2115; x_wconf 89' lang='lat' dir='ltr'><strong>crucientur.</strong></span> <span class='ocrx_word' id='word_1_170' title='bbox 972 2054 1114 2115; x_wconf 86' lang='lat' dir='ltr'><strong>tractum</strong></span> <span class='ocrx_word' id='word_1_171' title='bbox 1141 2055 1249 2127; x_wconf 84' lang='lat' dir='ltr'><strong>atiert,</strong></span> <span class='ocrx_word' id='word_1_172' title='bbox 1282 2055 1360 2132; x_wconf 90' lang='lat' dir='ltr'><strong>quia</strong></span> <span class='ocrx_word' id='word_1_173' title='bbox 1384 2071 1501 2131; x_wconf 89' lang='lat' dir='ltr'><strong>parum</strong></span> <span class='ocrx_word' id='word_1_174' title='bbox 1530 2054 1715 2117; x_wconf 86' lang='lat' dir='ltr'><strong>seminatur</strong></span> <span class='ocrx_word' id='word_1_175' title='bbox 1740 2054 1774 2115; x_wconf 88' lang='lat' dir='ltr'><strong>et</strong></span> 
     </span>
     <span class='ocr_line' id='line_1_19' title="bbox 125 2150 1421 2223; baseline 0.002 -11"><span class='ocrx_word' id='word_1_176' title='bbox 125 2151 214 2213; x_wconf 87' lang='lat' dir='ltr'><strong>Unde</strong></span> <span class='ocrx_word' id='word_1_177' title='bbox 235 2150 363 2212; x_wconf 86' lang='lat' dir='ltr'><strong>isaias:</strong></span> <span class='ocrx_word' id='word_1_178' title='bbox 380 2151 425 2211; x_wconf 82' lang='lat' dir='ltr'><strong>at</strong></span> <span class='ocrx_word' id='word_1_179' title='bbox 443 2153 512 2212; x_wconf 86' lang='lat' dir='ltr'><strong>ertt</strong></span> <span class='ocrx_word' id='word_1_180' title='bbox 533 2155 639 2213; x_wconf 78' lang='lat' dir='ltr'><strong>indta</strong></span> <span class='ocrx_word' id='word_1_181' title='bbox 661 2155 728 2223; x_wconf 75' lang='lat' dir='ltr'><strong>tuo,</strong></span> <span class='ocrx_word' id='word_1_182' title='bbox 754 2151 917 2213; x_wconf 76' lang='lat' dir='ltr'><strong>excitabit</strong></span> <span class='ocrx_word' id='word_1_183' title='bbox 973 2153 1076 2214; x_wconf 91' lang='lat' dir='ltr'><strong>multa</strong></span> <span class='ocrx_word' id='word_1_184' title='bbox 1091 2154 1269 2215; x_wconf 91' lang='lat' dir='ltr'><strong>metuntur.</strong></span> <span class='ocrx_word' id='word_1_185' title='bbox 1419 2160 1421 2163; x_wconf 80' lang='grc'>’</span> 
     </span>
     <span class='ocr_line' id='line_1_20' title="bbox 125 2248 1773 2327; baseline 0.001 -17"><span class='ocrx_word' id='word_1_186' title='bbox 125 2253 214 2310; x_wconf 77' lang='lat' dir='ltr'><strong>Deru</strong></span> <span class='ocrx_word' id='word_1_187' title='bbox 227 2249 504 2323; x_wconf 73' lang='lat' dir='ltr'><strong>supermontem</strong></span> <span class='ocrx_word' id='word_1_188' title='bbox 517 2253 797 2320; x_wconf 76' lang='lat' dir='ltr'><strong>ooetttacmeetso,</strong></span> <span class='ocrx_word' id='word_1_189' title='bbox 814 2251 919 2310; x_wconf 83' lang='lat' dir='ltr'><strong>etsu-</strong></span> <span class='ocrx_word' id='word_1_190' title='bbox 1011 2250 1198 2326; x_wconf 84' lang='lat' dir='ltr'><strong>Allegorice</strong></span> <span class='ocrx_word' id='word_1_191' title='bbox 1236 2266 1377 2327; x_wconf 80' lang='lat' dir='ltr'><strong>granum</strong></span> <span class='ocrx_word' id='word_1_192' title='bbox 1415 2249 1572 2311; x_wconf 83' lang='lat' dir='ltr'><strong>frumenti</strong></span> <span class='ocrx_word' id='word_1_193' title='bbox 1605 2248 1773 2325; x_wconf 79' lang='lat' dir='ltr'><strong>significat</strong></span> 
     </span>
     <span class='ocr_line' id='line_1_21' title="bbox 122 2344 1771 2424; baseline 0 -17"><span class='ocrx_word' id='word_1_194' title='bbox 122 2361 184 2419; x_wconf 82' lang='lat' dir='ltr'><strong>par</strong></span> <span class='ocrx_word' id='word_1_195' title='bbox 196 2360 300 2420; x_wconf 74' lang='lat' dir='ltr'><strong>reges</strong></span> <span class='ocrx_word' id='word_1_196' title='bbox 314 2346 423 2407; x_wconf 77' lang='lat' dir='ltr'><strong>terrm</strong></span> <span class='ocrx_word' id='word_1_197' title='bbox 436 2349 494 2419; x_wconf 79' lang='lat' dir='ltr'><strong>qut</strong></span> <span class='ocrx_word' id='word_1_198' title='bbox 510 2347 592 2406; x_wconf 72' lang='lat' dir='ltr'><strong>saint</strong></span> <span class='ocrx_word' id='word_1_199' title='bbox 608 2360 716 2419; x_wconf 73' lang='lat' dir='ltr'><strong>nepe-r</strong></span> <span class='ocrx_word' id='word_1_200' title='bbox 730 2346 864 2407; x_wconf 83' lang='lat' dir='ltr'><strong>terram</strong></span> <span class='ocrx_word' id='word_1_201' title='bbox 884 2345 917 2406; x_wconf 84' lang='lat' dir='ltr'><strong>et</strong></span> <span class='ocrx_word' id='word_1_202' title='bbox 973 2348 1150 2409; x_wconf 84' lang='lat' dir='ltr'><strong>Christum.</strong></span> <span class='ocrx_word' id='word_1_203' title='bbox 1168 2348 1251 2420; x_wconf 88' lang='lat' dir='ltr'><strong>Quia</strong></span> <span class='ocrx_word' id='word_1_204' title='bbox 1267 2347 1352 2409; x_wconf 92' lang='lat' dir='ltr'><strong>sicut</strong></span> <span class='ocrx_word' id='word_1_205' title='bbox 1362 2363 1502 2423; x_wconf 87' lang='lat' dir='ltr'><strong>granum</strong></span> <span class='ocrx_word' id='word_1_206' title='bbox 1515 2346 1674 2409; x_wconf 82' lang='lat' dir='ltr'><strong>frumenti</strong></span> <span class='ocrx_word' id='word_1_207' title='bbox 1684 2344 1771 2424; x_wconf 88' lang='lat' dir='ltr'><strong>quod</strong></span> 
     </span>
     <span class='ocr_line' id='line_1_22' title="bbox 125 2442 1773 2523; baseline 0.001 -18"><span class='ocrx_word' id='word_1_208' title='bbox 125 2442 919 2519; x_wconf 71' lang='lat' dir='ltr'><strong>corrprepodunturincongregationeuratamsos·</strong></span> <span class='ocrx_word' id='word_1_209' title='bbox 972 2446 1062 2507; x_wconf 89' lang='lat' dir='ltr'><strong>cadit</strong></span> <span class='ocrx_word' id='word_1_210' title='bbox 1091 2447 1125 2507; x_wconf 93' lang='lat' dir='ltr'><strong>in</strong></span> <span class='ocrx_word' id='word_1_211' title='bbox 1154 2447 1296 2518; x_wconf 88' lang='lat' dir='ltr'><strong>terram,</strong></span> <span class='ocrx_word' id='word_1_212' title='bbox 1327 2461 1386 2523; x_wconf 91' lang='lat' dir='ltr'><strong>per</strong></span> <span class='ocrx_word' id='word_1_213' title='bbox 1414 2445 1644 2507; x_wconf 89' lang='lat' dir='ltr'><strong>humiditatem</strong></span> <span class='ocrx_word' id='word_1_214' title='bbox 1672 2446 1773 2507; x_wconf 77' lang='lat' dir='ltr'><strong>terrae</strong></span> 
     </span>
    </p>
   </div>
   <div class='ocr_carea' id='block_1_4' title="bbox 126 2540 1894 2621">
    <p class='ocr_par' dir='ltr' id='par_1_5' title="bbox 126 2540 1894 2621">
     <span class='ocr_line' id='line_1_23' title="bbox 126 2540 1894 2621; baseline 0.001 -20"><span class='ocrx_word' id='word_1_215' title='bbox 126 2543 351 2611; x_wconf 72' lang='lat' dir='ltr'><strong>etstrnocum,</strong></span> <span class='ocrx_word' id='word_1_216' title='bbox 363 2540 397 2600; x_wconf 82' lang='lat' dir='ltr'><strong>et</strong></span> <span class='ocrx_word' id='word_1_217' title='bbox 408 2540 612 2601; x_wconf 76' lang='lat' dir='ltr'><strong>ctazuleatur</strong></span> <span class='ocrx_word' id='word_1_218' title='bbox 625 2542 716 2601; x_wconf 79' lang='lat' dir='ltr'><strong>totta</strong></span> <span class='ocrx_word' id='word_1_219' title='bbox 728 2554 916 2611; x_wconf 82' lang='lat' dir='ltr'><strong>carcerem,</strong></span> <span class='ocrx_word' id='word_1_220' title='bbox 973 2543 1187 2617; x_wconf 83' lang='lat' dir='ltr'><strong>deformatur,</strong></span> <span class='ocrx_word' id='word_1_221' title='bbox 1205 2544 1380 2606; x_wconf 83' lang='lat' dir='ltr'><strong>marcescit</strong></span> <span class='ocrx_word' id='word_1_222' title='bbox 1394 2546 1427 2606; x_wconf 90' lang='lat' dir='ltr'><strong>et</strong></span> <span class='ocrx_word' id='word_1_223' title='bbox 1446 2543 1540 2621; x_wconf 87' lang='lat' dir='ltr'><strong>quasi</strong></span> <span class='ocrx_word' id='word_1_224' title='bbox 1555 2542 1714 2618; x_wconf 88' lang='lat' dir='ltr'><strong>moritur;</strong></span> <span class='ocrx_word' id='word_1_225' title='bbox 1726 2543 1773 2603; x_wconf 89' lang='lat' dir='ltr'><strong>ita</strong></span> <span class='ocrx_word' id='word_1_226' title='bbox 1891 2542 1894 2547; x_wconf 84' lang='lat'>&#39;</span> 
     </span>
    </p>
   </div>
   <div class='ocr_carea' id='block_1_5' title="bbox 126 2635 1865 4768">
    <p class='ocr_par' dir='ltr' id='par_1_6' title="bbox 126 2635 1774 3400">
     <span class='ocr_line' id='line_1_24' title="bbox 127 2635 1771 2718; baseline 0.002 -20"><span class='ocrx_word' id='word_1_227' title='bbox 127 2637 249 2712; x_wconf 85' lang='lat' dir='ltr'><strong>etpost</strong></span> <span class='ocrx_word' id='word_1_228' title='bbox 263 2640 338 2699; x_wconf 78' lang='lat' dir='ltr'><strong>dica</strong></span> <span class='ocrx_word' id='word_1_229' title='bbox 355 2638 482 2699; x_wconf 82' lang='lat' dir='ltr'><strong>multos</strong></span> <span class='ocrx_word' id='word_1_230' title='bbox 503 2637 738 2698; x_wconf 72' lang='lat' dir='ltr'><strong>visitabuntur</strong></span> <span class='ocrx_word' id='word_1_231' title='bbox 754 2635 810 2716; x_wconf 88' lang='lat' dir='ltr'><strong>(is.</strong></span> <span class='ocrx_word' id='word_1_232' title='bbox 822 2651 916 2709; x_wconf 75' lang='lat' dir='ltr'><strong>xm,</strong></span> <span class='ocrx_word' id='word_1_233' title='bbox 974 2644 1007 2703; x_wconf 93' lang='lat' dir='ltr'><strong>et</strong></span> <span class='ocrx_word' id='word_1_234' title='bbox 1021 2641 1171 2704; x_wconf 71' lang='lat' dir='ltr'><strong>onustus</strong></span> <span class='ocrx_word' id='word_1_235' title='bbox 1187 2642 1306 2704; x_wconf 86' lang='lat' dir='ltr'><strong>cecidit</strong></span> <span class='ocrx_word' id='word_1_236' title='bbox 1320 2642 1355 2703; x_wconf 92' lang='lat' dir='ltr'><strong>in</strong></span> <span class='ocrx_word' id='word_1_237' title='bbox 1369 2642 1504 2713; x_wconf 90' lang='lat' dir='ltr'><strong>terram,</strong></span> <span class='ocrx_word' id='word_1_238' title='bbox 1525 2640 1656 2718; x_wconf 90' lang='lat' dir='ltr'><strong>quando</strong></span> <span class='ocrx_word' id='word_1_239' title='bbox 1669 2640 1771 2701; x_wconf 90' lang='lat' dir='ltr'><strong>inoli-</strong></span> 
     </span>
     <span class='ocr_line' id='line_1_25' title="bbox 126 2734 1772 2816; baseline 0.002 -21"><span class='ocrx_word' id='word_1_240' title='bbox 126 2735 185 2810; x_wconf 61' lang='lat'><strong>22).</strong></span> <span class='ocrx_word' id='word_1_241' title='bbox 200 2737 281 2797; x_wconf 86' lang='lat' dir='ltr'><strong>Haec</strong></span> <span class='ocrx_word' id='word_1_242' title='bbox 292 2734 441 2797; x_wconf 84' lang='lat' dir='ltr'><strong>visitatio</strong></span> <span class='ocrx_word' id='word_1_243' title='bbox 454 2734 641 2806; x_wconf 81' lang='lat' dir='ltr'><strong>infernalis,</strong></span> <span class='ocrx_word' id='word_1_244' title='bbox 656 2751 723 2796; x_wconf 93' lang='lat' dir='ltr'><strong>non</strong></span> <span class='ocrx_word' id='word_1_245' title='bbox 736 2735 786 2796; x_wconf 88' lang='lat' dir='ltr'><strong>est</strong></span> <span class='ocrx_word' id='word_1_246' title='bbox 800 2735 866 2796; x_wconf 91' lang='lat' dir='ltr'><strong>nisi</strong></span> <span class='ocrx_word' id='word_1_247' title='bbox 884 2734 918 2795; x_wconf 91' lang='lat' dir='ltr'><strong>in</strong></span> <span class='ocrx_word' id='word_1_248' title='bbox 974 2739 1066 2801; x_wconf 84' lang='lat' dir='ltr'><strong>uarii</strong></span> <span class='ocrx_word' id='word_1_249' title='bbox 1093 2740 1195 2802; x_wconf 89' lang='lat' dir='ltr'><strong>coelos</strong></span> <span class='ocrx_word' id='word_1_250' title='bbox 1223 2742 1257 2802; x_wconf 90' lang='lat' dir='ltr'><strong>et</strong></span> <span class='ocrx_word' id='word_1_251' title='bbox 1288 2739 1474 2812; x_wconf 88' lang='lat' dir='ltr'><strong>deseendit,</strong></span> <span class='ocrx_word' id='word_1_252' title='bbox 1509 2740 1622 2813; x_wconf 81' lang='lat' dir='ltr'><strong>idest„</strong></span> <span class='ocrx_word' id='word_1_253' title='bbox 1641 2738 1772 2816; x_wconf 88' lang='lat' dir='ltr'><strong>quando</strong></span> 
     </span>
     <span class='ocr_line' id='line_1_26' title="bbox 128 2832 1774 2910; baseline 0.001 -17"><span class='ocrx_word' id='word_1_254' title='bbox 128 2847 219 2909; x_wconf 85' lang='lat' dir='ltr'><strong>poena</strong></span> <span class='ocrx_word' id='word_1_255' title='bbox 233 2834 369 2904; x_wconf 84' lang='lat' dir='ltr'><strong>aeterna,</strong></span> <span class='ocrx_word' id='word_1_256' title='bbox 386 2832 517 2909; x_wconf 87' lang='lat' dir='ltr'><strong>quando</strong></span> <span class='ocrx_word' id='word_1_257' title='bbox 531 2832 665 2910; x_wconf 88' lang='lat' dir='ltr'><strong>reprobi</strong></span> <span class='ocrx_word' id='word_1_258' title='bbox 678 2833 711 2894; x_wconf 93' lang='lat' dir='ltr'><strong>et</strong></span> <span class='ocrx_word' id='word_1_259' title='bbox 724 2833 830 2910; x_wconf 90' lang='lat' dir='ltr'><strong>iniqui</strong></span> <span class='ocrx_word' id='word_1_260' title='bbox 842 2832 920 2894; x_wconf 88' lang='lat' dir='ltr'><strong>visi·</strong></span> <span class='ocrx_word' id='word_1_261' title='bbox 973 2837 1118 2899; x_wconf 88' lang='lat' dir='ltr'><strong>Verbum</strong></span> <span class='ocrx_word' id='word_1_262' title='bbox 1151 2852 1229 2899; x_wconf 87' lang='lat' dir='ltr'><strong>earo</strong></span> <span class='ocrx_word' id='word_1_263' title='bbox 1259 2836 1382 2899; x_wconf 88' lang='lat' dir='ltr'><strong>tactum</strong></span> <span class='ocrx_word' id='word_1_264' title='bbox 1414 2838 1464 2898; x_wconf 90' lang='lat' dir='ltr'><strong>est</strong></span> <span class='ocrx_word' id='word_1_265' title='bbox 1489 2837 1522 2899; x_wconf 91' lang='lat' dir='ltr'><strong>et</strong></span> <span class='ocrx_word' id='word_1_266' title='bbox 1550 2836 1713 2899; x_wconf 85' lang='lat' dir='ltr'><strong>habitarit</strong></span> <span class='ocrx_word' id='word_1_267' title='bbox 1737 2836 1774 2896; x_wconf 93' lang='lat' dir='ltr'><strong>in</strong></span> 
     </span>
     <span class='ocr_line' id='line_1_27' title="bbox 126 2929 1770 3012; baseline 0.002 -21"><span class='ocrx_word' id='word_1_268' title='bbox 126 2929 292 3003; x_wconf 89' lang='lat' dir='ltr'><strong>tabuntur,</strong></span> <span class='ocrx_word' id='word_1_269' title='bbox 309 2929 405 3002; x_wconf 88' lang='lat' dir='ltr'><strong>idest,</strong></span> <span class='ocrx_word' id='word_1_270' title='bbox 422 2930 677 3003; x_wconf 88' lang='lat' dir='ltr'><strong>damnabuntur,</strong></span> <span class='ocrx_word' id='word_1_271' title='bbox 698 2931 785 2992; x_wconf 88' lang='lat' dir='ltr'><strong>sicut</strong></span> <span class='ocrx_word' id='word_1_272' title='bbox 798 2930 920 3007; x_wconf 87' lang='lat' dir='ltr'><strong>legitur</strong></span> <span class='ocrx_word' id='word_1_273' title='bbox 974 2935 1080 2996; x_wconf 85' lang='lat' dir='ltr'><strong>nobis.</strong></span> <span class='ocrx_word' id='word_1_274' title='bbox 1107 2937 1192 2997; x_wconf 91' lang='lat' dir='ltr'><strong>Nam</strong></span> <span class='ocrx_word' id='word_1_275' title='bbox 1214 2935 1391 3012; x_wconf 88' lang='lat' dir='ltr'><strong>antequam</strong></span> <span class='ocrx_word' id='word_1_276' title='bbox 1405 2934 1550 2997; x_wconf 90' lang='lat' dir='ltr'><strong>Verbum</strong></span> <span class='ocrx_word' id='word_1_277' title='bbox 1566 2950 1645 2995; x_wconf 90' lang='lat' dir='ltr'><strong>caro</strong></span> <span class='ocrx_word' id='word_1_278' title='bbox 1664 2934 1770 3007; x_wconf 88' lang='lat' dir='ltr'><strong>tieret,</strong></span> 
     </span>
     <span class='ocr_line' id='line_1_28' title="bbox 127 3027 1772 3109; baseline 0.003 -22"><span class='ocrx_word' id='word_1_279' title='bbox 127 3027 157 3088; x_wconf 91' lang='lat' dir='ltr'><strong>in</strong></span> <span class='ocrx_word' id='word_1_280' title='bbox 171 3027 393 3106; x_wconf 79' lang='lat' dir='ltr'><strong>Apocalypsi:</strong></span> <span class='ocrx_word' id='word_1_281' title='bbox 409 3028 814 3105; x_wconf 79' lang='lat' dir='ltr'><strong>Mittanturinstop-amu</strong></span> <span class='ocrx_word' id='word_1_282' title='bbox 829 3032 920 3104; x_wconf 73' lang='lat' dir='ltr'><strong>tonis</strong></span> <span class='ocrx_word' id='word_1_283' title='bbox 974 3032 1090 3109; x_wconf 87' lang='lat' dir='ltr'><strong>procul</strong></span> <span class='ocrx_word' id='word_1_284' title='bbox 1106 3032 1277 3095; x_wconf 83' lang='lat' dir='ltr'><strong>habitabat</strong></span> <span class='ocrx_word' id='word_1_285' title='bbox 1298 3048 1317 3094; x_wconf 90' lang='lat' dir='ltr'><strong>a</strong></span> <span class='ocrx_word' id='word_1_286' title='bbox 1339 3033 1445 3094; x_wconf 88' lang='lat' dir='ltr'><strong>nobis.</strong></span> <span class='ocrx_word' id='word_1_287' title='bbox 1471 3033 1534 3093; x_wconf 88' lang='lat' dir='ltr'><strong>Sed</strong></span> <span class='ocrx_word' id='word_1_288' title='bbox 1551 3032 1607 3093; x_wconf 92' lang='lat' dir='ltr'><strong>uhi</strong></span> <span class='ocrx_word' id='word_1_289' title='bbox 1628 3031 1772 3093; x_wconf 88' lang='lat' dir='ltr'><strong>Verbum</strong></span> 
     </span>
     <span class='ocr_line' id='line_1_29' title="bbox 126 3123 1773 3203; baseline 0.002 -16"><span class='ocrx_word' id='word_1_290' title='bbox 126 3126 155 3187; x_wconf 88' lang='lat' dir='ltr'><strong>et</strong></span> <span class='ocrx_word' id='word_1_291' title='bbox 180 3129 357 3201; x_wconf 70' lang='lat' dir='ltr'><strong>emptoris</strong></span> <span class='ocrx_word' id='word_1_292' title='bbox 382 3123 494 3203; x_wconf 79' lang='lat' dir='ltr'><strong>(Apoo.</strong></span> <span class='ocrx_word' id='word_1_293' title='bbox 520 3141 578 3197; x_wconf 80' lang='lat' dir='ltr'><strong>xx,</strong></span> <span class='ocrx_word' id='word_1_294' title='bbox 603 3126 647 3199; x_wconf 77' lang='lat'><strong>9).</strong></span> <span class='ocrx_word' id='word_1_295' title='bbox 669 3128 709 3188; x_wconf 82' lang='lat' dir='ltr'><strong>at</strong></span> <span class='ocrx_word' id='word_1_296' title='bbox 731 3126 818 3188; x_wconf 89' lang='lat' dir='ltr'><strong>sicut</strong></span> <span class='ocrx_word' id='word_1_297' title='bbox 840 3126 921 3188; x_wconf 91' lang='lat' dir='ltr'><strong>dicit</strong></span> <span class='ocrx_word' id='word_1_298' title='bbox 974 3146 1052 3192; x_wconf 88' lang='lat' dir='ltr'><strong>caro</strong></span> <span class='ocrx_word' id='word_1_299' title='bbox 1082 3130 1293 3203; x_wconf 79' lang='lat' dir='ltr'><strong>factumest,</strong></span> <span class='ocrx_word' id='word_1_300' title='bbox 1324 3129 1488 3192; x_wconf 87' lang='lat' dir='ltr'><strong>habitarit</strong></span> <span class='ocrx_word' id='word_1_301' title='bbox 1519 3131 1554 3191; x_wconf 92' lang='lat' dir='ltr'><strong>in</strong></span> <span class='ocrx_word' id='word_1_302' title='bbox 1582 3128 1678 3191; x_wconf 90' lang='lat' dir='ltr'><strong>nobis</strong></span> <span class='ocrx_word' id='word_1_303' title='bbox 1706 3145 1773 3190; x_wconf 89' lang='lat' dir='ltr'><strong>non</strong></span> 
     </span>
     <span class='ocr_line' id='line_1_30' title="bbox 127 3218 1772 3306; baseline 0.004 -25"><span class='ocrx_word' id='word_1_304' title='bbox 127 3224 227 3284; x_wconf 86' lang='lat' dir='ltr'><strong>isaias</strong></span> <span class='ocrx_word' id='word_1_305' title='bbox 251 3245 259 3284; x_wconf 73' lang='grc' dir='ltr'><strong><em>ε</em></strong></span> <span class='ocrx_word' id='word_1_306' title='bbox 279 3228 410 3285; x_wconf 73' lang='lat' dir='ltr'><strong>Famam</strong></span> <span class='ocrx_word' id='word_1_307' title='bbox 430 3218 684 3286; x_wconf 76' lang='lat' dir='ltr'><strong>tormentorum</strong></span> <span class='ocrx_word' id='word_1_308' title='bbox 702 3227 841 3286; x_wconf 77' lang='lat' dir='ltr'><strong>itteram</strong></span> <span class='ocrx_word' id='word_1_309' title='bbox 861 3240 920 3285; x_wconf 86' lang='lat' dir='ltr'><strong>os-</strong></span> <span class='ocrx_word' id='word_1_310' title='bbox 975 3228 1080 3289; x_wconf 90' lang='lat' dir='ltr'><strong>solum</strong></span> <span class='ocrx_word' id='word_1_311' title='bbox 1093 3229 1319 3306; x_wconf 82' lang='lat' dir='ltr'><strong>pergratiam,</strong></span> <span class='ocrx_word' id='word_1_312' title='bbox 1336 3228 1393 3289; x_wconf 91' lang='lat' dir='ltr'><strong>sed</strong></span> <span class='ocrx_word' id='word_1_313' title='bbox 1414 3229 1515 3289; x_wconf 88' lang='lat' dir='ltr'><strong>etiam</strong></span> <span class='ocrx_word' id='word_1_314' title='bbox 1532 3243 1593 3304; x_wconf 91' lang='lat' dir='ltr'><strong>per</strong></span> <span class='ocrx_word' id='word_1_315' title='bbox 1606 3229 1772 3289; x_wconf 89' lang='lat' dir='ltr'><strong>naturam.</strong></span> 
     </span>
     <span class='ocr_line' id='line_1_31' title="bbox 126 3320 1773 3400; baseline 0.002 -19"><span class='ocrx_word' id='word_1_316' title='bbox 126 3320 917 3400; x_wconf 68' lang='lat' dir='ltr'><strong>corzontsrsaeeumsaeeaorammpoc.xiv,11).</strong></span> <span class='ocrx_word' id='word_1_317' title='bbox 975 3326 1059 3386; x_wconf 89' lang='lat' dir='ltr'><strong>Nam</strong></span> <span class='ocrx_word' id='word_1_318' title='bbox 1083 3325 1170 3387; x_wconf 88' lang='lat' dir='ltr'><strong>sicut</strong></span> <span class='ocrx_word' id='word_1_319' title='bbox 1193 3325 1274 3387; x_wconf 90' lang='lat' dir='ltr'><strong>dicit</strong></span> <span class='ocrx_word' id='word_1_320' title='bbox 1298 3325 1460 3387; x_wconf 86' lang='lat' dir='ltr'><strong>Jeremias</strong></span> <span class='ocrx_word' id='word_1_321' title='bbox 1484 3346 1492 3384; x_wconf 75' lang='grc' dir='ltr'><strong>ε</strong></span> <span class='ocrx_word' id='word_1_322' title='bbox 1514 3327 1582 3386; x_wconf 78' lang='lat' dir='ltr'><strong>Hic</strong></span> <span class='ocrx_word' id='word_1_323' title='bbox 1604 3325 1657 3386; x_wconf 85' lang='lat' dir='ltr'><strong>est</strong></span> <span class='ocrx_word' id='word_1_324' title='bbox 1679 3327 1773 3387; x_wconf 81' lang='lat' dir='ltr'><strong>Deus</strong></span> 
     </span>
    </p>

    <p class='ocr_par' dir='ltr' id='par_1_7' title="bbox 126 3418 1865 4768">
     <span class='ocr_line' id='line_1_32' title="bbox 162 3418 1777 3495; baseline 0 -14"><span class='ocrx_word' id='word_1_325' title='bbox 162 3421 207 3481; x_wconf 80' lang='lat' dir='ltr'><strong>at</strong></span> <span class='ocrx_word' id='word_1_326' title='bbox 222 3419 375 3480; x_wconf 79' lang='lat' dir='ltr'><strong>etsttostt</strong></span> <span class='ocrx_word' id='word_1_327' title='bbox 389 3421 496 3480; x_wconf 72' lang='lat' dir='ltr'><strong>nocte.</strong></span> <span class='ocrx_word' id='word_1_328' title='bbox 514 3419 632 3479; x_wconf 87' lang='lat' dir='ltr'><strong>Anima</strong></span> <span class='ocrx_word' id='word_1_329' title='bbox 644 3418 743 3481; x_wconf 88' lang='lat' dir='ltr'><strong>habet</strong></span> <span class='ocrx_word' id='word_1_330' title='bbox 759 3420 873 3481; x_wconf 90' lang='lat' dir='ltr'><strong>noctes</strong></span> <span class='ocrx_word' id='word_1_331' title='bbox 887 3422 921 3481; x_wconf 93' lang='lat' dir='ltr'><strong>et</strong></span> <span class='ocrx_word' id='word_1_332' title='bbox 974 3422 1093 3483; x_wconf 72' lang='lat' dir='ltr'><strong>ceaster</strong></span> <span class='ocrx_word' id='word_1_333' title='bbox 1111 3424 1144 3484; x_wconf 89' lang='lat' dir='ltr'><strong>et</strong></span> <span class='ocrx_word' id='word_1_334' title='bbox 1168 3438 1236 3483; x_wconf 79' lang='lat' dir='ltr'><strong>aon</strong></span> <span class='ocrx_word' id='word_1_335' title='bbox 1259 3423 1311 3484; x_wconf 82' lang='lat' dir='ltr'><strong>est</strong></span> <span class='ocrx_word' id='word_1_336' title='bbox 1333 3425 1422 3483; x_wconf 74' lang='lat' dir='ltr'><strong>ntitas</strong></span> <span class='ocrx_word' id='word_1_337' title='bbox 1435 3422 1570 3495; x_wconf 82' lang='lat' dir='ltr'><strong>praeter</strong></span> <span class='ocrx_word' id='word_1_338' title='bbox 1585 3426 1691 3494; x_wconf 74' lang='lat' dir='ltr'><strong>mena,</strong></span> <span class='ocrx_word' id='word_1_339' title='bbox 1716 3423 1777 3495; x_wconf 79' lang='lat' dir='ltr'><strong>put</strong></span> 
     </span>
     <span class='ocr_line' id='line_1_33' title="bbox 126 3516 1777 3593; baseline 0.001 -16"><span class='ocrx_word' id='word_1_340' title='bbox 126 3516 208 3592; x_wconf 89' lang='lat' dir='ltr'><strong>dies;</strong></span> <span class='ocrx_word' id='word_1_341' title='bbox 223 3517 354 3578; x_wconf 89' lang='lat' dir='ltr'><strong>noctem</strong></span> <span class='ocrx_word' id='word_1_342' title='bbox 369 3516 579 3577; x_wconf 83' lang='lat' dir='ltr'><strong>adversitatis</strong></span> <span class='ocrx_word' id='word_1_343' title='bbox 594 3518 627 3577; x_wconf 90' lang='lat' dir='ltr'><strong>et</strong></span> <span class='ocrx_word' id='word_1_344' title='bbox 641 3516 727 3577; x_wconf 92' lang='lat' dir='ltr'><strong>diem</strong></span> <span class='ocrx_word' id='word_1_345' title='bbox 747 3516 919 3593; x_wconf 91' lang='lat' dir='ltr'><strong>prosperi·</strong></span> <span class='ocrx_word' id='word_1_346' title='bbox 975 3523 1012 3580; x_wconf 82' lang='lat' dir='ltr'><strong>tu</strong></span> <span class='ocrx_word' id='word_1_347' title='bbox 1027 3519 1135 3580; x_wconf 80' lang='lat' dir='ltr'><strong>terris</strong></span> <span class='ocrx_word' id='word_1_348' title='bbox 1150 3523 1245 3580; x_wconf 74' lang='grc' dir='ltr'><strong><em>υῑειιε</em></strong></span> <span class='ocrx_word' id='word_1_349' title='bbox 1259 3519 1322 3587; x_wconf 84' lang='lat' dir='ltr'><strong>est,</strong></span> <span class='ocrx_word' id='word_1_350' title='bbox 1344 3520 1378 3579; x_wconf 84' lang='lat' dir='ltr'><strong>et</strong></span> <span class='ocrx_word' id='word_1_351' title='bbox 1392 3534 1470 3579; x_wconf 77' lang='lat' dir='ltr'><strong>caru</strong></span> <span class='ocrx_word' id='word_1_352' title='bbox 1486 3520 1680 3580; x_wconf 78' lang='lat' dir='ltr'><strong>homiuibus</strong></span> <span class='ocrx_word' id='word_1_353' title='bbox 1693 3532 1777 3579; x_wconf 84' lang='lat' dir='ltr'><strong>con-</strong></span> 
     </span>
     <span class='ocr_line' id='line_1_34' title="bbox 126 3610 1776 3691; baseline -0.004 -16"><span class='ocrx_word' id='word_1_354' title='bbox 126 3615 210 3687; x_wconf 83' lang='lat' dir='ltr'><strong>tatis,</strong></span> <span class='ocrx_word' id='word_1_355' title='bbox 227 3616 358 3676; x_wconf 92' lang='lat' dir='ltr'><strong>noctem</strong></span> <span class='ocrx_word' id='word_1_356' title='bbox 372 3613 517 3674; x_wconf 89' lang='lat' dir='ltr'><strong>tristitiae</strong></span> <span class='ocrx_word' id='word_1_357' title='bbox 533 3614 567 3675; x_wconf 90' lang='lat' dir='ltr'><strong>et</strong></span> <span class='ocrx_word' id='word_1_358' title='bbox 586 3614 674 3674; x_wconf 87' lang='lat' dir='ltr'><strong>diem</strong></span> <span class='ocrx_word' id='word_1_359' title='bbox 688 3613 824 3686; x_wconf 88' lang='lat' dir='ltr'><strong>laetitiae,</strong></span> <span class='ocrx_word' id='word_1_360' title='bbox 840 3629 922 3675; x_wconf 93' lang='lat' dir='ltr'><strong>noc·</strong></span> <span class='ocrx_word' id='word_1_361' title='bbox 975 3614 1135 3674; x_wconf 72' lang='lat' dir='ltr'><strong>versatus</strong></span> <span class='ocrx_word' id='word_1_362' title='bbox 1154 3612 1206 3673; x_wconf 81' lang='lat' dir='ltr'><strong>est</strong></span> <span class='ocrx_word' id='word_1_363' title='bbox 1228 3610 1373 3690; x_wconf 78' lang='lat' dir='ltr'><strong>(Baruch</strong></span> <span class='ocrx_word' id='word_1_364' title='bbox 1394 3627 1444 3684; x_wconf 90' lang='lat'><strong>111,</strong></span> <span class='ocrx_word' id='word_1_365' title='bbox 1467 3610 1531 3691; x_wconf 88' lang='lat'>38).</span> <span class='ocrx_word' id='word_1_366' title='bbox 1561 3613 1605 3672; x_wconf 91' lang='lat' dir='ltr'><strong>Os</strong></span> <span class='ocrx_word' id='word_1_367' title='bbox 1624 3627 1668 3671; x_wconf 83' lang='lat' dir='ltr'><strong>ex</strong></span> <span class='ocrx_word' id='word_1_368' title='bbox 1689 3611 1776 3672; x_wconf 86' lang='lat' dir='ltr'><strong>ossi-</strong></span> 
     </span>
     <span class='ocr_line' id='line_1_35' title="bbox 126 3708 1774 3786; baseline -0.001 -15"><span class='ocrx_word' id='word_1_369' title='bbox 126 3712 187 3771; x_wconf 91' lang='lat' dir='ltr'><strong>tem</strong></span> <span class='ocrx_word' id='word_1_370' title='bbox 201 3709 396 3771; x_wconf 90' lang='lat' dir='ltr'><strong>tentationis</strong></span> <span class='ocrx_word' id='word_1_371' title='bbox 410 3710 443 3770; x_wconf 92' lang='lat' dir='ltr'><strong>et</strong></span> <span class='ocrx_word' id='word_1_372' title='bbox 457 3709 543 3769; x_wconf 90' lang='lat' dir='ltr'><strong>diem</strong></span> <span class='ocrx_word' id='word_1_373' title='bbox 556 3708 816 3786; x_wconf 75' lang='lat' dir='ltr'><strong>justificationis,</strong></span> <span class='ocrx_word' id='word_1_374' title='bbox 835 3724 919 3770; x_wconf 88' lang='lat' dir='ltr'><strong>noc·</strong></span> <span class='ocrx_word' id='word_1_375' title='bbox 975 3710 1036 3772; x_wconf 89' lang='lat' dir='ltr'><strong>bus</strong></span> <span class='ocrx_word' id='word_1_376' title='bbox 1057 3709 1178 3771; x_wconf 89' lang='lat' dir='ltr'><strong>nostris</strong></span> <span class='ocrx_word' id='word_1_377' title='bbox 1202 3712 1235 3772; x_wconf 90' lang='lat' dir='ltr'><strong>et</strong></span> <span class='ocrx_word' id='word_1_378' title='bbox 1258 3724 1335 3770; x_wconf 88' lang='lat' dir='ltr'><strong>caro</strong></span> <span class='ocrx_word' id='word_1_379' title='bbox 1350 3711 1391 3771; x_wconf 91' lang='lat' dir='ltr'><strong>de</strong></span> <span class='ocrx_word' id='word_1_380' title='bbox 1417 3725 1518 3771; x_wconf 88' lang='lat' dir='ltr'><strong>carne</strong></span> <span class='ocrx_word' id='word_1_381' title='bbox 1539 3709 1664 3781; x_wconf 89' lang='lat' dir='ltr'><strong>nostra,</strong></span> <span class='ocrx_word' id='word_1_382' title='bbox 1688 3708 1774 3770; x_wconf 87' lang='lat' dir='ltr'><strong>sicut</strong></span> 
     </span>
     <span class='ocr_line' id='line_1_36' title="bbox 126 3805 1773 3884; baseline -0.001 -16"><span class='ocrx_word' id='word_1_383' title='bbox 126 3808 185 3868; x_wconf 88' lang='lat' dir='ltr'><strong>tem</strong></span> <span class='ocrx_word' id='word_1_384' title='bbox 200 3805 280 3870; x_wconf 83' lang='lat' dir='ltr'><strong>vitae</strong></span> <span class='ocrx_word' id='word_1_385' title='bbox 295 3806 469 3883; x_wconf 72' lang='lat' dir='ltr'><strong>praesentis</strong></span> <span class='ocrx_word' id='word_1_386' title='bbox 484 3808 516 3868; x_wconf 91' lang='lat' dir='ltr'><strong>et</strong></span> <span class='ocrx_word' id='word_1_387' title='bbox 530 3806 617 3866; x_wconf 92' lang='lat' dir='ltr'><strong>diem</strong></span> <span class='ocrx_word' id='word_1_388' title='bbox 632 3807 709 3868; x_wconf 87' lang='lat' dir='ltr'><strong>ritae</strong></span> <span class='ocrx_word' id='word_1_389' title='bbox 723 3806 852 3868; x_wconf 82' lang='lat' dir='ltr'><strong>iuturae.</strong></span> <span class='ocrx_word' id='word_1_390' title='bbox 883 3809 920 3867; x_wconf 93' lang='lat' dir='ltr'><strong>ln</strong></span> <span class='ocrx_word' id='word_1_391' title='bbox 976 3810 1047 3884; x_wconf 93' lang='lat' dir='ltr'><strong>ipse</strong></span> <span class='ocrx_word' id='word_1_392' title='bbox 1069 3808 1211 3869; x_wconf 89' lang='lat' dir='ltr'><strong>testatur</strong></span> <span class='ocrx_word' id='word_1_393' title='bbox 1230 3807 1264 3868; x_wconf 94' lang='lat' dir='ltr'><strong>in</strong></span> <span class='ocrx_word' id='word_1_394' title='bbox 1284 3807 1465 3883; x_wconf 80' lang='lat' dir='ltr'><strong>Evangelio</strong></span> <span class='ocrx_word' id='word_1_395' title='bbox 1482 3828 1489 3867; x_wconf 76' lang='grc' dir='ltr'><strong>ε</strong></span> <span class='ocrx_word' id='word_1_396' title='bbox 1505 3805 1601 3867; x_wconf 82' lang='lat' dir='ltr'><strong>Exivi</strong></span> <span class='ocrx_word' id='word_1_397' title='bbox 1621 3821 1641 3866; x_wconf 93' lang='lat' dir='ltr'><strong>a</strong></span> <span class='ocrx_word' id='word_1_398' title='bbox 1663 3807 1773 3877; x_wconf 88' lang='lat' dir='ltr'><strong>Patre,</strong></span> 
     </span>
     <span class='ocr_line' id='line_1_37' title="bbox 126 3903 1776 3981; baseline 0 -16"><span class='ocrx_word' id='word_1_399' title='bbox 126 3903 173 3965; x_wconf 84' lang='lat' dir='ltr'><strong>his</strong></span> <span class='ocrx_word' id='word_1_400' title='bbox 185 3903 339 3966; x_wconf 89' lang='lat' dir='ltr'><strong>noctibus</strong></span> <span class='ocrx_word' id='word_1_401' title='bbox 354 3904 465 3965; x_wconf 88' lang='lat' dir='ltr'><strong>anima</strong></span> <span class='ocrx_word' id='word_1_402' title='bbox 478 3904 647 3979; x_wconf 65' lang='lat' dir='ltr'><strong>visitatum</strong></span> <span class='ocrx_word' id='word_1_403' title='bbox 664 3905 698 3965; x_wconf 92' lang='lat' dir='ltr'><strong>in</strong></span> <span class='ocrx_word' id='word_1_404' title='bbox 712 3904 826 3965; x_wconf 90' lang='lat' dir='ltr'><strong>diebus</strong></span> <span class='ocrx_word' id='word_1_405' title='bbox 841 3920 920 3967; x_wconf 85' lang='lat' dir='ltr'><strong>vero</strong></span> <span class='ocrx_word' id='word_1_406' title='bbox 976 3907 1009 3968; x_wconf 88' lang='lat' dir='ltr'><strong>et</strong></span> <span class='ocrx_word' id='word_1_407' title='bbox 1028 3906 1105 3967; x_wconf 88' lang='lat' dir='ltr'><strong>reni</strong></span> <span class='ocrx_word' id='word_1_408' title='bbox 1128 3905 1162 3966; x_wconf 92' lang='lat' dir='ltr'><strong>in</strong></span> <span class='ocrx_word' id='word_1_409' title='bbox 1187 3906 1317 3967; x_wconf 83' lang='lat' dir='ltr'><strong>uterum</strong></span> <span class='ocrx_word' id='word_1_410' title='bbox 1342 3904 1501 3981; x_wconf 86' lang='lat' dir='ltr'><strong>Virginis,</strong></span> <span class='ocrx_word' id='word_1_411' title='bbox 1526 3904 1604 3981; x_wconf 85' lang='lat' dir='ltr'><strong>quia</strong></span> <span class='ocrx_word' id='word_1_412' title='bbox 1629 3907 1776 3967; x_wconf 78' lang='lat' dir='ltr'><strong>Verbum</strong></span> 
     </span>
     <span class='ocr_line' id='line_1_38' title="bbox 126 4002 1776 4081; baseline 0 -18"><span class='ocrx_word' id='word_1_413' title='bbox 126 4004 312 4063; x_wconf 86' lang='lat' dir='ltr'><strong>coronatur.</strong></span> <span class='ocrx_word' id='word_1_414' title='bbox 338 4003 459 4062; x_wconf 89' lang='lat' dir='ltr'><strong>Beatus</strong></span> <span class='ocrx_word' id='word_1_415' title='bbox 479 4002 590 4078; x_wconf 89' lang='lat' dir='ltr'><strong>itaque</strong></span> <span class='ocrx_word' id='word_1_416' title='bbox 612 4003 810 4065; x_wconf 83' lang='lat' dir='ltr'><strong>Laurentius</strong></span> <span class='ocrx_word' id='word_1_417' title='bbox 838 4018 920 4081; x_wconf 91' lang='lat' dir='ltr'><strong>pro·</strong></span> <span class='ocrx_word' id='word_1_418' title='bbox 976 4005 1071 4065; x_wconf 76' lang='lat' dir='ltr'><strong>irrisit</strong></span> <span class='ocrx_word' id='word_1_419' title='bbox 1085 4007 1253 4065; x_wconf 81' lang='lat' dir='ltr'><strong>Dominus</strong></span> <span class='ocrx_word' id='word_1_420' title='bbox 1266 4005 1302 4063; x_wconf 83' lang='lat' dir='ltr'><strong>ta</strong></span> <span class='ocrx_word' id='word_1_421' title='bbox 1316 4006 1418 4065; x_wconf 81' lang='lat' dir='ltr'><strong>Jocoo</strong></span> <span class='ocrx_word' id='word_1_422' title='bbox 1430 4003 1464 4063; x_wconf 86' lang='lat' dir='ltr'><strong>ct</strong></span> <span class='ocrx_word' id='word_1_423' title='bbox 1478 4003 1598 4063; x_wconf 78' lang='lat' dir='ltr'><strong>cecidit</strong></span> <span class='ocrx_word' id='word_1_424' title='bbox 1612 4005 1650 4062; x_wconf 82' lang='lat' dir='ltr'><strong>ta</strong></span> <span class='ocrx_word' id='word_1_425' title='bbox 1664 4004 1776 4063; x_wconf 80' lang='lat' dir='ltr'><strong>Israel</strong></span> 
     </span>
     <span class='ocr_line' id='line_1_39' title="bbox 126 4098 1777 4181; baseline -0.001 -20"><span class='ocrx_word' id='word_1_426' title='bbox 126 4098 218 4161; x_wconf 87' lang='lat' dir='ltr'><strong>batus</strong></span> <span class='ocrx_word' id='word_1_427' title='bbox 229 4099 279 4161; x_wconf 89' lang='lat' dir='ltr'><strong>est</strong></span> <span class='ocrx_word' id='word_1_428' title='bbox 293 4099 329 4159; x_wconf 93' lang='lat' dir='ltr'><strong>in</strong></span> <span class='ocrx_word' id='word_1_429' title='bbox 343 4099 408 4170; x_wconf 91' lang='lat' dir='ltr'><strong>die,</strong></span> <span class='ocrx_word' id='word_1_430' title='bbox 424 4099 482 4160; x_wconf 92' lang='lat' dir='ltr'><strong>sed</strong></span> <span class='ocrx_word' id='word_1_431' title='bbox 494 4099 647 4160; x_wconf 86' lang='lat' dir='ltr'><strong>visitatus</strong></span> <span class='ocrx_word' id='word_1_432' title='bbox 660 4101 695 4161; x_wconf 90' lang='lat' dir='ltr'><strong>in</strong></span> <span class='ocrx_word' id='word_1_433' title='bbox 710 4102 821 4175; x_wconf 89' lang='lat' dir='ltr'><strong>nocte;</strong></span> <span class='ocrx_word' id='word_1_434' title='bbox 838 4116 921 4177; x_wconf 91' lang='lat' dir='ltr'><strong>pro·</strong></span> <span class='ocrx_word' id='word_1_435' title='bbox 976 4102 1034 4181; x_wconf 91' lang='lat' dir='ltr'><strong>(Is.</strong></span> <span class='ocrx_word' id='word_1_436' title='bbox 1063 4117 1110 4173; x_wconf 87' lang='lat' dir='ltr'><strong>1x,</strong></span> <span class='ocrx_word' id='word_1_437' title='bbox 1132 4100 1177 4180; x_wconf 90' lang='lat'><strong>8).</strong></span> <span class='ocrx_word' id='word_1_438' title='bbox 1201 4101 1327 4163; x_wconf 87' lang='lat' dir='ltr'><strong>Cecidit</strong></span> <span class='ocrx_word' id='word_1_439' title='bbox 1352 4116 1431 4176; x_wconf 83' lang='lat' dir='ltr'><strong>ergo</strong></span> <span class='ocrx_word' id='word_1_440' title='bbox 1460 4100 1623 4172; x_wconf 85' lang='lat' dir='ltr'><strong>Christus,</strong></span> <span class='ocrx_word' id='word_1_441' title='bbox 1644 4098 1777 4177; x_wconf 90' lang='lat' dir='ltr'><strong>quando</strong></span> 
     </span>
     <span class='ocr_line' id='line_1_40' title="bbox 127 4195 1777 4274; baseline 0 -17"><span class='ocrx_word' id='word_1_442' title='bbox 127 4195 285 4259; x_wconf 78' lang='lat' dir='ltr'><strong>natusest</strong></span> <span class='ocrx_word' id='word_1_443' title='bbox 309 4197 487 4274; x_wconf 89' lang='lat' dir='ltr'><strong>prosperis,</strong></span> <span class='ocrx_word' id='word_1_444' title='bbox 511 4196 663 4258; x_wconf 86' lang='lat' dir='ltr'><strong>visitatus</strong></span> <span class='ocrx_word' id='word_1_445' title='bbox 687 4199 737 4259; x_wconf 90' lang='lat' dir='ltr'><strong>est</strong></span> <span class='ocrx_word' id='word_1_446' title='bbox 758 4197 920 4259; x_wconf 83' lang='lat' dir='ltr'><strong>adversis.</strong></span> <span class='ocrx_word' id='word_1_447' title='bbox 976 4199 1163 4260; x_wconf 86' lang='lat' dir='ltr'><strong>exinanivit</strong></span> <span class='ocrx_word' id='word_1_448' title='bbox 1189 4214 1225 4260; x_wconf 92' lang='lat' dir='ltr'><strong>se</strong></span> <span class='ocrx_word' id='word_1_449' title='bbox 1254 4198 1394 4259; x_wconf 84' lang='lat' dir='ltr'><strong>sormam</strong></span> <span class='ocrx_word' id='word_1_450' title='bbox 1427 4196 1515 4259; x_wconf 87' lang='lat' dir='ltr'><strong>servi</strong></span> <span class='ocrx_word' id='word_1_451' title='bbox 1544 4198 1711 4274; x_wconf 88' lang='lat' dir='ltr'><strong>accipiens</strong></span> <span class='ocrx_word' id='word_1_452' title='bbox 1740 4196 1777 4257; x_wconf 91' lang='lat' dir='ltr'><strong>in</strong></span> 
     </span>
     <span class='ocr_line' id='line_1_41' title="bbox 127 4292 1777 4374; baseline -0.002 -17"><span class='ocrx_word' id='word_1_453' title='bbox 127 4297 161 4357; x_wconf 91' lang='lat' dir='ltr'><strong>ln</strong></span> <span class='ocrx_word' id='word_1_454' title='bbox 181 4296 403 4374; x_wconf 89' lang='lat' dir='ltr'><strong>prosperitate</strong></span> <span class='ocrx_word' id='word_1_455' title='bbox 425 4293 488 4355; x_wconf 90' lang='lat' dir='ltr'><strong>tuit</strong></span> <span class='ocrx_word' id='word_1_456' title='bbox 510 4295 644 4356; x_wconf 88' lang='lat' dir='ltr'><strong>humilis</strong></span> <span class='ocrx_word' id='word_1_457' title='bbox 664 4297 697 4358; x_wconf 88' lang='lat' dir='ltr'><strong>et</strong></span> <span class='ocrx_word' id='word_1_458' title='bbox 710 4296 919 4370; x_wconf 82' lang='lat' dir='ltr'><strong>misericors3</strong></span> <span class='ocrx_word' id='word_1_459' title='bbox 976 4296 1226 4359; x_wconf 90' lang='lat' dir='ltr'><strong>similitudinem</strong></span> <span class='ocrx_word' id='word_1_460' title='bbox 1245 4296 1356 4357; x_wconf 89' lang='lat' dir='ltr'><strong>carnis</strong></span> <span class='ocrx_word' id='word_1_461' title='bbox 1370 4296 1509 4372; x_wconf 86' lang='lat' dir='ltr'><strong>peccati.</strong></span> <span class='ocrx_word' id='word_1_462' title='bbox 1538 4297 1622 4356; x_wconf 86' lang='lat' dir='ltr'><strong>Caro</strong></span> <span class='ocrx_word' id='word_1_463' title='bbox 1648 4292 1777 4371; x_wconf 87' lang='lat' dir='ltr'><strong>peccati</strong></span> 
     </span>
     <span class='ocr_line' id='line_1_42' title="bbox 127 4390 1778 4471; baseline -0.002 -16"><span class='ocrx_word' id='word_1_464' title='bbox 127 4393 158 4455; x_wconf 87' lang='lat' dir='ltr'><strong>in</strong></span> <span class='ocrx_word' id='word_1_465' title='bbox 173 4392 378 4455; x_wconf 86' lang='lat' dir='ltr'><strong>adversitate</strong></span> <span class='ocrx_word' id='word_1_466' title='bbox 393 4390 531 4455; x_wconf 86' lang='lat' dir='ltr'><strong>tortiset</strong></span> <span class='ocrx_word' id='word_1_467' title='bbox 546 4393 686 4469; x_wconf 89' lang='lat' dir='ltr'><strong>patiens.</strong></span> <span class='ocrx_word' id='word_1_468' title='bbox 703 4393 845 4453; x_wconf 89' lang='lat' dir='ltr'><strong>Humilis</strong></span> <span class='ocrx_word' id='word_1_469' title='bbox 861 4393 923 4455; x_wconf 88' lang='lat' dir='ltr'><strong>tuit</strong></span> <span class='ocrx_word' id='word_1_470' title='bbox 977 4395 1108 4465; x_wconf 89' lang='lat' dir='ltr'><strong>dicitur,</strong></span> <span class='ocrx_word' id='word_1_471' title='bbox 1137 4393 1214 4471; x_wconf 90' lang='lat' dir='ltr'><strong>quia</strong></span> <span class='ocrx_word' id='word_1_472' title='bbox 1234 4392 1314 4454; x_wconf 91' lang='lat' dir='ltr'><strong>tacit</strong></span> <span class='ocrx_word' id='word_1_473' title='bbox 1334 4409 1395 4454; x_wconf 90' lang='lat' dir='ltr'><strong>nos</strong></span> <span class='ocrx_word' id='word_1_474' title='bbox 1414 4408 1563 4469; x_wconf 87' lang='lat' dir='ltr'><strong>peccare,</strong></span> <span class='ocrx_word' id='word_1_475' title='bbox 1588 4392 1674 4453; x_wconf 89' lang='lat' dir='ltr'><strong>sicut</strong></span> <span class='ocrx_word' id='word_1_476' title='bbox 1698 4390 1778 4452; x_wconf 87' lang='lat' dir='ltr'><strong>dicit</strong></span> 
     </span>
     <span class='ocr_line' id='line_1_43' title="bbox 126 4489 1777 4569; baseline 0 -20"><span class='ocrx_word' id='word_1_477' title='bbox 126 4490 158 4551; x_wconf 91' lang='lat' dir='ltr'><strong>in</strong></span> <span class='ocrx_word' id='word_1_478' title='bbox 179 4490 413 4569; x_wconf 88' lang='lat' dir='ltr'><strong>prosperitate,</strong></span> <span class='ocrx_word' id='word_1_479' title='bbox 431 4489 508 4566; x_wconf 88' lang='lat' dir='ltr'><strong>quia</strong></span> <span class='ocrx_word' id='word_1_480' title='bbox 524 4506 598 4551; x_wconf 91' lang='lat' dir='ltr'><strong>cum</strong></span> <span class='ocrx_word' id='word_1_481' title='bbox 618 4491 706 4551; x_wconf 90' lang='lat' dir='ltr'><strong>esset</strong></span> <span class='ocrx_word' id='word_1_482' title='bbox 724 4490 922 4567; x_wconf 85' lang='lat' dir='ltr'><strong>Apostolicae</strong></span> <span class='ocrx_word' id='word_1_483' title='bbox 977 4492 1110 4553; x_wconf 89' lang='lat' dir='ltr'><strong>David:</strong></span> <span class='ocrx_word' id='word_1_484' title='bbox 1133 4509 1151 4550; x_wconf 74' lang='lat' dir='ltr'><strong>c</strong></span> <span class='ocrx_word' id='word_1_485' title='bbox 1175 4494 1257 4552; x_wconf 86' lang='lat' dir='ltr'><strong>Ecce</strong></span> <span class='ocrx_word' id='word_1_486' title='bbox 1283 4491 1318 4551; x_wconf 94' lang='lat' dir='ltr'><strong>in</strong></span> <span class='ocrx_word' id='word_1_487' title='bbox 1342 4490 1573 4568; x_wconf 88' lang='lat' dir='ltr'><strong>iniquitatibus</strong></span> <span class='ocrx_word' id='word_1_488' title='bbox 1597 4491 1777 4564; x_wconf 84' lang='lat' dir='ltr'><strong>conceptus</strong></span> 
     </span>
     <span class='ocr_line' id='line_1_44' title="bbox 127 4586 1777 4666; baseline -0.002 -17"><span class='ocrx_word' id='word_1_489' title='bbox 127 4588 220 4649; x_wconf 89' lang='lat' dir='ltr'><strong>Sedis</strong></span> <span class='ocrx_word' id='word_1_490' title='bbox 244 4586 513 4659; x_wconf 87' lang='lat' dir='ltr'><strong>archidiaconus,</strong></span> <span class='ocrx_word' id='word_1_491' title='bbox 530 4587 698 4664; x_wconf 84' lang='lat' dir='ltr'><strong>quaerebat</strong></span> <span class='ocrx_word' id='word_1_492' title='bbox 712 4602 874 4666; x_wconf 88' lang='lat' dir='ltr'><strong>pauperes</strong></span> <span class='ocrx_word' id='word_1_493' title='bbox 891 4588 924 4649; x_wconf 89' lang='lat' dir='ltr'><strong>et</strong></span> <span class='ocrx_word' id='word_1_494' title='bbox 977 4606 1061 4661; x_wconf 89' lang='lat' dir='ltr'><strong>sum,</strong></span> <span class='ocrx_word' id='word_1_495' title='bbox 1091 4589 1178 4665; x_wconf 83' lang='lat' dir='ltr'><strong>etin</strong></span> <span class='ocrx_word' id='word_1_496' title='bbox 1201 4589 1320 4651; x_wconf 88' lang='lat' dir='ltr'><strong>delicto</strong></span> <span class='ocrx_word' id='word_1_497' title='bbox 1346 4589 1474 4665; x_wconf 92' lang='lat' dir='ltr'><strong>peperit</strong></span> <span class='ocrx_word' id='word_1_498' title='bbox 1493 4603 1546 4648; x_wconf 91' lang='lat' dir='ltr'><strong>me</strong></span> <span class='ocrx_word' id='word_1_499' title='bbox 1575 4587 1680 4647; x_wconf 90' lang='lat' dir='ltr'><strong>mater</strong></span> <span class='ocrx_word' id='word_1_500' title='bbox 1703 4600 1777 4646; x_wconf 90' lang='lat' dir='ltr'><strong>mea</strong></span> 
     </span>
     <span class='ocr_line' id='line_1_45' title="bbox 127 4682 1865 4768; baseline -0.003 -21"><span class='ocrx_word' id='word_1_501' title='bbox 127 4688 258 4747; x_wconf 86' lang='lat' dir='ltr'><strong>sanctos</strong></span> <span class='ocrx_word' id='word_1_502' title='bbox 274 4700 333 4762; x_wconf 93' lang='lat' dir='ltr'><strong>per</strong></span> <span class='ocrx_word' id='word_1_503' title='bbox 346 4685 501 4761; x_wconf 90' lang='lat' dir='ltr'><strong>regiones</strong></span> <span class='ocrx_word' id='word_1_504' title='bbox 518 4687 551 4747; x_wconf 89' lang='lat' dir='ltr'><strong>et</strong></span> <span class='ocrx_word' id='word_1_505' title='bbox 569 4685 671 4758; x_wconf 88' lang='lat' dir='ltr'><strong>vicos,</strong></span> <span class='ocrx_word' id='word_1_506' title='bbox 690 4702 748 4764; x_wconf 90' lang='lat' dir='ltr'><strong>per</strong></span> <span class='ocrx_word' id='word_1_507' title='bbox 762 4686 876 4748; x_wconf 90' lang='lat' dir='ltr'><strong>domos</strong></span> <span class='ocrx_word' id='word_1_508' title='bbox 890 4687 924 4748; x_wconf 90' lang='lat' dir='ltr'><strong>et</strong></span> <span class='ocrx_word' id='word_1_509' title='bbox 978 4686 1047 4766; x_wconf 89' lang='lat' dir='ltr'><strong>(Ps.</strong></span> <span class='ocrx_word' id='word_1_510' title='bbox 1064 4688 1114 4761; x_wconf 78' lang='lat'><strong>50,</strong></span> <span class='ocrx_word' id='word_1_511' title='bbox 1131 4688 1176 4768; x_wconf 87' lang='lat'><strong>6).</strong></span> <span class='ocrx_word' id='word_1_512' title='bbox 1200 4705 1218 4747; x_wconf 76' lang='lat' dir='ltr'><strong>s</strong></span> <span class='ocrx_word' id='word_1_513' title='bbox 1239 4687 1301 4748; x_wconf 84' lang='lat' dir='ltr'><strong>Sed</strong></span> <span class='ocrx_word' id='word_1_514' title='bbox 1318 4687 1467 4748; x_wconf 87' lang='lat' dir='ltr'><strong>Christus</strong></span> <span class='ocrx_word' id='word_1_515' title='bbox 1483 4701 1549 4745; x_wconf 89' lang='lat' dir='ltr'><strong>non</strong></span> <span class='ocrx_word' id='word_1_516' title='bbox 1565 4682 1681 4744; x_wconf 76' lang='lat' dir='ltr'><strong>habirit</strong></span> <span class='ocrx_word' id='word_1_517' title='bbox 1697 4697 1776 4743; x_wconf 89' lang='lat' dir='ltr'><strong>car·</strong></span> <span class='ocrx_word' id='word_1_518' title='bbox 1861 4722 1865 4727; x_wconf 93' lang='lat'>-</span> 
     </span>
    </p>
   </div>
   <div class='ocr_carea' id='block_1_6' title="bbox 127 4780 1900 4862">
    <p class='ocr_par' dir='ltr' id='par_1_8' title="bbox 127 4780 1900 4862">
     <span class='ocr_line' id='line_1_46' title="bbox 127 4780 1900 4862; baseline -0.003 -17"><span class='ocrx_word' id='word_1_519' title='bbox 127 4785 270 4862; x_wconf 76' lang='lat' dir='ltr'><strong>cryptas,</strong></span> <span class='ocrx_word' id='word_1_520' title='bbox 293 4798 434 4859; x_wconf 88' lang='lat' dir='ltr'><strong>quorum</strong></span> <span class='ocrx_word' id='word_1_521' title='bbox 451 4783 551 4860; x_wconf 90' lang='lat' dir='ltr'><strong>pedes</strong></span> <span class='ocrx_word' id='word_1_522' title='bbox 572 4783 716 4856; x_wconf 84' lang='lat' dir='ltr'><strong>lavabat,</strong></span> <span class='ocrx_word' id='word_1_523' title='bbox 742 4784 775 4845; x_wconf 89' lang='lat' dir='ltr'><strong>et</strong></span> <span class='ocrx_word' id='word_1_524' title='bbox 799 4784 923 4845; x_wconf 91' lang='lat' dir='ltr'><strong>osculis</strong></span> <span class='ocrx_word' id='word_1_525' title='bbox 978 4801 1053 4846; x_wconf 89' lang='lat' dir='ltr'><strong>nem</strong></span> <span class='ocrx_word' id='word_1_526' title='bbox 1071 4786 1208 4862; x_wconf 87' lang='lat' dir='ltr'><strong>peccati,</strong></span> <span class='ocrx_word' id='word_1_527' title='bbox 1225 4786 1304 4861; x_wconf 89' lang='lat' dir='ltr'><strong>quia</strong></span> <span class='ocrx_word' id='word_1_528' title='bbox 1321 4786 1500 4859; x_wconf 86' lang='lat' dir='ltr'><strong>conceptus</strong></span> <span class='ocrx_word' id='word_1_529' title='bbox 1513 4782 1563 4843; x_wconf 91' lang='lat' dir='ltr'><strong>est</strong></span> <span class='ocrx_word' id='word_1_530' title='bbox 1586 4780 1627 4842; x_wconf 91' lang='lat' dir='ltr'><strong>de</strong></span> <span class='ocrx_word' id='word_1_531' title='bbox 1650 4780 1778 4857; x_wconf 86' lang='lat' dir='ltr'><strong>Spiritu</strong></span> <span class='ocrx_word' id='word_1_532' title='bbox 1897 4784 1900 4789; x_wconf 85' lang='lat'>&#39;</span> 
     </span>
    </p>
   </div>
   <div class='ocr_carea' id='block_1_7' title="bbox 125 4879 1781 5743">
    <p class='ocr_par' dir='ltr' id='par_1_9' title="bbox 125 4879 1781 5743">
     <span class='ocr_line' id='line_1_47' title="bbox 127 4879 1572 4958; baseline -0.002 -16"><span class='ocrx_word' id='word_1_533' title='bbox 127 4880 337 4951; x_wconf 85' lang='lat' dir='ltr'><strong>conterebat,</strong></span> <span class='ocrx_word' id='word_1_534' title='bbox 366 4881 518 4956; x_wconf 86' lang='lat' dir='ltr'><strong>Magistri</strong></span> <span class='ocrx_word' id='word_1_535' title='bbox 552 4882 683 4942; x_wconf 89' lang='lat' dir='ltr'><strong>secutus</strong></span> <span class='ocrx_word' id='word_1_536' title='bbox 719 4882 921 4958; x_wconf 87' lang='lat' dir='ltr'><strong>exemplum,</strong></span> <span class='ocrx_word' id='word_1_537' title='bbox 979 4884 1115 4954; x_wconf 90' lang='lat' dir='ltr'><strong>Sancto,</strong></span> <span class='ocrx_word' id='word_1_538' title='bbox 1133 4882 1231 4943; x_wconf 89' lang='lat' dir='ltr'><strong>natus</strong></span> <span class='ocrx_word' id='word_1_539' title='bbox 1246 4882 1286 4942; x_wconf 95' lang='lat' dir='ltr'><strong>de</strong></span> <span class='ocrx_word' id='word_1_540' title='bbox 1302 4880 1410 4941; x_wconf 89' lang='lat' dir='ltr'><strong>Maria</strong></span> <span class='ocrx_word' id='word_1_541' title='bbox 1424 4879 1572 4954; x_wconf 85' lang='lat' dir='ltr'><strong>Virgine.</strong></span> 
     </span>
     <span class='ocr_line' id='line_1_48' title="bbox 127 4976 1778 5057; baseline -0.001 -18"><span class='ocrx_word' id='word_1_542' title='bbox 127 4981 179 5056; x_wconf 88' lang='lat' dir='ltr'><strong>qui</strong></span> <span class='ocrx_word' id='word_1_543' title='bbox 194 4995 270 5039; x_wconf 87' lang='lat' dir='ltr'><strong>cum</strong></span> <span class='ocrx_word' id='word_1_544' title='bbox 286 4978 423 5039; x_wconf 84' lang='lat' dir='ltr'><strong>lavisset</strong></span> <span class='ocrx_word' id='word_1_545' title='bbox 435 4977 534 5055; x_wconf 88' lang='lat' dir='ltr'><strong>pedes</strong></span> <span class='ocrx_word' id='word_1_546' title='bbox 556 4978 806 5055; x_wconf 89' lang='lat' dir='ltr'><strong>discipulorum,</strong></span> <span class='ocrx_word' id='word_1_547' title='bbox 831 4983 925 5057; x_wconf 86' lang='lat' dir='ltr'><strong>adje-</strong></span> <span class='ocrx_word' id='word_1_548' title='bbox 1018 4979 1185 5053; x_wconf 85' lang='lat' dir='ltr'><strong>Quaeritur</strong></span> <span class='ocrx_word' id='word_1_549' title='bbox 1216 4994 1277 5039; x_wconf 90' lang='lat' dir='ltr'><strong>cur</strong></span> <span class='ocrx_word' id='word_1_550' title='bbox 1310 4978 1346 5038; x_wconf 93' lang='lat' dir='ltr'><strong>in</strong></span> <span class='ocrx_word' id='word_1_551' title='bbox 1379 4977 1631 5038; x_wconf 91' lang='lat' dir='ltr'><strong>similitudinem</strong></span> <span class='ocrx_word' id='word_1_552' title='bbox 1665 4976 1778 5038; x_wconf 89' lang='lat' dir='ltr'><strong>caruis</strong></span> 
     </span>
     <span class='ocr_line' id='line_1_49' title="bbox 127 5075 1777 5156; baseline -0.001 -19"><span class='ocrx_word' id='word_1_553' title='bbox 127 5077 192 5137; x_wconf 86' lang='lat' dir='ltr'><strong>cit:</strong></span> <span class='ocrx_word' id='word_1_554' title='bbox 217 5079 428 5149; x_wconf 73' lang='lat' dir='ltr'><strong>Exemplum</strong></span> <span class='ocrx_word' id='word_1_555' title='bbox 448 5078 525 5136; x_wconf 76' lang='lat' dir='ltr'><strong>decta·</strong></span> <span class='ocrx_word' id='word_1_556' title='bbox 546 5079 649 5146; x_wconf 66' lang='lat' dir='ltr'><strong>neom,</strong></span> <span class='ocrx_word' id='word_1_557' title='bbox 675 5078 715 5138; x_wconf 85' lang='lat' dir='ltr'><strong>ut</strong></span> <span class='ocrx_word' id='word_1_558' title='bbox 734 5077 768 5137; x_wconf 87' lang='lat' dir='ltr'><strong>et</strong></span> <span class='ocrx_word' id='word_1_559' title='bbox 791 5091 852 5137; x_wconf 83' lang='lat' dir='ltr'><strong>vos</strong></span> <span class='ocrx_word' id='word_1_560' title='bbox 873 5078 925 5138; x_wconf 82' lang='lat' dir='ltr'><strong>tta</strong></span> <span class='ocrx_word' id='word_1_561' title='bbox 979 5077 1156 5156; x_wconf 85' lang='lat' dir='ltr'><strong>peccatide</strong></span> <span class='ocrx_word' id='word_1_562' title='bbox 1170 5076 1309 5138; x_wconf 90' lang='lat' dir='ltr'><strong>muliere</strong></span> <span class='ocrx_word' id='word_1_563' title='bbox 1322 5091 1441 5152; x_wconf 88' lang='lat' dir='ltr'><strong>corpus</strong></span> <span class='ocrx_word' id='word_1_564' title='bbox 1456 5075 1646 5153; x_wconf 88' lang='lat' dir='ltr'><strong>assumpsit,</strong></span> <span class='ocrx_word' id='word_1_565' title='bbox 1662 5078 1696 5137; x_wconf 92' lang='lat' dir='ltr'><strong>et</strong></span> <span class='ocrx_word' id='word_1_566' title='bbox 1711 5092 1777 5136; x_wconf 93' lang='lat' dir='ltr'><strong>non</strong></span> 
     </span>
     <span class='ocr_line' id='line_1_50' title="bbox 125 5172 1780 5253; baseline -0.001 -18"><span class='ocrx_word' id='word_1_567' title='bbox 125 5174 263 5247; x_wconf 71' lang='lat' dir='ltr'><strong>factatis</strong></span> <span class='ocrx_word' id='word_1_568' title='bbox 278 5172 388 5252; x_wconf 89' lang='lat' dir='ltr'><strong>(Joan.</strong></span> <span class='ocrx_word' id='word_1_569' title='bbox 404 5187 479 5244; x_wconf 80' lang='lat' dir='ltr'><strong>xm,</strong></span> <span class='ocrx_word' id='word_1_570' title='bbox 496 5172 559 5252; x_wconf 88' lang='lat'><strong>15).</strong></span> <span class='ocrx_word' id='word_1_571' title='bbox 586 5176 624 5234; x_wconf 88' lang='lat' dir='ltr'><strong>In</strong></span> <span class='ocrx_word' id='word_1_572' title='bbox 648 5173 849 5235; x_wconf 85' lang='lat' dir='ltr'><strong>adversitate</strong></span> <span class='ocrx_word' id='word_1_573' title='bbox 863 5173 924 5235; x_wconf 88' lang='lat' dir='ltr'><strong>tuit</strong></span> <span class='ocrx_word' id='word_1_574' title='bbox 979 5178 1088 5253; x_wconf 91' lang='lat' dir='ltr'><strong>potius</strong></span> <span class='ocrx_word' id='word_1_575' title='bbox 1112 5191 1155 5236; x_wconf 85' lang='lat' dir='ltr'><strong>ex</strong></span> <span class='ocrx_word' id='word_1_576' title='bbox 1176 5175 1243 5235; x_wconf 93' lang='lat' dir='ltr'><strong>alia</strong></span> <span class='ocrx_word' id='word_1_577' title='bbox 1265 5175 1328 5235; x_wconf 90' lang='lat' dir='ltr'><strong>sibi</strong></span> <span class='ocrx_word' id='word_1_578' title='bbox 1348 5174 1488 5235; x_wconf 86' lang='lat' dir='ltr'><strong>materia</strong></span> <span class='ocrx_word' id='word_1_579' title='bbox 1509 5188 1631 5235; x_wconf 87' lang='lat' dir='ltr'><strong>novum</strong></span> <span class='ocrx_word' id='word_1_580' title='bbox 1659 5189 1780 5249; x_wconf 90' lang='lat' dir='ltr'><strong>corpus</strong></span> 
     </span>
     <span class='ocr_line' id='line_1_51' title="bbox 126 5270 1780 5348; baseline 0.001 -17"><span class='ocrx_word' id='word_1_581' title='bbox 126 5272 220 5333; x_wconf 89' lang='lat' dir='ltr'><strong>tortis</strong></span> <span class='ocrx_word' id='word_1_582' title='bbox 236 5271 270 5331; x_wconf 90' lang='lat' dir='ltr'><strong>et</strong></span> <span class='ocrx_word' id='word_1_583' title='bbox 291 5270 431 5347; x_wconf 90' lang='lat' dir='ltr'><strong>patiens,</strong></span> <span class='ocrx_word' id='word_1_584' title='bbox 457 5271 536 5347; x_wconf 85' lang='lat' dir='ltr'><strong>quia</strong></span> <span class='ocrx_word' id='word_1_585' title='bbox 557 5287 631 5332; x_wconf 92' lang='lat' dir='ltr'><strong>cum</strong></span> <span class='ocrx_word' id='word_1_586' title='bbox 656 5271 829 5333; x_wconf 89' lang='lat' dir='ltr'><strong>tormentis</strong></span> <span class='ocrx_word' id='word_1_587' title='bbox 852 5272 926 5333; x_wconf 90' lang='lat' dir='ltr'><strong>atil-</strong></span> <span class='ocrx_word' id='word_1_588' title='bbox 979 5273 1148 5344; x_wconf 85' lang='lat' dir='ltr'><strong>formavit,</strong></span> <span class='ocrx_word' id='word_1_589' title='bbox 1179 5275 1231 5344; x_wconf 93' lang='lat' dir='ltr'><strong>ut,</strong></span> <span class='ocrx_word' id='word_1_590' title='bbox 1262 5272 1348 5334; x_wconf 89' lang='lat' dir='ltr'><strong>siout</strong></span> <span class='ocrx_word' id='word_1_591' title='bbox 1378 5271 1484 5333; x_wconf 87' lang='lat' dir='ltr'><strong>tactus</strong></span> <span class='ocrx_word' id='word_1_592' title='bbox 1515 5270 1625 5332; x_wconf 90' lang='lat' dir='ltr'><strong>tuerat</strong></span> <span class='ocrx_word' id='word_1_593' title='bbox 1653 5272 1780 5348; x_wconf 91' lang='lat' dir='ltr'><strong>primus</strong></span> 
     </span>
     <span class='ocr_line' id='line_1_52' title="bbox 126 5367 1780 5444; baseline 0.001 -15"><span class='ocrx_word' id='word_1_594' title='bbox 126 5371 269 5440; x_wconf 88' lang='lat' dir='ltr'><strong>ceretur,</strong></span> <span class='ocrx_word' id='word_1_595' title='bbox 302 5367 507 5429; x_wconf 79' lang='lat' dir='ltr'><strong>confortatus</strong></span> <span class='ocrx_word' id='word_1_596' title='bbox 536 5367 572 5428; x_wconf 93' lang='lat' dir='ltr'><strong>in</strong></span> <span class='ocrx_word' id='word_1_597' title='bbox 601 5370 740 5429; x_wconf 87' lang='lat' dir='ltr'><strong>Domino</strong></span> <span class='ocrx_word' id='word_1_598' title='bbox 766 5369 923 5431; x_wconf 88' lang='lat' dir='ltr'><strong>dicebat:</strong></span> <span class='ocrx_word' id='word_1_599' title='bbox 979 5372 1096 5444; x_wconf 83' lang='lat' dir='ltr'><strong>Adam,</strong></span> <span class='ocrx_word' id='word_1_600' title='bbox 1121 5372 1168 5432; x_wconf 91' lang='lat' dir='ltr'><strong>ita</strong></span> <span class='ocrx_word' id='word_1_601' title='bbox 1192 5370 1286 5432; x_wconf 87' lang='lat' dir='ltr'><strong>tieret</strong></span> <span class='ocrx_word' id='word_1_602' title='bbox 1314 5371 1348 5433; x_wconf 89' lang='lat' dir='ltr'><strong>et</strong></span> <span class='ocrx_word' id='word_1_603' title='bbox 1368 5370 1533 5431; x_wconf 88' lang='lat' dir='ltr'><strong>secundus</strong></span> <span class='ocrx_word' id='word_1_604' title='bbox 1557 5391 1564 5429; x_wconf 93' lang='lat'>:</span> <span class='ocrx_word' id='word_1_605' title='bbox 1587 5372 1613 5431; x_wconf 87' lang='grc'><strong>0</strong></span> <span class='ocrx_word' id='word_1_606' title='bbox 1636 5372 1780 5431; x_wconf 81' lang='lat' dir='ltr'><strong>altitudo</strong></span> 
     </span>
     <span class='ocr_line' id='line_1_53' title="bbox 126 5464 1781 5543; baseline 0.001 -17"><span class='ocrx_word' id='word_1_607' title='bbox 126 5470 265 5528; x_wconf 79' lang='lat' dir='ltr'><strong>«Deum</strong></span> <span class='ocrx_word' id='word_1_608' title='bbox 287 5481 399 5527; x_wconf 88' lang='lat' dir='ltr'><strong>meum</strong></span> <span class='ocrx_word' id='word_1_609' title='bbox 425 5464 508 5537; x_wconf 89' lang='lat' dir='ltr'><strong>colo,</strong></span> <span class='ocrx_word' id='word_1_610' title='bbox 535 5468 568 5526; x_wconf 89' lang='lat' dir='ltr'><strong>et</strong></span> <span class='ocrx_word' id='word_1_611' title='bbox 586 5465 636 5526; x_wconf 94' lang='lat' dir='ltr'><strong>illi</strong></span> <span class='ocrx_word' id='word_1_612' title='bbox 659 5467 721 5527; x_wconf 87' lang='lat' dir='ltr'><strong>soli</strong></span> <span class='ocrx_word' id='word_1_613' title='bbox 743 5468 865 5541; x_wconf 85' lang='lat' dir='ltr'><strong>servio,</strong></span> <span class='ocrx_word' id='word_1_614' title='bbox 893 5468 927 5529; x_wconf 88' lang='lat' dir='ltr'><strong>et</strong></span> <span class='ocrx_word' id='word_1_615' title='bbox 980 5471 1184 5533; x_wconf 75' lang='lat' dir='ltr'><strong>divitiorem</strong></span> <span class='ocrx_word' id='word_1_616' title='bbox 1217 5469 1398 5543; x_wconf 72' lang='lat' dir='ltr'><strong>septenae</strong></span> <span class='ocrx_word' id='word_1_617' title='bbox 1434 5468 1467 5530; x_wconf 87' lang='lat' dir='ltr'><strong>et</strong></span> <span class='ocrx_word' id='word_1_618' title='bbox 1502 5468 1657 5529; x_wconf 78' lang='lat' dir='ltr'><strong>scterrtice</strong></span> <span class='ocrx_word' id='word_1_619' title='bbox 1688 5470 1781 5528; x_wconf 81' lang='lat' dir='ltr'><strong>Dei!</strong></span> 
     </span>
     <span class='ocr_line' id='line_1_54' title="bbox 127 5562 1778 5643; baseline -0.001 -18"><span class='ocrx_word' id='word_1_620' title='bbox 127 5564 200 5626; x_wconf 88' lang='lat' dir='ltr'><strong>ideo</strong></span> <span class='ocrx_word' id='word_1_621' title='bbox 220 5580 288 5626; x_wconf 91' lang='lat' dir='ltr'><strong>non</strong></span> <span class='ocrx_word' id='word_1_622' title='bbox 308 5563 409 5625; x_wconf 90' lang='lat' dir='ltr'><strong>timeo</strong></span> <span class='ocrx_word' id='word_1_623' title='bbox 424 5562 588 5626; x_wconf 89' lang='lat' dir='ltr'><strong>tormenta</strong></span> <span class='ocrx_word' id='word_1_624' title='bbox 603 5564 671 5625; x_wconf 91' lang='lat' dir='ltr'><strong>tua.</strong></span> <span class='ocrx_word' id='word_1_625' title='bbox 688 5582 707 5624; x_wconf 80' lang='lat' dir='ltr'><strong>s</strong></span> <span class='ocrx_word' id='word_1_626' title='bbox 980 5583 1084 5643; x_wconf 74' lang='lat' dir='ltr'><strong>mmm</strong></span> <span class='ocrx_word' id='word_1_627' title='bbox 1094 5568 1448 5641; x_wconf 76' lang='lat' dir='ltr'><strong>incomprehensibilia</strong></span> <span class='ocrx_word' id='word_1_628' title='bbox 1459 5566 1680 5636; x_wconf 62' lang='lat' dir='ltr'><strong>stt-lajacum</strong></span> <span class='ocrx_word' id='word_1_629' title='bbox 1692 5568 1778 5636; x_wconf 78' lang='lat' dir='ltr'><strong>rjus,</strong></span> 
     </span>
     <span class='ocr_line' id='line_1_55' title="bbox 981 5660 1781 5743; baseline -0.008 -15"><span class='ocrx_word' id='word_1_630' title='bbox 981 5666 1015 5728; x_wconf 83' lang='lat' dir='ltr'><strong>ct</strong></span> <span class='ocrx_word' id='word_1_631' title='bbox 1038 5665 1291 5743; x_wconf 80' lang='lat' dir='ltr'><strong>tncesttpoditcs</strong></span> <span class='ocrx_word' id='word_1_632' title='bbox 1311 5666 1379 5726; x_wconf 74' lang='lat' dir='ltr'><strong>otte</strong></span> <span class='ocrx_word' id='word_1_633' title='bbox 1401 5666 1493 5736; x_wconf 69' lang='lat' dir='ltr'><strong>etto!</strong></span> <span class='ocrx_word' id='word_1_634' title='bbox 1517 5664 1599 5729; x_wconf 81' lang='lat' dir='ltr'><strong>Quis</strong></span> <span class='ocrx_word' id='word_1_635' title='bbox 1624 5660 1781 5738; x_wconf 74' lang='lat' dir='ltr'><strong>coprroctt</strong></span> 
     </span>
    </p>
   </div>
   <div class='ocr_carea' id='block_1_8' title="bbox 0 0 1911 6164">
    <p class='ocr_par' dir='ltr' id='par_1_10' title="bbox 0 0 1911 6164">
     <span class='ocr_line' id='line_1_56' title="bbox 0 0 1911 6164; baseline 0 0"><span class='ocrx_word' id='word_1_636' title='bbox 0 0 1911 6164; x_wconf 95' lang='lat' dir='ltr'><strong> </strong></span> 
     </span>
    </p>
   </div>
  </div>
 </body>
</html>
