3794 6166
33 276 39 285 '
162 310 203 369 n
606 305 805 367 <aenean
827 306 873 366 111
896 303 1045 366 ornan.
1061 333 1102 350 -
1117 302 1352 369 saumones.
1780 308 1822 369 as

164 467 311 528 maxime
343 467 475 544 qrrando
503 466 686 528 ducebatur
709 467 744 527 in
770 468 960 543 AEgrptum.
1019 465 1115 527 stella
1127 468 1241 540 maris,
1257 468 1291 529 11
1302 468 1365 530 boc
1380 466 1537 528 hebraico
1552 480 1717 540 sermone,
1736 468 1821 544 Syro
1882 456 1885 461 ’

166 565 260 628 Unde
284 566 422 643 angelus
442 566 483 627 ad
502 564 646 643 loseph:
671 569 793 639 Accipe
813 580 964 640 puerum
1018 565 1128 625 autem
1153 581 1316 638 sermone,
1341 566 1493 627 Domina.
1517 565 1620 627 Beata
1642 565 1750 626 Maria
1767 565 1820 628 est

164 664 201 726 el
233 665 385 725 rsalrcrrc
419 668 494 730 eius
528 665 562 724 ct
588 665 669 739 [tage
705 666 742 723 ts
774 665 964 739 AEppplum
1017 662 1204 724 illuminata
1224 680 1283 740 per
1307 663 1483 740 specialem
1503 663 1663 739 gratiam3
1688 663 1822 724 illumi-

167 758 275 839 (Matt.
292 777 328 833 11,
344 760 408 839 13.)
420 762 522 837 Virgo
538 776 667 837 quoque
684 761 855 837 indigebat
869 762 961 822 sola·
1018 761 1130 822 natrix
1145 777 1204 838 per
1214 762 1430 838 principalem
1439 762 1621 838 justitiam;
1639 761 1736 823 stella
1752 777 1823 822 ma·

105 909 107 913 ,
169 859 216 921 111
232 859 321 920 virili
335 876 375 920 ne
391 859 462 920 sola
478 861 640 937 pergeret.
1017 858 1065 917 ris
1089 875 1148 934 per
1167 859 1345 936 specialem
1365 859 1640 920 misericordiam.
1664 860 1820 931 Domina,

207 959 330 1029 Quarta
347 958 382 1018 ut
396 958 520 1018 Christi
537 960 569 1018 et
592 957 749 1017 Ecclesiae
769 958 962 1034 mysterium
1018 972 1079 1032 per
1107 958 1297 1018 aeternalem
1322 957 1513 1035 potentiam,
1544 958 1733 1018 illuminata
1758 974 1824 1034 per

167 1054 368 1130 signaretur,
386 1056 463 1132 qlria
479 1055 676 1116 sicutBeata
692 1056 798 1116 Maria
811 1055 873 1117 suit
888 1056 964 1116 des-
1019 1055 1224 1131 spiritualem
1238 1056 1391 1131 gratiam,
1407 1057 1493 1117 sicut
1507 1056 1652 1130 Angelus
1665 1055 1750 1116 dixit
1765 1057 1818 1116 ei:

168 1153 308 1230 pensata
323 1153 381 1213 sed
395 1152 497 1228 Virgo
510 1153 648 1230 peperit,
665 1154 712 1214 111
725 1153 872 1214 Ecclesia
888 1154 965 1214 des-
1018 1153 1338 1228 nccgratrcpvcnc.
1349 1154 1447 1213 Nulla
1457 1154 1544 1214 enim
1553 1153 1644 1215 creat
1651 1169 1712 1213 ura
1721 1153 1820 1229 plena

168 1251 307 1327 ponsata
323 1252 374 1312 est
385 1250 526 1322 Christe,
541 1253 574 1311 et
587 1251 682 1326 virgo
705 1251 801 1327 parit.
822 1254 868 1312 De
884 1252 963 1312 des·
1018 1250 1126 1325 gratia
1145 1249 1231 1311 sicut
1244 1251 1363 1322 Maria,
1388 1267 1460 1328 quae
1478 1251 1568 1310 omni
1583 1252 1692 1327 gratia
1717 1252 1822 1327 spiri-

167 1348 363 1424 ponsatione
379 1349 460 1409 dicit
472 1347 667 1424 Apostolus:
686 1353 858 1423 nespoleos
872 1353 965 1411 culm
1019 1348 1101 1409 tuali
1117 1363 1217 1424 super
1230 1348 1404 1409 universas
1424 1348 1486 1410 suit
1500 1348 1687 1421 benedicta,
1701 1349 1737 1409 et
1752 1364 1821 1409 non

167 1460 229 1508 eos
251 1450 313 1508 tant
337 1450 413 1507 etro
438 1449 611 1523 virg-isene
639 1447 771 1507 castam
803 1451 964 1509 censuere
1019 1444 1126 1507 solum
1141 1445 1231 1505 omni
1246 1446 1353 1521 gratia
1369 1446 1530 1507 adornata
1554 1445 1617 1507 suit
1636 1446 1672 1507 in
1694 1448 1817 1519 mente,

167 1543 303 1606 Cbrtslo
317 1541 361 1622 (11
373 1543 495 1604 corint.
509 1558 545 1614 11,
559 1542 623 1622 13.)
637 1546 683 1604 be
699 1546 795 1621 partu
808 1545 965 1621 virginali
1019 1557 1134 1602 verum
1149 1542 1249 1602 etiam
1264 1557 1339 1602 eum
1354 1559 1374 1603 a
1389 1558 1453 1619 quo
1469 1543 1551 1604 etin
1567 1558 1631 1619 quo
1644 1545 1694 1604 est
1707 1543 1819 1604 omnis

111 1643 115 1649 '
168 1640 362 1702 ambrosius
377 1662 385 1701 :
402 1658 420 1700 «
435 1642 529 1702 Parit
543 1658 603 1702 nos
615 1643 718 1718 Virgo
732 1643 839 1703 Mater
851 1643 966 1704 Eccle-
1019 1639 1127 1714 gratia
1153 1640 1295 1714 gestavit
1318 1640 1352 1700 in
1373 1642 1499 1701 ventre.
1524 1641 1618 1701 Unde
1647 1642 1819 1718 Hierony-

168 1738 220 1799 sia
240 1754 306 1797 non
326 1738 534 1800 cumdolore
557 1739 789 1812 membrorum,
813 1740 870 1801 sed
890 1757 964 1802 cum
1020 1753 1113 1797 mus:
1130 1754 1148 1796 a
1164 1737 1313 1798 Goelestis
1332 1737 1439 1798 imber
1453 1738 1489 1798 in
1508 1738 1696 1814 virgineum
1710 1739 1819 1800 vellus

169 1835 301 1912 gaudiis
316 1837 521 1912 angelorum.
535 1839 682 1909 »Quinta
703 1854 744 1898 ne
757 1841 864 1900 mater
876 1840 966 1901 velut
1019 1834 1149 1912 placido
1171 1850 1206 1894 se
1222 1834 1339 1897 effudit
1352 1835 1478 1912 elapsu,
1503 1836 1536 1896 et
1549 1838 1617 1897 tota
1632 1834 1820 1898 divinitatis

168 1933 321 1995 adultera
344 1934 558 2011 lapidaretur,
576 1952 657 2011 quos
680 1936 708 1996 si
731 1937 966 1999 1111111111-
1020 1932 1108 2019 unda
1135 1933 1169 1992 in
1184 1948 1319 1994 carnem
1343 1949 1379 1993 se
1398 1933 1548 2002 contulit,
1578 1933 1710 2010 quando
1735 1950 1818 1995 rer·

169 2033 244 2093 sent
256 2031 360 2092 lilium
373 2034 406 2093 11
418 2049 485 2094 111
498 2034 666 2105 maritum,
683 2035 854 2109 putassent
872 2036 965 2097 illam
1020 2028 1096 2089 bum
1107 2045 1185 2090 caro
1200 2030 1386 2092 factumest
1400 2032 1433 2092 et
1447 2031 1609 2092 habitavit
1623 2032 1659 2091 in
1672 2031 1780 2092 nobis.
1799 2049 1818 2091 s

40 2192 46 2201 ,
168 2129 367 2201 adulteram,
388 2132 420 2192 et
437 2132 620 2193 secundum
639 2131 746 2208 legem
761 2132 966 2209 lapidassent
1019 2128 1132 2189 Vellns
1157 2128 1270 2189 estne
1294 2144 1405 2200 carne,
1439 2128 1495 2188 sed
1527 2144 1592 2190 non
1619 2129 1720 2190 sentit
1738 2145 1821 2190 cnr·

168 2226 272 2288 illam.
302 2230 341 2290 Et
369 2228 447 2290 licet
472 2230 630 2290 Dominus
658 2231 803 2307 potuerit
826 2233 965 2294 matrem
1020 2226 1072 2286 nis
1088 2226 1252 2286 ardorem.
1275 2227 1328 2286 Sic
1348 2226 1449 2287 Beata
1471 2227 1573 2302 Virgo
1589 2227 1650 2287 luit
1673 2228 1753 2287 nata
1778 2228 1821 2288 de

168 2326 436 2389 suamaJudaeis
447 2326 633 2400 defendere,
648 2328 756 2390 noluit
767 2330 878 2391 tamen
891 2346 965 2391 eam
1021 2340 1131 2395 carne,
1161 2324 1217 2383 sed
1247 2340 1313 2384 non
1348 2324 1453 2385 sensit
1485 2324 1596 2384 carnis
1631 2323 1817 2387 libidinem.

22 2416 25 2425 '
85 2474 89 2487 .
167 2422 325 2485 infamari
349 2425 389 2485 de
408 2426 566 2501 crimine;
595 2426 652 2486 sed
679 2427 788 2503 potius
816 2430 966 2504 permisit
1020 2421 1291 2483 Coelestisimber
1311 2422 1822 2500 11111111111111111,(1111111111

167 2520 282 2581 fideles
295 2521 337 2581 ad
349 2522 478 2599 tempus
491 2523 531 2582 de
547 2539 606 2583 suo
620 2524 694 2584 ortu
708 2524 965 2587 dubitaremus
1020 2519 1126 2580 imber
1147 2522 1272 2581 terram
1299 2519 1467 2581 soecundat
1492 2520 1566 2581 sine
1591 2522 1818 2597 corruptione,

44 2608 47 2619 '
167 2618 577 2695 estquodlosepbdicitur
589 2635 662 2681 esse
673 2620 966 2699 patereJussecun-
1020 2617 1066 2678 ita
1082 2618 1142 2677 Dei
1155 2616 1244 2676 filius
1259 2618 1359 2678 Matri
1372 2618 1462 2679 dedit
1477 2617 1735 2690 loecunditatem,
1751 2636 1821 2681 non

168 2715 246 2776 dum
275 2716 358 2776 illud
389 2719 562 2793 Evangelii
589 2735 596 2772 ι
631 2721 720 2780 Erat
750 2721 861 2781 Pater
891 2726 980 2795 rjais.
1020 2713 1156 2776 abstulit
1168 2715 1402 2790 integritatem.
1418 2717 1456 2777 Et
1469 2718 1519 2777 est
1533 2732 1667 2777 sensus:
1691 2717 1823 2778 (111111-

168 2814 966 2890 111111111111111111111111111111111·
1019 2812 1062 2874 tis
1085 2812 1191 2873 imber
1210 2829 1245 2873 se
1269 2812 1391 2875 inludit
1418 2815 1454 2874 in
1481 2814 1669 2889 virgineum
1695 2815 1819 2888 vellus,

167 2913 285 2973 1111111
308 2911 402 2990 (Luc.
427 2929 469 2985 11,
494 2913 561 2993 33.)
589 2916 689 2976 serta
717 2932 759 2976 ne
779 2917 964 2992 virginibus
1019 2911 1114 2983 idest,
1136 2911 1196 2971 Dei
1220 2911 1308 2972 tilius
1330 2911 1501 2973 descendit
1522 2912 1557 2972 in
1583 2912 1760 2987 virginem,
1788 2914 1824 2976 et

170 3010 360 3093 exemplum
380 3011 526 3073 infamiae
548 3012 761 3089 praeberetur,
783 3015 861 3092 quia
887 3032 970 3092 pos·⁴
1019 3009 1082 3070 boc
1096 3010 1226 3086 placido
1251 3009 1377 3086 elapsu,
1401 3010 1486 3070 idest
1506 3010 1617 3086 quieto
1638 3011 1821 3084 descensu,

48 3104 53 3113 “
169 3108 246 3168 sent
270 3107 382 3169 dicere
406 3110 568 3186 virgines,
584 3112 713 3188 qtroties
743 3113 783 3173 de
809 3115 858 3174 eis
877 3116 964 3175 maia
1019 3106 1105 3183 quod
1121 3107 1824 3184 111111111111111111111111111111111-

169 3206 317 3283 suspicio
333 3207 499 3269 nascitur:
517 3210 591 3269 Non
607 3211 657 3271 est
674 3210 794 3271 mirum
812 3212 841 3272 si
856 3212 965 3273 homi-
1019 3220 1106 3265 mam
1124 3205 1339 3282 perturbavit.
1361 3207 1400 3266 Et
1414 3205 1483 3266 tota
1508 3204 1691 3267 divinitatis
1715 3208 1820 3280 unda,

86 3336 100 3351 .
167 3318 227 3364 nes
242 3304 356 3365 dicunt
370 3305 457 3365 mala
471 3305 510 3366 de
525 3305 620 3367 nobis
636 3308 828 3384 postumia,
845 3311 922 3386 quia
932 3311 966 3372 et
1019 3302 1114 3373 idest,
1138 3303 1206 3364 tota
1230 3303 1388 3363 divinitas
1408 3305 1499 3365 velut
1519 3305 1606 3365 unda
1621 3320 1657 3363 se
1679 3306 1825 3368 contulit

30 3416 34 3423 ·
58 3448 61 3457 .
165 3400 248 3462 talia
264 3401 420 3463 dixerunt
432 3403 472 3463 de
484 3405 586 3464 Beata
601 3405 719 3466 Maria.
736 3407 840 3481 Igitur
856 3423 898 3469 ne
912 3410 965 3470 ta·
1019 3399 1053 3459 ln
1067 3415 1213 3460 onlnem·
1230 3402 1300 3461 HOC
1316 3403 1465 3478 estquod
1482 3402 1604 3464 dicitnr
1616 3403 1651 3462 in
1664 3402 1821 3464 Psalmo:

166 3497 426 3575 lemprolerrent
436 3501 965 3582 excusationemdatusestspon·
1018 3498 1207 3559 Descende!
1220 3499 1309 3559 Siout
1320 3503 1440 3573 bitinia
1453 3502 1488 3560 tn
1503 3507 1608 3562 eclltcs
1621 3498 1689 3577 (Ρὸ.
1703 3503 1754 3573 71,
1771 3501 1822 3582 6.)

166 3611 223 3656 sus
238 3599 349 3659 Beatae
364 3598 492 3671 Mariae,
509 3615 551 3659 ne
566 3616 711 3676 persona
721 3603 793 3678 ejus
808 3603 861 3663 vei
871 3604 963 3664 tenui
1058 3596 1160 3656 Beata
1179 3596 1286 3656 Maria
1307 3596 1357 3657 est
1373 3597 1594 3659 illuminatrix
1608 3615 1668 3675 per
1686 3599 1825 3675 specia-

37 3762 41 3767 ,
165 3695 389 3755 macularetur
417 3696 564 3756 inlamiae
590 3698 680 3757 nota.
712 3701 783 3759 Hoc
811 3702 963 3778 exemplo
1018 3692 1083 3753 lem
1103 3694 1280 3770 justitiam,
1307 3696 1342 3755 ut
1362 3696 1411 3755 est
1432 3695 1513 3755 illud
1536 3696 1620 3772 quod
1644 3697 1819 3759 canimus:

164 3789 326 3850 docentur
340 3789 496 3850 mulieres
513 3792 545 3851 et
559 3791 708 3866 virgines
730 3809 750 3853 a
765 3797 916 3871 personis
932 3798 964 3859 et
1018 3808 1037 3851 t
1058 3793 1159 3867 Cujus
1172 3791 1240 3852 liin
1257 3791 1382 3869 inclyta
1396 3794 1531 3854 cunctas
1546 3794 1691 3856 illustrat
1703 3796 1821 3856 eccle-

165 3885 248 3947 locis
268 3903 303 3946 se
327 3886 524 3948 subtrahere
549 3888 589 3948 de
609 3889 728 3967 quibus
750 3894 860 3968 posset
882 3895 963 3955 oriri
1019 3889 1130 3948 sias.»
1150 3891 1199 3949 Ex
1220 3888 1280 3949 illa
1294 3905 1436 3967 namque
1452 3891 1619 3968 tamquam
1639 3909 1680 3952 ex
1699 3909 1822 3954 exem-

165 3984 244 4044 nota
257 3984 413 4045 infamiae.
431 3985 517 4046 Hinc
532 3988 583 4047 est
601 3988 687 4064 quod
710 3989 849 4064 angelus
868 3991 964 4053 inve·
1019 3985 1104 4063 plari
1127 4002 1302 4062 possumus
1327 4003 1459 4048 sumere
1474 3989 1632 4066 quidquid
1653 3990 1819 4064 sanctum,

55 4166 58 4171 .
164 4081 216 4142 nit
238 4082 380 4143 Mariam
404 4083 522 4144 nonin
545 4084 664 4161 plateis
684 4088 870 4162 vagantem,
896 4106 962 4150 non
1018 4084 1175 4161 quidquid
1214 4085 1385 4161 pudicum,
1421 4087 1580 4163 qrridquid
1621 4088 1818 4163 honestum,

165 4194 239 4238 cum
259 4179 438 4255 juvenibus
463 4181 704 4259 colloquentem
731 4185 788 4245 sed
816 4185 850 4245 in
874 4187 964 4248 cubi·
1018 4181 1175 4259 quidquid
1199 4181 1321 4243 bonum
1343 4183 1495 4243 volumus
1525 4200 1694 4246 exercere.
1723 4188 1821 4249 Unde

20 4306 23 4313 ·
74 4282 78 4289 ’
112 4300 113 4305 ’
164 4276 238 4337 culo
261 4277 491 4354 spiritualibus
511 4281 694 4354 vacantem,
720 4283 901 4346 secundum
920 4286 963 4345 il·
1017 4278 1229 4340 Ambrosius:
1246 4281 1323 4340 «Sit
1334 4280 1427 4341 vobis
1438 4282 1606 4358 tamqnam
1622 4283 1655 4343 in
1669 4283 1820 4360 imagine

163 4373 239 4434 lud:
256 4379 441 4451 disgressus
455 4381 603 4455 Allectus
613 4383 658 4440 act
672 4396 749 4442 carn
764 4384 854 4444 dixit
865 4401 876 4442 :
890 4388 962 4445 Ace
1017 4375 1180 4453 descripta
1192 4379 1261 4439 vita
1272 4379 1398 4438 Mariae.
1413 4379 1498 4440 Hinc
1510 4381 1649 4442 sumatis
1661 4384 1820 4459 exempla

164 4471 259 4552 (Luc,
278 4489 306 4545 1,
329 4472 396 4553 28.)
424 4476 601 4552 Nunquam
629 4477 795 4540 diceretur
822 4483 961 4557 angelus
1015 4475 1160 4546 vivendi,
1188 4475 1243 4537 ubi
1266 4475 1434 4552 tamquam
1463 4477 1498 4537 in
1527 4479 1711 4555 exemplari
1740 4486 1820 4545 sunt

162 4571 335 4648 ingressus
352 4573 393 4633 ad
410 4586 494 4642 eam,
512 4575 576 4634 nisi
597 4591 670 4635 eam
693 4577 729 4636 in
748 4580 884 4640 secretis
903 4579 963 4639 do-
1016 4573 1208 4648 magisteria
1224 4574 1397 4650 probitatis
1410 4590 1579 4651 expressa.
1597 4594 1615 4636 »

124 4750 132 4763 ,
161 4686 235 4731 mus
259 4688 328 4733 suae
350 4671 578 4748 penetralibus
601 4673 794 4735 invenisset.
815 4677 961 4753 Septima
1055 4671 1155 4731 Beata
1170 4672 1276 4732 Maria
1289 4674 1338 4733 est
1351 4672 1447 4733 stella
1461 4675 1562 4734 maris
1576 4691 1635 4751 per
1650 4676 1821 4756 principa·

67 4844 72 4853 ¹
162 4768 198 4828 ut
224 4769 273 4829 sic
301 4771 438 4832 castitas
461 4770 636 4847 virginalis
662 4774 958 4847 commendaretur,
1016 4767 1080 4828 lein
1095 4769 1368 4841 misericordiam,
1388 4770 1473 4847 qunti
1489 4771 1575 4833 sient
1590 4774 1700 4835 nautae
1716 4780 1818 4839 nocte

160 4878 203 4924 ne
225 4869 412 4942 conjugalis
443 4870 640 4930 castimonia
664 4870 851 4943 laederetur,
873 4873 958 4950 quod
1016 4866 1198 4943 respiciunt
1211 4868 1251 4928 ad
1267 4869 1360 4928 illam
1376 4869 1506 4929 stellam
1522 4871 1557 4931 ut
1573 4873 1702 4947 possint
1716 4891 1817 4936 suum

53 5020 56 5025 .
160 4963 264 5023 Beata
280 4965 387 5024 Maria
403 4968 590 5042 exemplum
604 4970 653 5030 est
669 4969 834 5031 castitatis
856 4971 961 5046 virgi·
1016 4979 1147 5024 cursum
1160 4965 1315 5041 dirigere,
1326 4966 1358 5027 et
1368 4967 1556 5043 periculosa
1567 4968 1640 5029 loca
1652 4973 1815 5051 evadero;

59 5079 63 5094 ·
161 5059 259 5120 nibus
286 5061 318 5121 ot
339 5063 543 5138 conjugatis;
561 5066 747 5140 virginibus
764 5069 798 5127 in
814 5084 853 5127 eo
874 5070 958 5145 quod
1015 5062 1061 5122 ita
1082 5079 1142 5122 nOS
1164 5064 1198 5122 in
1221 5064 1283 5124 hoc
1304 5065 1388 5125 inani
1408 5081 1528 5141 magno
1551 5068 1583 5128 ei
1602 5069 1764 5144 spatioso,
1783 5073 1818 5133 in

163 5158 266 5233 Virgo
277 5160 404 5235 peperit
415 5154 747 5233 Christumostendi't
758 5167 958 5240 virginitatis
1013 5159 1285 5221 tribulationibus
1309 5164 1341 5223 et
1362 5162 1631 5237 adversitatibus,
1657 5166 1691 5226 in
1707 5170 1821 5231 teuta-

161 5255 395 5316 inaestimabile
411 5258 548 5333 donu1n3
561 5263 757 5337 conjugatis
773 5264 857 5324 ineo
873 5266 958 5340 quod
1013 5257 1160 5318 tionibus
1183 5263 1216 5320 et
1231 5261 1393 5334 angustiis
1418 5261 1459 5320 ad
1486 5262 1579 5322 illam
1601 5265 1815 5341 respicimus,

42 5362 45 5367 '
161 5353 226 5414 suit
249 5353 459 5430 desponsata,
478 5357 621 5417 ostendit
649 5374 668 5417 a
694 5362 761 5420 Deo
785 5360 957 5423 benedicta
1014 5359 1109 5433 cujus
1125 5357 1253 5417 meritis
1269 5360 1301 5418 el
1321 5358 1474 5433 precibus
1491 5361 1641 5436 cupimus
1664 5362 1816 5427 liberari.

120 5457 125 5463 “
159 5467 233 5513 1111
248 5453 414 5529 conjugia.
1016 5455 1052 5515 El
1068 5455 1140 5530 ipsa
1157 5455 1242 5515 sicut
1256 5457 1304 5516 est
1318 5458 1425 5517 Mater
1440 5457 1679 5520 misericordiae
1692 5462 1818 5525 subve-

197 5551 243 5610 Et
258 5565 383 5610 11111111
404 5554 554 5625 Virginis
568 5555 696 5614 llario.
721 5557 828 5618 Maria
851 5559 957 5620 inter-
1013 5553 1063 5614 nit
1083 5552 1178 5613 nobis
1199 5553 1233 5612 in
1254 5555 1343 5613 omni
1364 5556 1574 5616 necessitate·
1604 5558 1696 5617 Unde
1718 5560 1818 5620 Salo-

159 5648 308 5726 pretatnr
333 5647 521 5711 illinninntn
549 5650 601 5714 vel
630 5651 871 5729 illuminatrix,
902 5658 954 5721 vel
1011 5653 1248 5712 membrosus
1266 5654 1503 5727 sav-usopcrult
1522 5657 1614 5727 triopa·
1629 5655 1662 5717 ct
1678 5661 1816 5731 [latitans
