3794 6166
828 242 1002 302 HONORII
1026 242 1069 302 Ill
1092 242 1237 304 OPERA.
1797 248 1840 307 :tt

524 434 692 522 cittii

210 584 262 642 Ad
288 584 482 655 episcopum
508 577 775 638 Bntbontcnsem
797 579 827 636 et
845 575 1003 647 patorem

327 676 596 749 conventumque
616 674 879 735 Gtoetontcnsos.

498 797 615 854 {tmoli
636 796 714 853 itte.

287 905 416 969 [wilkins
428 905 523 955 Concil.
535 902 674 954 Britanniae
684 908 710 952 et
721 901 814 958 Hiber..
827 902 847 958 l,
858 900 925 961 tot]

210 1015 449 1087 compositionem
466 1012 539 1067 lutor
553 1010 720 1082 eplscopum
742 1007 963 1065 bathoniensem
977 1013 1004 1062 et

257 1109 429 1160 conventum
442 1099 670 1158 Glastonienscm
682 1098 781 1153 initam
794 1096 955 1152 condumat.

250 1219 427 1290 Honorius,
463 1232 579 1277 servus
603 1231 773 1276 servorum
795 1213 866 1280 Dei,
887 1227 1002 1274 vener.

211 1317 305 1380 tratri
331 1316 486 1393 episcopo
510 1311 650 1375 Batnon.
673 1314 810 1390 ejusque
833 1326 1006 1372 successo-

211 1416 313 1477 ribus

252 1515 330 1574 Cum
348 1511 434 1572 iuter
456 1509 501 1582 te,
526 1509 559 1570 et
578 1504 734 1585 priorem,
751 1508 784 1568 et
808 1506 1004 1568 conventum

213 1612 360 1671 Glaston.
379 1622 478 1684 super
498 1607 621 1667 unione
636 1601 729 1666 Beth.
746 1606 778 1665 et
795 1604 941 1667 Glaston.
956 1616 1007 1663 ec·

213 1705 401 1775 elesiarum,
418 1718 516 1780 quam
529 1701 593 1778 ipsi
603 1701 741 1760 dissolvi
752 1699 916 1777 petebant,
929 1698 1008 1759 tuis·

213 1801 415 1879 setquaestio
432 1798 556 1861 diutius
576 1798 737 1873 agitata...
764 1799 870 1857 Nos...
890 1812 1004 1858 vener.

212 1899 308 1960 tratri
334 1898 447 1958 nostro
474 1898 512 1956 R.
537 1894 709 1955 saresbur.
731 1894 898 1970 episcopo,
920 1894 954 1954 et
969 1895 1004 1953 P.

212 1995 391 2057 Norvicen.
408 1995 524 2064 electo,
549 1991 733 2054 camerario
757 1992 883 2063 nostro,
913 1990 1007 2051 Sedis

211 2091 409 2170 Apostolicm
434 2090 554 2166 legato,
572 2089 694 2151 nostris
718 2089 867 2150 dedimus
887 2085 1007 2150 liiterls

213 2191 249 2251 in
272 2187 447 2260 mandatis
473 2189 510 2249 ut
528 2189 596 2263 tam
618 2189 661 2254 te.
688 2202 786 2264 quam
811 2187 956 2263 priorem
976 2186 1009 2247 et

214 2289 410 2349 conventum
433 2285 608 2362 praedictos
633 2285 673 2346 ad
697 2278 909 2345 concordiam
929 2299 1009 2361 pru-

213 2384 329 2446 denter
344 2382 506 2445 noverint.
525 2379 587 2443 Sed
603 2382 680 2459 quia
699 2382 829 2458 legatus
847 2381 1008 2443 interesse

215 2497 281 2542 non
296 2481 412 2558 potuit,
436 2477 602 2542 commisit
625 2480 715 2541 vices
735 2495 813 2540 suas
837 2478 947 2541 abbati
968 2478 1008 2538 de

216 2579 394 2654 Radinges
412 2594 524 2639 coram
538 2578 656 2655 quibus
678 2591 752 2638 cum
772 2578 807 2638 tu
823 2576 1010 2654 personali-

214 2679 283 2749 ter,
300 2678 333 2738 et
347 2677 395 2737 illi
407 2692 465 2753 per
479 2677 712 2753 procuratores
725 2672 1006 2752 comparuissetis,

214 2774 346 2835 tandem
364 2772 685 2849 incompositionem
703 2771 912 2834 amicabilem
927 2788 1007 2833 con-

214 2871 394 2931 venistis...
409 2885 507 2947 quam
522 2869 720 2930 auctoritate
735 2869 923 2944 Apostolica
935 2885 1011 2930 con·

215 2968 397 3039 firmamus,
421 2964 643 3043 unionemque
663 2966 853 3043 praedictam
879 2966 1010 3043 penitus

216 3063 456 3136 dissolventes,
486 3064 677 3136 statuimus,
708 3066 744 3126 ut
774 3064 1011 3125 monasterium

217 3162 363 3223 Glaston.
378 3162 419 3223 de
434 3162 555 3222 caetero
571 3160 630 3221 sub
642 3161 769 3238 proprii
780 3155 908 3222 abbatis
921 3161 1013 3237 regi-

215 3260 305 3320 mme
320 3276 339 3320 a
353 3261 516 3320 conventu
532 3258 635 3320 libere
654 3258 810 3334 eligendi,
830 3260 927 3336 juxta
951 3275 1010 3319 re-

216 3359 349 3433 gulares
382 3358 612 3418 observantias
641 3355 882 3431 gubernetur...
913 3358 1012 3417 Salvo

213 3458 290 3532 jure
304 3456 496 3531 patronatus
508 3455 593 3531 quod
610 3471 671 3514 reu
683 3454 921 3516 tolrannestibi
933 3471 1014 3515 con-

217 3553 294 3614 tulit
316 3553 347 3611 iu
366 3554 566 3613 monasterio
588 3552 788 3628 supradicto.
811 3554 881 3613 Dat.
899 3555 1012 3614 Romae

218 3653 256 3711 16
272 3650 338 3710 kal.
351 3650 451 3724 junii,
470 3650 584 3711 indict.
602 3652 673 3719 Vll,
695 3650 885 3711 MCCXVIII
904 3648 1014 3727 ponti·

218 3749 335 3809 ticatus
351 3764 438 3808 anuo
454 3748 563 3809 tertio.

520 3891 711 3978 CCLVIII

269 4019 321 4075 Ad
335 4019 615 4090 andegavensem
628 4016 661 4075 et
674 4020 965 4077 coenomanensem

485 4114 668 4184 episcopos,
687 4113 748 4173 etc.

509 4224 543 4279 ta
559 4224 626 4280 rrieil
643 4226 720 4282 itit.

251 4403 253 4407 Ι
313 4329 447 4394 [bouquet.
458 4326 560 4381 Recueil
570 4330 614 4379 des
626 4329 696 4388 hist..
708 4335 727 4380 t.
743 4332 811 4388 xlx.
823 4346 847 4396 p.
860 4331 919 4391 659;

417 4411 525 4472 degest,
540 4411 583 4459 lib.
599 4412 628 4468 ll,
643 4411 716 4476 epist.
731 4412 813 4477 illu]

219 4513 260 4568 lic
286 4512 418 4582 primatu,
440 4509 656 4581 archiepiscopo
679 4509 885 4583 burdegalensi
916 4528 1014 4569 retusus

253 4600 413 4672 appellante
429 4598 565 4655 adversus
590 4600 806 4666 bituricensem,
823 4600 859 4656 ad
875 4601 1010 4657 iulormo·

254 4690 360 4745 tionem
370 4687 673 4759 deleganturcpiscopi
683 4688 912 4761 andegavensi
920 4691 1011 4749 Ceno·

255 4792 370 4834 niaircn.

260 4886 425 4947 Honorius
440 4885 615 4961 episcopus
631 4886 876 4948 venerabilibus
895 4890 1012 4950 iratri-

220 4983 280 5042 bus
306 4982 536 5057 Andegavansi
562 4982 611 5061 (a)
640 4985 673 5044 et
698 4987 938 5047 cenomanensi
966 4985 1012 5066 (b)

220 5079 394 5156 episcopie,
412 5083 444 5141 et
458 5079 577 5141 dilecto
604 5080 670 5140 tilio
693 5081 802 5142 abbati
818 5082 859 5143 de
880 5087 1012 5159 Burgo-

220 5177 265 5235 lio
282 5175 595 5252 (etnudegavensis
606 5179 770 5250 dioecesis
787 5181 938 5253 salutem,
949 5184 1011 5243 etc.

260 5275 447 5334 Venerabili
475 5276 576 5337 fratre
601 5279 714 5338 nostro
735 5278 935 5340 Bituricensi
957 5297 1014 5340 ar·

220 5371 429 5447 cliiepiscopo
446 5372 494 5450 (d)
511 5374 694 5447 intimante,
716 5374 891 5437 didicimus
914 5380 1011 5454 quod,

257 5520 298 5587 (o)
315 5521 424 5577 Guillel.
446 5521 481 5577 de
497 5524 680 5581 bellomonte.
720 5525 759 5597 (t)
777 5528 937 5585 Hemeliuo.

257 5598 294 5666 p)
309 5595 399 5650 luc-e
437 5593 476 5667 (t)
491 5594 603 5652 Gimldo
619 5595 654 5653 de
669 5597 749 5655 Cros.
777 5597 813 5671 (e)
830 5599 1012 5656 Guillelmum

1057 417 1131 464 cnm
1147 402 1254 464 felicis
1274 401 1521 467 recordationis
1543 403 1760 466 Innocentius
1772 406 1839 483 Papa
1887 388 1891 447 ἕ

1058 499 1627 576 predecessornosterdilectotilio
1642 499 1841 578 abbatlllajo-
1888 486 1891 547 ἶ

1057 598 1104 659 ris
1116 599 1308 661 monasterii
1316 600 1524 661 Turonensis
1538 598 1616 659 suis
1633 596 1714 659 olim
1726 597 1841 660 detnsa
1880 594 1891 637 ’ἵ

1057 695 1177 756 litteris
1193 697 1228 757 in
1250 696 1415 758 mandatis
1436 699 1472 759 ut
1485 697 1596 758 testes
1615 711 1717 756 senes
1729 696 1762 756 et
1772 696 1841 757 vale-
1887 726 1890 731 ·

1058 792 1254 865 tudinarios,
1271 810 1353 872 quos
1368 794 1533 856 adversus
1545 791 1780 855 venerabilem
1792 791 1841 852 ira·

1058 891 1141 951 trem
1157 893 1305 953 nostrum
1328 891 1619 967 Burdegalensem
1637 888 1842 965 archiepisco-

1058 1005 1136 1065 pum
1159 986 1206 1067 (ε)
1231 988 1318 1049 idem
1342 989 1442 1051 vellet
1465 1004 1571 1066 super
1596 990 1680 1064 jure
1702 984 1842 1063 primatie

1059 1086 1252 1162 producere,
1273 1086 1322 1148 sic
1343 1087 1517 1163 reciperet,
1545 1085 1640 1162 quod
1663 1083 1752 1145 nulli
1776 1083 1867 1146 dent*

1059 1183 1289 1261 praejudicium
1305 1185 1357 1244 vel
1372 1199 1567 1261 gravamen,
1592 1181 1762 1260 praetatus
1778 1183 1843 1243 Bur·
1889 1244 1891 1255 ,

1060 1281 1259 1357 degalensis,
1277 1293 1318 1343 ne
1333 1282 1367 1342 in
1384 1282 1458 1358 ipso
1474 1281 1615 1356 negotio
1631 1279 1847 1356 procederetur
1889 1258 1891 1285 '

1061 1394 1120 1455 per
1134 1378 1276 1451 illum,a
1298 1377 1570 1456 procuratoribus
1595 1377 1671 1437 suis
1696 1376 1847 1453 excepto-
1889 1406 1891 1411 ·

1060 1492 1120 1537 nes
1140 1475 1276 1537 triveles
1297 1476 1424 1538 iaciens
1451 1475 1609 1552 allegari,
1635 1476 1789 1536 nostram
1808 1473 1849 1534 de
1888 1488 1891 1513 ⁵

1061 1590 1150 1634 nuum
1165 1574 1368 1636 erudientiam
1384 1573 1579 1652 appellavit,
1597 1572 1634 1635 et
1647 1571 1779 1644 advos,
1796 1570 1849 1632 lra-
1889 1558 1891 1563 ’

1061 1673 1112 1733 ter
1123 1672 1371 1747 andegavensis
1383 1672 1548 1750 epIscope,
1563 1673 1601 1733 et
1616 1671 1668 1732 iili
1679 1669 1796 1742 abbas,
1810 1685 1851 1748 pu

1062 1773 1194 1831 nostras
1224 1786 1323 1846 super
1347 1769 1410 1832 hoc
1436 1769 1582 1831 obtinuit
1612 1769 1752 1830 litteras
1776 1767 1850 1829 dele-

1062 1868 1135 1942 gari
1147 1865 1204 1945 (s).
1215 1869 1432 1944 Quapropter,
1441 1865 1578 1928 obtentu
1595 1865 1710 1943 partis
1722 1865 1851 1935 alterius,

1063 1967 1099 2027 ut
1112 1966 1147 2025 in
1163 1964 1227 2026 isto
1238 1965 1342 2042 possit
1353 1965 1485 2040 negotio
1494 1963 1568 2026 siue
1580 1963 1784 2040 suspicione
1795 1978 1855 2039 pro·

1063 2063 1154 2134 cadi,
1183 2065 1237 2133 te,
1265 2062 1368 2123 irater
1400 2062 1692 2134 Cenomanensis,
1723 2060 1856 2138 ejusden

1063 2161 1244 2236 cognitioni
1267 2160 1422 2221 duximus
1445 2158 1729 2237 adjungendum
1745 2158 1856 2219 dlscre-

1062 2259 1145 2322 tioni
1169 2260 1289 2320 vestrm
1314 2273 1373 2335 per
1396 2257 1588 2334 apostolica
1618 2257 1754 2334 scripta
1781 2273 1857 2317 mau-

1063 2358 1190 2428 dantes,
1219 2359 1401 2434 quatenus,
1428 2354 1580 2433 partibus
1611 2354 1856 2417 convocatiset

1064 2455 1249 2517 rationibus
1262 2454 1340 2516 hinc
1355 2453 1432 2516 inde
1454 2453 1582 2515 auditis
1604 2454 1640 2515 et
1665 2450 1858 2529 cognitisit

1064 2555 1173 2631 ipsum
1209 2552 1441 2631 appellationis
1474 2551 1650 2628 negottum
1677 2567 1700 2612 a
1729 2549 1858 2627 pretatis

1064 2651 1334 2729 procuratoribus
1353 2650 1572 2728 interpositae,
1591 2648 1860 2712 sufficientcrin·

1065 2751 1236 2823 structum,
1267 2751 1308 2810 ad
1337 2751 1487 2811 nostrum
1514 2747 1665 2809 fideliter
1698 2745 1858 2809 remittatis

1065 2864 1228 2919 examen,
1263 2847 1471 2924 praetlgentes
1507 2845 1665 2922 partibus
1696 2845 1857 2908 terminum

1066 2945 1314 3022 competentem,
1331 2961 1396 3022 quo
1411 2959 1447 3004 se
1461 2943 1576 3004 nostro
1595 2942 1799 3021 conspectui
1815 2955 1857 3001 re-

1066 3043 1277 3120 praesentent,
1299 3042 1490 3103 mandatum
1504 3041 1747 3117 apostolicum
1763 3055 1858 3115 recep·

1066 3143 1160 3202 turae.
1178 3140 1269 3212 Quod
1285 3140 1314 3200 si
1327 3156 1393 3201 non
1409 3154 1534 3210 omnes,
1557 3139 1608 3209 tu,
1622 3128 1745 3201 ‘irater
1767 3140 1857 3199 Geno-

1067 3238 1246 3309 maneusis,
1259 3255 1333 3298 cum
1347 3252 1461 3298 eorum
1475 3236 1581 3298 altero
1596 3251 1637 3296 ea
1649 3235 1855 3297 nihilominus

1067 3337 1274 3413 exsequarlS,
1299 3335 1506 3396 constutioue
1533 3334 1574 3393 de
1603 3333 1743 3394 duabus
1770 3331 1855 3394 diaelb

1068 3434 1102 3493 iu
1130 3435 1280 3510 generali
1310 3434 1457 3495 Concilio
1488 3432 1577 3493 edita
1615 3431 1853 3493 nonobstante.

1067 3534 1185 3593 Datum
1202 3535 1325 3603 Romae,
1352 3530 1437 3607 apud
1460 3531 1623 3591 Sanctum
1648 3532 1800 3601 Petrum,
1813 3525 1855 3586 ll

1068 3630 1228 3690 kalendas
1239 3630 1340 3707 junii,
1357 3645 1444 3689 anno
1461 3627 1622 3689 secunde.

1391 3805 1538 3894 cclix

1330 3952 1383 4013 Act
1398 3949 1600 4012 orientales.

1354 4076 1387 4131 18
1406 4074 1474 4130 maii
1496 4072 1576 4129 title.

1101 4190 1237 4255 [llaynald.
1252 4190 1364 4241 Annales
1376 4186 1549 4248 ecclesiastici,
1568 4187 1603 4236 cd
1616 4201 1680 4237 aun.
1695 4188 1766 4244 itte,
1778 4187 1790 4250 l
1804 4183 1835 4247 ἱ.)

1069 4299 1217 4373 Significat
1234 4314 1265 4355 se
1280 4297 1428 4370 Pelagium
1444 4293 1545 4352 Alban.
1561 4294 1737 4367 epIscopum
1752 4295 1856 4367 Aposto

1105 4389 1166 4446 licre
1180 4387 1260 4445 Sedis
1269 4387 1407 4461 legatum,
1421 4385 1535 4441 misisse
1551 4382 1587 4440 ad
1599 4385 1762 4443 exercitum
1773 4394 1856 4439 cruce·

1104 4479 1293 4550 signatorum,
1307 4483 1338 4532 ut
1348 4472 1531 4532 concordiem
1543 4471 1651 4529 lavent.

1109 4595 1370 4657 ammonitarum
1397 4593 1465 4654 dux
1491 4591 1617 4652 Acbior
1644 4590 1856 4666 interrogatus

1068 4694 1110 4755 ab
1123 4694 1333 4770 Assyriorum
1347 4691 1495 4768 priucipe
1511 4687 1711 4760 Holoferne,
1726 4703 1789 4766 qua
1803 4686 1858 4745 vir-

1068 4794 1137 4854 tute
1147 4794 1308 4868 quusque
1316 4789 1404 4865 regis
1415 4786 1562 4864 potentia
1571 4786 1724 4848 confisus
1734 4783 1858 4863 populus

1070 4891 1171 4952 lsrael
1187 4892 1259 4966 eJus
1274 4888 1450 4964 imperium
1472 4884 1752 4962 contempsisset:
1765 4887 1859 4957 Popu-

1070 4989 1131 5060 lus,
1149 4988 1265 5064 inquit,
1281 4987 1344 5048 iste
1360 4983 1627 5046 colitDominum
1645 4986 1753 5043 Deum
1767 4979 1857 5041 coelia

1069 5091 1164 5163 cujus
1178 5087 1306 5146 cultura
1318 5084 1588 5161 quotiescumque
1601 5081 1754 5151 recessit,
1778 5078 1858 5139 datus

1070 5185 1171 5246 tuitin
1183 5183 1337 5261 praedem‚
1351 5181 1496 5258 gladium
1508 5181 1540 5240 et
1551 5179 1769 5255 opprobrium
1779 5189 1859 5252 ;que

1068 5284 1131 5345 ties
1144 5298 1222 5346 vero
1238 5280 1390 5358 penituit
1413 5281 1446 5340 et
1466 5278 1625 5339 clamavit
1640 5278 1683 5337 ad
1699 5275 1858 5338 Dominum

1070 5384 1171 5441 Deum
1187 5397 1294 5451 suum,
1310 5379 1398 5440 dedit
1412 5378 1442 5438 ei
1459 5377 1616 5438 virtutem
1637 5376 1671 5437 et
1692 5373 1858 5453 potentian

1070 5531 1218 5659 Αιῖιθὲιξῖἰ.
1241 5529 1285 5602 (f)
1302 5528 1373 5588 Vide
1381 5529 1543 5601 superiores
1556 5526 1681 5596 litteras,
1691 5540 1721 5583 n.
1736 5533 1858 5586 cxxxvur,

1068 5617 1123 5658 co.
1197 5646 1203 5657 .
