3802 6166
54 340 113 401 alo
484 338 571 397 XXI.
586 366 628 383 -·
646 336 691 398 IN
713 336 844 399 rasio
865 336 1017 397 SANCTI
1039 336 1280 397 hhuadarii.
1649 338 1710 399 ato

56 494 319 561 sollicitudinem
333 512 434 574 super
454 496 551 570 alios,
569 496 656 559 sicut
670 496 748 559 sunt
769 512 860 573 prae-
914 495 1199 573 Impoenitentihus
1218 510 1298 559 uero
1320 511 1386 557 non
1410 495 1518 558 solum
1538 512 1641 575 grave
1654 496 1712 559 sed

55 596 124 658 lati.
148 596 366 657 correctione
387 595 423 655 in
438 594 627 657 hominibus
643 596 758 669 malis;
774 594 861 655 sicut
913 610 1044 671 semper
1069 596 1120 655 esi
1143 610 1331 665 onerosum,
1349 593 1405 654 sed
1423 594 1523 655 etiam
1539 594 1711 673 periculo-

56 694 134 755 sunt
150 692 203 754 illi
226 692 306 754 laici
321 692 378 770 qui
403 691 527 754 habent
547 694 740 769 potestatem
760 707 861 769 super
914 708 985 752 sum
1000 708 1059 770 pro
1070 694 1196 754 aeterna
1212 709 1309 771 qnam
1326 692 1468 753 subeunt
1486 692 1710 754 damnatione.

56 792 155 854 malis
169 790 375 862 hominibus,
391 790 477 852 sicut
488 806 596 867 reges,
611 791 788 868 principes,
806 806 860 851 se-
954 793 1076 852 Eorum
1092 807 1165 867 quae
1181 792 1407 867 postmortem
1423 807 1495 852 esse
1511 806 1713 852 commemo-

57 892 207 960 ratores,
220 889 352 966 jndices
367 891 400 952 et
414 889 507 950 multi
523 889 592 949 alii.
613 890 859 950 sustentatione
913 888 1072 960 ravimus,
1100 889 1242 965 primum
1274 890 1325 951 est
1345 889 1594 965 purgatorium,
1625 887 1711 965 quod

56 1003 262 1066 pauperum
289 986 385 1058 idest,
411 986 644 1063 eleemosynis,
672 987 758 1048 sicut
783 987 859 1046 sunt
914 1002 954 1062 pa
974 988 987 1048 t
1011 988 1150 1049 mortem
1165 986 1340 1048 animabus
1356 986 1581 1064 expurgandis
1603 987 1711 1062 depu-

56 1085 104 1147 illi
116 1084 178 1163 qui
192 1084 317 1146 babent
329 1100 443 1145 curam
458 1085 492 1146 et
503 1084 761 1147 sollicitudinem
776 1100 860 1161 pau·
914 1085 1017 1145 tatum
1032 1088 1092 1146 est.
1109 1084 1295 1147 Secundum
1311 1075 1527 1156 exactorium,
1543 1084 1621 1163 quia
1636 1082 1713 1144 ani-

56 1198 173 1261 perum
211 1182 247 1243 in
281 1181 501 1260 eleemosynis
534 1183 568 1244 et
593 1182 669 1243 aliis
704 1182 859 1259 operibus
914 1181 1030 1243 mabus
1040 1199 1170 1261 semper
1179 1184 1354 1261 puniendis
1365 1183 1415 1245 est
1427 1182 1710 1261 praedestinatum.

56 1280 245 1343 charitatis.
260 1279 318 1341 lsti
334 1279 469 1342 audient
485 1283 649 1343 :Batrioi
671 1281 706 1342 et
719 1281 860 1342 dedistis
914 1283 984 1342 Hoc
998 1281 1040 1341 ad
1054 1281 1248 1342 memoriam
1261 1283 1408 1344 nostram
1424 1297 1491 1342 non
1504 1279 1712 1342 incommode

56 1382 141 1440 mibi
152 1379 369 1439 anandticare
385 1376 516 1457 (Matth.
532 1394 612 1449 xxv,
627 1376 692 1455 35).

93 1476 258 1553 Sequitur
274 1490 282 1535 ε
298 1476 355 1537 Me
372 1476 550 1549 sequatur,
567 1474 664 1547 idest,
690 1490 742 1536 me
755 1474 861 1536 imite-

55 1576 121 1646 tur,
139 1574 177 1635 ut
191 1572 280 1634 sicut
289 1588 352 1647 ego
367 1588 440 1633 sum
453 1572 542 1633 mitis
555 1573 588 1634 et
601 1572 737 1633 humilis
748 1572 858 1646 corde,

55 1672 101 1733 ita
117 1672 154 1733 et
167 1670 243 1747 ipse
263 1668 318 1731 sit.
339 1672 379 1731 Et
400 1669 485 1732 sicut
500 1686 561 1747 ego
581 1670 621 1731 de
639 1669 791 1731 omnibus
804 1668 859 1730 ai-

55 1768 205 1831 llnenter
227 1768 261 1829 et
287 1782 355 1828 non
380 1767 580 1845 impropero,
606 1769 654 1829 ita
673 1769 706 1829 et
723 1766 862 1845 quilibet

58 1866 269 1927 christianus
293 1863 395 1926 iaciat
409 1865 590 1927 secundum
606 1866 859 1943 possibilitatem

56 1980 165 2025 snam.
176 1963 250 2035 Vel,
265 1978 322 2025 ane
335 1965 513 2037 capitatur,
530 1964 626 2035 idest,
646 1979 698 2024 me
712 1964 861 2026 imitetur

56 2061 89 2122 in
109 2060 352 2139 predicatione
365 2060 572 2137 prudentem,
590 2062 624 2122 iu
640 2062 776 2123 servitio
792 2062 860 2122 hu-

55 2158 181 2230 milem,
199 2158 453 2220 incorrectione
469 2161 690 2231 mansuetum,
708 2161 742 2220 in
757 2158 861 2235 largi-

54 2258 124 2319 tate
151 2256 346 2333 benignum.
378 2256 425 2317 Et
460 2260 517 2318 obt
551 2273 631 2319 ειιιιι
656 2272 727 2333 ego,
758 2260 802 2317 ibt
827 2257 861 2317 et

54 2355 222 2418 mliiister
239 2368 339 2415 meto
357 2355 425 2415 erit
443 2351 553 2431 (ioan.
570 2370 630 2426 ιιι,
652 2354 716 2433 26).
732 2354 860 2431 Ubique

56 2456 105 2515 est
130 2451 285 2513 Christus
308 2466 367 2528 per
387 2451 648 2528 magnitudinem
664 2468 733 2512 suae
747 2452 862 2513 inlini-

58 2551 152 2622 tatis,
183 2549 281 2621 idest,
318 2549 737 2626 incomprehensibilitatis,
769 2549 862 2611 Unde

58 2648 238 2711 l’salmista
253 2669 262 2708 ε
275 2649 425 2724 Magnas
447 2651 614 2710 Dominus
635 2649 668 2709 at
686 2651 863 2711 tardabitis

59 2750 174 2817 aimo,
198 2744 233 2807 et
255 2747 505 2822 aiapadadods
519 2750 594 2819 aas
614 2762 682 2808 raon
708 2748 759 2807 est
782 2747 863 2819 diets

61 2842 128 2921 (Ρε.
145 2858 255 2913 narn,
271 2840 318 2919 2).
340 2845 378 2903 ln
393 2843 476 2903 coelo
489 2844 541 2904 est
560 2843 777 2905 manifestans
789 2844 864 2919 glo-

61 2942 144 3003 riam
160 2940 358 3018 majestatis,
375 2940 410 3000 in
425 2942 547 3001 mundo
563 2941 744 3018 perferens,
764 2940 861 3012 idest,

64 3038 158 3101 raldo
173 3038 286 3100 ferens
300 3038 443 3113 gratiam
464 3037 633 3101 bonitatis.
651 3039 766 3100 Gratia
778 3039 864 3099 dici-

64 3140 123 3211 tur,
149 3136 231 3215 quia
255 3135 360 3212 gratis
383 3134 491 3207 datur,
508 3138 541 3197 et
564 3138 614 3198 est
635 3136 755 3213 gratia,
778 3138 863 3198 idest

64 3233 276 3312 acceptabilis
289 3233 479 3309 accipienti.
501 3237 538 3295 ln
554 3234 687 3296 interno
702 3250 862 3295 exercens

62 3332 219 3409 judicium
233 3332 417 3409 potestatis,
434 3332 488 3393 his
504 3333 560 3409 qui
575 3333 653 3394 sunt
668 3333 815 3393 damuati
828 3333 862 3391 in

66 3430 189 3491 interno
202 3429 312 3492 reddit
321 3446 381 3507 pro
390 3430 565 3490 maleilciis
577 3430 677 3506 digna
687 3429 860 3505 supplicia,

67 3528 143 3591 sicut
157 3543 219 3605 pro
242 3528 338 3589 suavi
351 3527 453 3589 odore
480 3526 523 3588 loe
524 3527 642 3599 torem,
659 3543 718 3603 pro
735 3527 862 3588 carnali

10 3623 239 3699 dulcedine
252 3625 521 3686 amaritudinem.

10 3744 12 3793 ι
101 3723 259 3799 Legimus
274 3723 360 3800 quod
376 3723 521 3800 quinque
536 3722 613 3783 sunt
632 3737 756 3799 genera
779 3737 862 3799 sup-

10 3876 12 3885 .
10 3818 261 3894 'pliciorum:
286 3819 352 3881 duo
378 3821 456 3881 ante
483 3822 634 3891 mortem,
665 3820 837 3881 tertium
827 3836 863 3881 ιιι

50 3920 176 3987 -morte,
202 3919 237 3979 et
264 3916 328 3979 duo
352 3919 426 3995 post
450 3920 601 3978 mortem.
632 3918 767 3978 illorum
790 3934 863 3995 quac

73 4018 137 4077 aute
155 4016 296 4078 mortem
308 4016 547 4093 sunt,primum
558 4016 761 4077 laboriosum
772 4016 864 4077 estet

72 4111 316 4179 inimatuosum.
341 4129 406 4191 quo
421 4113 600 4175 saeculares
622 4129 735 4174 curam
752 4115 863 4176 carnis

72 4206 100 4269 iu
110 4210 286 4272 desideriis
300 4210 458 4272 iacientes
470 4212 671 4271 cruciantur.
687 4212 749 4283 Qui
763 4212 864 4272 nimi-

72 4322 134 4369 rum
148 4309 259 4387 paenis
270 4310 304 4371 et
318 4308 427 4370 taediis
438 4308 648 4385 gravioribus
659 4308 861 4381 afficiuntur,

72 4407 156 4484 quasi
169 4406 229 4484 qui
244 4407 440 4484 paupertate
455 4407 644 4468 voluntaria
659 4407 861 4481 affliguntur.

71 4504 252 4565 Secundum
276 4520 344 4565 non
365 4505 415 4566 est
429 4520 607 4565 onerosum
633 4505 690 4564 sed
715 4503 865 4565 fructuo-

69 4616 143 4675 sum,
159 4618 228 4680 quo
239 4603 437 4679 poenitentes
453 4603 575 4663 saeculo
587 4601 650 4662 lide
664 4603 696 4665 et
708 4602 863 4679 operibus

67 4700 294 4762 renuntiantes
322 4700 487 4776 castigant
511 4716 630 4779 corpus
655 4716 751 4760 suum
775 4701 809 4761 et
828 4700 862 4760 in

66 4799 257 4860 servitutem
278 4797 443 4874 redigunt.
467 4798 614 4859 Tertium
629 4813 707 4859 vero
724 4797 809 4876 quod
829 4797 863 4857 in

65 4900 166 4959 morte
182 4896 245 4963 est,
260 4897 328 4956 tam
341 4895 576 4973 paenitentibus
592 4912 690 4973 qnam
708 4895 864 4972 impaeni-

65 4994 207 5056 tentibus
223 4994 287 5055 etsi
304 5010 371 5059 noa
393 4994 556 5065 omnihus,
572 4994 614 5055 sit
628 4993 861 5071 periculosum,

63 5092 215 5155 omnibus
232 5093 343 5153 tamma
359 5107 461 5167 grare
477 5095 526 5153 est
550 5094 583 5153 et
602 5091 861 5153 formidolosum.

63 5190 222 5257 Omnibus
239 5188 501 5258 formidolosum,
533 5190 611 5269 quia
637 5189 790 5251 omnibus
814 5189 865 5249 est

63 5302 252 5360 onerosum,
264 5286 411 5364 quandiu
424 5287 525 5349 anxia
536 5288 680 5351 exeundi
695 5288 865 5348 coarctan-

63 5390 114 5447 tur
138 5386 394 5449 exercitatione.
412 5385 475 5446 Sed
501 5401 567 5445 non
580 5385 731 5447 omnihus
744 5386 795 5446 est
811 5401 864 5462 pe·

63 5486 263 5555 riculosum,
288 5483 367 5563 quia
400 5483 635 5561 paenitentibus
667 5484 863 5561 quandoque

64 5586 113 5645 est
135 5583 334 5661 gloriosum,
366 5598 440 5643 cum
463 5582 585 5643 astanti
608 5585 682 5661 post
703 5582 864 5659 parietem

66 5680 275 5745 occurrerint
289 5680 324 5741 in
339 5680 548 5743 transitionis
567 5680 862 5743 consummatione.

914 1379 1100 1451 revocatur,
1127 1380 1204 1456 quia
1220 1379 1337 1440 saltem
1352 1395 1411 1457 per
1423 1379 1558 1442 timores
1580 1377 1712 1456 suppli-

914 1476 1041 1537 ciorum
1062 1493 1154 1538 mens
1170 1477 1335 1538 excitatur
1349 1477 1390 1537 ad
1406 1475 1605 1538 celebranda
1629 1474 1713 1537 testa

916 1574 1039 1635 civium
1052 1590 1282 1652 supernorum.
1300 1576 1374 1636 Non
1390 1575 1442 1635 est
1460 1574 1639 1651 superflua,
1655 1571 1712 1633 sed

914 1672 1012 1733 valde
1036 1673 1226 1734 necessaria
1250 1674 1301 1734 est
1321 1672 1508 1733 recordatio
1525 1670 1711 1748 supplicio-

914 1785 999 1842 rum,
1025 1771 1215 1845 invigilanti
1249 1770 1385 1833 cuilibet
1407 1769 1582 1846 acquisitio
1609 1768 1713 1845 spiri-

915 1868 1056 1929 tualium
1067 1868 1275 1944 gaudiorum,
1291 1870 1368 1946 quia
1380 1884 1439 1946 per
1448 1866 1714 1929 recordationem

915 1968 1049 2027 aeternae
1065 1966 1288 2029 damnationis
1298 1966 1465 2045 expellito
1481 1982 1516 2026 se
1531 1981 1623 2025 mens
1637 1963 1713 2025 dul-

915 2064 1066 2126 cedinem
1082 2065 1227 2126 carnalis
1238 2065 1460 2126 dilectationis
1474 2087 1482 2139 ;
1507 2064 1539 2125 et
1553 2061 1712 2140 quidquid

916 2163 1082 2224 contraxit
1096 2178 1139 2223 ex
1153 2162 1227 2224 labe
1251 2163 1406 2224 humanae
1421 2160 1643 2238 cagitationis,
1660 2161 1716 2220 to-

915 2261 984 2321 tum
1000 2259 1105 2322 abluit
1117 2275 1160 2320 ex
1170 2276 1256 2338 aqua
1267 2260 1541 2336 compunctionis,
1554 2258 1590 2318 ut
1600 2258 1714 2333 postea

916 2356 1082 2418 exhilaret
1096 2356 1214 2418 faciem
1232 2357 1267 2418 in
1285 2357 1357 2419 oleo
1372 2356 1598 2418 exultationis.
1616 2354 1714 2414 Prius

916 2454 1005 2515 enim
1029 2454 1126 2516 datur
1146 2454 1242 2516 nobis
1265 2455 1426 2531 irriguum
1449 2452 1600 2524 interius,
1627 2451 1714 2513 unde

916 2554 1029 2629 potum
1042 2552 1256 2630 propinamus
1269 2553 1303 2613 in
1319 2553 1476 2631 lacrymis
1484 2552 1519 2612 in
1535 2564 1691 2611 mensura
1704 2571 1713 2624 ;

917 2654 1031 2727 postea
1060 2650 1222 2727 irriguum
1251 2650 1416 2728 superius,
1447 2647 1579 2728 quando
1616 2647 1713 2708 fietus

918 2748 1062 2827 erumpit
1072 2764 1131 2825 pro
1146 2749 1268 2825 gaudio
1283 2750 1323 2810 de
1337 2748 1436 2810 rania
1451 2748 1628 2808 consecuta
1641 2767 1648 2805 :
1660 2745 1715 2807 vel

918 2846 1004 2924 quod
1036 2848 1124 2923 sapit
1144 2847 1286 2919 dulcius,
1308 2846 1440 2924 qnando
1464 2861 1558 2906 mens
1586 2843 1716 2905 terrore

918 2945 1090 3006 charitatis
1106 2946 1262 3017 aestuans,
1280 2945 1312 3006 et
1326 2960 1452 3005 moram
1467 2943 1536 3021 pati
1562 2942 1716 3003 nesciens

918 3041 1026 3105 fundit
1040 3042 1216 3121 lacrymas,
1229 3043 1314 3120 quod
1330 3043 1386 3102 diu
1401 3041 1593 3103 retardatur
1607 3055 1626 3101 a
1641 3039 1716 3116 glo-

917 3140 980 3212 ria,
998 3140 1112 3201 dicens
1132 3141 1219 3202 intra
1242 3157 1277 3201 se
1290 3156 1371 3201 voce
1384 3139 1533 3217 quaerula
1551 3161 1558 3199 :
1576 3140 1716 3205 Qttdndo

918 3242 1056 3300 vertiam
1075 3239 1108 3300 et
1122 3242 1294 3314 apparebo
1316 3239 1397 3299 aitte
1410 3240 1536 3312 sociem
1555 3236 1716 3297 Damiatl

919 3334 988 3414 (Ρε.
1006 3337 1055 3407 41,
1072 3335 1118 3414 3).

958 3433 1018 3494 Ille
1031 3434 1289 3508 potestatamare
1300 3432 1355 3509 qui
1367 3434 1417 3493 est
1431 3433 1465 3492 in
1482 3431 1612 3491 inferno
1623 3452 1630 3490 :
1643 3432 1716 3490 lleu

918 3546 980 3601 ma,
1001 3532 1106 3591 mater
1127 3545 1212 3601 mea,
1229 3529 1357 3606 utquid
1378 3544 1431 3589 me
1445 3528 1591 3604 genuisti
1611 3526 1716 3586 filium

919 3628 1053 3697 doloris,
1068 3627 1172 3687 lilium
1185 3626 1418 3687 amaritudinis
1430 3628 1463 3687 et
1477 3624 1716 3701 indignationis

919 3726 951 3785 et
961 3725 1155 3801 plorationis
1167 3726 1310 3786 aeternae.
1320 3726 1385 3784 Cur
1395 3725 1552 3799 exceptus
1561 3722 1714 3798 genibus,

919 3838 979 3884 cur
991 3822 1132 3883 lactatus
1154 3821 1322 3894 uberibus,
1344 3822 1442 3883 natus
1459 3821 1493 3880 in
1511 3819 1717 3881 combustio-

918 3919 1718 3996 nametcibusignistdaaredeosdwedaaaisti

917 4014 1062 4085 laetorii
1076 4020 1211 4080 attiliani
1220 4018 1442 4091 corazanptas
1452 4031 1573 4089 cascia,
1586 4031 1718 4078 aeaeri-

918 4120 970 4176 tas
985 4131 1040 4176 rae
1057 4116 1201 4177 videret.
1217 4119 1377 4176 iluissem
1392 4117 1492 4189 qaasi
1507 4117 1566 4188 qui
1577 4129 1646 4176 ιιοιι
1661 4128 1719 4175 es-

918 4227 1001 4284 sem,
1020 4214 1229 4274 traastataai
1247 4216 1291 4274 ad
1307 4214 1479 4273 iacincto-m
1492 4210 1578 4289 (lob.
1595 4228 1628 4283 x,
1648 4209 1712 4290 18).

920 4310 1089 4387 Siquidem
1102 4310 1222 4375 melius
1235 4311 1306 4371 erat
1319 4310 1361 4379 ei,
1370 4310 1397 4370 si
1410 4310 1507 4370 natus
1518 4325 1584 4370 non
1596 4309 1715 4369 luisset

918 4408 1016 4468 homo
1040 4408 1108 4479 ille,
1132 4408 1210 4487 quia
1226 4408 1317 4469 ducit
1335 4408 1467 4485 quidem
1483 4407 1628 4467 inbonis
1643 4406 1714 4467 dies

918 4521 1007 4579 suos,
1040 4507 1073 4567 et
1093 4506 1128 4571 in
1163 4506 1284 4585 puncto
1310 4505 1352 4567 ad
1374 4504 1505 4566 inferna
1531 4504 1713 4565 descendit.

920 4605 1002 4664 Ecce
1030 4603 1136 4680 judex
1164 4604 1241 4665 ante
1263 4604 1400 4680 januam
1429 4603 1565 4664 assistit.
1591 4604 1715 4662 Tamen

918 4700 1030 4772 etiarn,
1050 4701 1230 4763 secundum
1249 4700 1498 4777 Philosophum,
1518 4698 1714 4759 meticulosa

918 4813 972 4858 res
987 4799 1038 4860 est
1052 4800 1145 4859 adire
1156 4799 1302 4875 jndicem
1318 4798 1350 4859 et
1364 4794 1483 4873 pavere
1501 4795 1625 4873 judicis
1639 4795 1716 4856 vul-

919 4897 999 4957 tum.
1016 4896 1075 4957 His
1095 4896 1150 4972 qui
1164 4899 1242 4956 sunt
1255 4896 1290 4956 in
1301 4894 1422 4955 mundo
1435 4893 1491 4954 dat
1502 4893 1606 4969 gratis
1620 4894 1716 4955 varia

918 4993 1078 5055 beneficia
1093 4996 1126 5055 et
1139 4997 1288 5070 tempora
1300 4990 1482 5053 fructifera.
1499 4991 1571 5062 His,
1586 4990 1717 5068 quiglo·

919 5093 1094 5155 rilicantur
1113 5092 1148 5152 in
1168 5092 1263 5163 coelo,
1281 5090 1417 5168 praemia
1440 5090 1651 5167 sempiterna.
1663 5089 1712 5151 lbi

919 5190 983 5251 erit
1004 5190 1155 5251 minister
1164 5188 1286 5249 Christi
1302 5203 1376 5249 cum
1387 5187 1529 5249 Christe.

960 5288 1116 5365 Sequitur
1138 5307 1145 5346 ε
1169 5288 1206 5347 Si
1231 5289 1308 5360 picis
1335 5288 1420 5347 racilii
1446 5285 1714 5357 ministraverit,

918 5379 1712 5462 tronarifiaaoticontraiermaasdaan.xn,26).

917 5480 1053 5558 Triplici
1083 5480 1209 5540 honore
1239 5478 1472 5541 honorificabit
1499 5479 1620 5541 electos
1648 5481 1716 5539 Do-

918 5580 1028 5640 minus
1059 5599 1066 5639 :
1104 5578 1265 5654 dignitate
1305 5577 1433 5654 regali,
1480 5576 1715 5638 cohaereditate

918 5677 1052 5749 Christi,
1076 5677 1109 5738 et
1131 5675 1348 5738 similitudine
1368 5675 1437 5737 liei.
1461 5675 1638 5752 Dipattoie
1657 5690 1717 5735 re-
