3802 6166
76 302 139 363 357

79 458 219 523 deamus
245 462 352 526 modis
374 465 525 529 omnibus
547 470 698 547 augendo
722 471 873 551 diligere,

77 560 113 622 et
146 560 314 639 diligendo
348 579 549 642 propagare3
583 585 754 647 nunquam
787 574 875 634 enim

77 655 273 734 obsequium
289 662 357 721 Deo
371 664 502 736 gratum
522 665 735 742 impenditur,
752 669 816 730 nisi
832 687 875 731 ex

78 755 192 816 radice
205 757 355 819 caritatis
367 762 534 836 procedat,
549 766 582 825 et
594 781 613 825 a
627 765 800 843 religionis
814 785 876 845 pu·

78 853 179 915 ritate
195 855 341 933 undique
356 858 571 922 custodiatur.
590 864 744 938 Proinde,
763 865 875 928 dilecti

79 953 115 1013 in
130 954 270 1014 Domino
285 954 357 1027 filii,
370 958 489 1019 vestris
503 960 716 1035 petitionibus
727 963 877 1025 clemen·

80 1052 131 1111 ter
155 1052 357 1125 annuentes
382 1055 557 1118 ecclesiam
583 1060 615 1119 S.
640 1062 755 1121 Mariae
777 1064 875 1139 juxta

79 1148 232 1210 Rhenum
254 1152 413 1227 positam3
434 1156 609 1217 ecclesiam
627 1160 660 1218 S.
683 1160 824 1222 Andreae
839 1161 874 1222 in

13 1296 28 1321 ,
76 1247 277 1323 Τ33·133113;
295 1250 472 1313 ecclesiam
493 1256 525 1314 S.
543 1256 674 1317 Domini
684 1258 783 1334 Juxta
797 1257 876 1320 ban·

76 1345 382 1422 gium;·ecclesiam
399 1352 431 1410 S.
447 1352 551 1412 Blasii
566 1353 606 1414 de
625 1356 807 1434 Gasaliola;
824 1374 876 1420 eo·

76 1444 214 1505 31331331
236 1447 268 1505 S.
294 1446 411 1509 Mariae
434 1448 475 1509 de
494 1451 605 1513 Monte
632 1454 805 1531 Guardiae3
825 1472 876 1517 ee-

78 1542 218 1603 clesiam
239 1545 271 1603 S.
287 1545 403 1605 Jacobi
418 1546 458 1607 de
473 1548 556 1609 Casa
571 1550 641 1623 Dei,
658 1551 711 1612 vel
731 1553 759 1612 si
776 1569 874 1630 quam

77 1639 179 1700 aliam
196 1640 452 1715 aedificaveritis,
467 1645 519 1706 vel
529 1648 752 1723 acquisieritis
763 1651 798 1711 in
809 1667 874 1728 qua

77 1738 217 1809 vacatis,
238 1739 291 1799 vel
310 1741 471 1802 vacabitis
489 1743 601 1805 divino
621 1746 744 1822 oillcio;
763 1749 795 1809 31
814 1765 873 1809 ec-

78 1836 215 1897 clesiam
247 1839 280 1897 S.
312 1838 493 1900 salvatoris
518 1844 737 1905 Bononiensis
766 1848 876 1909 eccle-

79 1934 139 1994 siae
165 1935 281 1996 matris
307 1940 431 1998 nostrae
462 1939 636 2016 privilegio
667 1942 875 2005 decrevimus

75 2032 287 2093 muniendas.
317 2035 360 2096 Ut
383 2035 485 2113 igitur
509 2037 659 2099 locorum
687 2043 874 2104 vestrorum

75 2131 172 2207 quies
199 2146 258 2209 per
279 2132 337 2192 Dei
362 2134 504 2208 gratiam
529 2136 722 2213 tranquilla,
748 2140 780 2202 et
804 2141 874 2202 tuta

74 2228 244 2304 persistat,
266 2230 453 2305 statuimus,
475 2234 511 2295 ut
527 2235 694 2310 praedictas
710 2237 872 2311 ecclesiae,

73 2343 151 2387 cum
167 2327 237 2388 suis
253 2327 363 2401 rebus,
388 2330 453 2391 tam
473 2332 660 2406 mobilibus
685 2350 783 2411 quam
805 2336 873 2396 im-

75 2425 265 2495 mobilibus,
271 2428 361 2503 juste
377 2427 440 2489 sibi
451 2430 702 2506 pertinentibus
715 2432 751 2493 in
762 2434 873 2494 omni-

73 2522 150 2594 bus,
167 2526 200 2586 et
215 2540 274 2601 per
288 2526 410 2599 omnia,
425 2527 492 2590 sint
506 2527 620 2589 liberae
633 2528 674 2590 ab
687 2531 777 2591 omui
790 2547 873 2593 con-

73 2621 218 2695 ditione,
250 2623 348 2702 atque
381 2626 533 2694 servitio,
563 2628 776 2701 seutributo,
806 2631 874 2692 tam

75 2720 332 2794 monachorum,
355 2723 389 2784 et
407 2723 620 2795 clericorum,
644 2742 743 2803 quam
764 2726 873 2789 laico·

79 2834 168 2891 rum,
182 2819 234 2881 vel
251 2819 393 2897 aliquus
408 2822 475 2882 tam
489 2838 612 2899 parrae,
631 2840 729 2901 quam
743 2842 873 2902 magnae

80 2932 230 2995 personae
255 2917 418 2992 dominio,
444 2922 565 2996 praeter
592 2922 781 2999 episcopale
803 2927 870 3001 jus.

74 3017 218 3093 Insuper
228 3015 334 3088 vobis
346 3018 532 3095 vestrisque
543 3021 791 3083 successoribus
802 3037 873 3099 per·

75 3114 255 3191 petualiter
269 3115 490 3188 concedimus,
505 3119 542 3178 ut
553 3117 617 3179 hoc
631 3134 760 3195 quoque
775 3120 873 3182 modo

75 3211 213 3289 adjus,
231 3212 302 3274 sive
326 3213 454 3289 dejure
482 3215 632 3276 ecclesiae
659 3217 781 3278 nostrae
803 3220 872 3279 Bo-

73 3310 250 3371 noniensis
263 3310 403 3384 habetis,
419 3314 451 3375 et
461 3313 627 3386 detinetis
643 3330 702 3375 seu
715 3313 749 3374 in
762 3313 873 3377 futuro

69 3409 163 3485 13313
178 3409 373 3487 acquisituri
388 3410 479 3482 estis,
494 3411 565 3472 sive
580 3428 600 3473 a
613 3411 874 3490 quibuscumque

73 3506 165 3578 aliis,
175 3507 479 3586 quomodocumque
490 3508 875 3582 vobisautvestrissuc·

75 3604 267 3667 caesoribus
281 3605 408 3684 aliquid
426 3608 517 3686 juste
536 3607 720 3680 obvenerit,
742 3608 813 3670 sive
833 3608 874 3669 ab

76 3703 155 3765 aliis
170 3703 332 3777 ecclesiis,
349 3705 401 3766 vel
417 3705 580 3783 personis,
594 3706 663 3767 tam
676 3707 874 3768 clericorum

72 3817 178 3880 quam
197 3802 358 3864 laicorum
379 3803 519 3875 hahetis,
539 3803 593 3865 vel
608 3804 775 3876 detinetis,
793 3806 827 3866 et
840 3805 875 3865 in

76 3899 177 3959 antea
185 3899 276 3975 Juste
288 3898 523 3976 acquisieritis,
537 3898 571 3960 in
584 3899 733 3972 decimis,
749 3900 878 3961 scilicet

75 3995 111 4057 in
127 3996 295 4073 primitiis,
312 3998 345 4059 et
359 3996 437 4058 aliis
453 3997 713 4075 quibuscumque
729 3998 876 4060 fidelium

75 4093 312 4168 oblationibus,
331 4096 400 4156 tam
416 4095 569 4156 vivorum
585 4111 684 4173 quam
699 4095 875 4158 detuncto-

73 4208 162 4265 rum,
178 4195 286 4255 terras
304 4209 445 4271 quoque,
460 4194 588 4265 vineas,
605 4196 638 4256 31
652 4194 785 4267 oliveta,
807 4194 878 4270 syl·

80 4307 142 4353 vas
172 4307 246 4353 cum
272 4292 394 4369 pratis,
422 4294 455 4354 et
480 4292 700 4369 piscationes,
722 4293 875 4370 paludes,

80 4405 187 4467 aquas
202 4405 276 4451 cum
291 4390 443 4451 omnibus
458 4389 572 4451 usibus
588 4406 714 4463 earum,
729 4391 875 4464 colonos,

79 4489 114 4549 et
135 4487 330 4564 inquilinos,
355 4487 591 4549 dominicatum
615 4490 648 4549 31
668 4488 875 4562 ordinatum,

80 4585 235 4657 divisum,
254 4586 286 4647 et
300 4585 491 4657 indivisum,
508 4585 632 4647 cultum
651 4587 684 4647 et
702 4586 875 4659 incultum,

79 4684 207 4753 omnia,
219 4685 305 4745 etex
315 4684 479 4755 omnibus
494 4699 569 4745 cum
581 4684 746 4745 universis
762 4685 878 4746 usibus

80 4782 165 4850 suis,
186 4782 253 4842 tam
278 4781 449 4844 fructifera
471 4798 570 4860 quam
593 4781 817 4857 infructifera3
843 4783 878 4843 in

80 4879 250 4941 montibus
274 4879 416 4957 denique
442 4880 533 4942 etin
557 4880 718 4958 planitiis
742 4882 775 4943 et
799 4880 878 4941 ubi-

80 4994 224 5055 cumque
234 4979 330 5039 modo
341 4978 510 5053 detinetis
522 4979 576 5039 vel
587 4994 792 5056 quocumque
801 4981 878 5055 jnre

81 5075 224 5147 habetis,
246 5077 350 5138 autin
367 5076 477 5138 tuturo
492 5075 667 5147 babebitis,
690 5076 743 5138 vel
762 5076 880 5153 acqui-

81 5173 209 5237 sieritis
228 5189 303 5236 cum
320 5175 455 5252 scripto,
472 5174 525 5236 vel
545 5175 618 5235 sine
633 5174 756 5251 scripto
776 5177 879 5235 :Haec

80 5274 195 5335 evitem
210 5273 333 5346 omnia,
351 5273 438 5334 sicut
452 5272 605 5350 superius
623 5271 754 5348 legitur,
771 5272 877 5344 vohis,

80 5372 270 5448 vestrisque
282 5371 532 5432 successoribus
542 5371 577 5430 in
590 5370 715 5431 eisdem
728 5369 879 5431 ecclesiis

59 5456 65 5475 ⁵
82 5469 295 5531 manentibus
310 5485 370 5546 per
384 5469 483 5546 hujus
503 5469 627 5529 decreti
645 5468 799 5545 paginam
815 5469 879 5528 da-

81 5584 173 5638 mus,
198 5567 428 5639 concedimus,
454 5569 553 5644 atque
579 5565 753 5642 largimur,
780 5567 814 5628 31
838 5564 880 5627 ab

82 5666 176 5730 omni
190 5666 337 5739 vinculo,
353 5665 423 5726 sive
441 5664 600 5737 dominio,
616 5666 737 5743 preater
750 5665 881 5743 episco-

710 313 939 377 EPISTOLAE.
962 315 1041 377 LIB.
1065 316 1090 377 1.

1666 320 1727 381 358

929 476 1080 554 palejus,
1094 473 1212 547 libera,
1226 475 1260 536 31
1271 473 1423 538 31331313
1435 473 1477 535 ab
1490 475 1581 536 omni
1590 477 1726 539 contra-

929 573 1059 637 dicente
1074 573 1207 635 bomine
1223 589 1297 634 esse
1312 572 1533 651 praecipimus,
1550 573 1632 635 etin
1647 590 1725 651 per-

929 672 1062 749 petuum
1082 670 1293 733 concedimus
1317 671 1417 748 atque
1438 671 1607 731 tlrmamus
1623 694 1631 731 z
1647 672 1726 737 ritae

929 785 1058 847 quoque
1079 769 1251 831 canonicae
1273 769 1439 839 Ordinem,
1464 784 1562 847 quem
1582 770 1725 847 professi

929 867 1019 939 estis,
1036 867 1210 945 praesentis
1224 866 1392 944 privilegii
1409 869 1607 929 auctoritate
1619 866 1723 929 roho·
1823 900 1826 905 ·

929 982 1058 1040 ramus3
1073 966 1272 1037 sancientes
1285 969 1320 1026 ut
1330 965 1454 1025 nemini
1467 966 1559 1056 inter⁰
1566 982 1635 1037 vos,
1648 982 1722 1044 pro·

929 1063 1071 1124 sessione
1090 1064 1249 1135 exhibita,
1268 1063 1408 1124 liberum
1428 1063 1472 1124 sit
1491 1064 1563 1123 sine
1583 1066 1654 1136 tua,
1674 1063 1727 1125 vel

928 1177 1053 1234 eorum,
1066 1162 1123 1239 qui
1133 1163 1208 1237 post
1218 1164 1250 1222 te
1265 1162 1300 1222 in
1311 1161 1461 1223 ecclesiae
1474 1161 1640 1237 regimine
1653 1178 1726 1223 suc·

928 1260 1100 1331 cesserint,
1112 1260 1171 1321 331
1186 1260 1258 1320 3133
1271 1259 1438 1320 communi
1454 1259 1721 1335 congregationis

929 1357 1075 1425 licentia,
1090 1357 1130 1417 de
1143 1357 1289 1417 claustro
1302 1357 1473 1417 discedere
1489 1378 1497 1417 z
1514 1357 1601 1434 quod
1618 1357 1647 1417 si
1662 1357 1727 1419 dis·

928 1455 1076 1526 cesserit,
1100 1457 1133 1516 et
1151 1454 1371 1516 commonitus
1392 1454 1504 1515 redire
1525 1456 1728 1531 contempse-

928 1553 982 1622 rit,
1003 1552 1063 1613 tibi
1087 1552 1220 1629 tuisque
1244 1551 1493 1613 suecessoribus
1517 1551 1658 1613 13331133
1682 1551 1726 1614 311

927 1649 1090 1727 ejusmodi
1106 1648 1244 1712 ubilibet
1258 1665 1278 1711 a
1293 1650 1362 1710 suis
1376 1648 1494 1710 otllciis
1508 1649 1725 1724 interdicere;

927 1747 1139 1809 interdictum
1154 1746 1265 1807 nullus
1279 1747 1392 1819 abbas,
1407 1747 1478 1809 sive
1492 1747 1650 1823 praelatus
1662 1746 1727 1807 aii-

928 1844 1002 1922 quis
1024 1844 1112 1905 inira
1133 1848 1284 1907 nostrum
1305 1845 1530 1922 episcopatum
1552 1843 1723 1919 suscipiat.

929 1942 1015 2002 Sane
1031 1943 1171 2004 clericos
1188 1943 1384 2004 seculariter
1405 1942 1554 2004 viventes
1575 1942 1616 2003 ad
1638 1957 1724 2002 con-

929 2040 1117 2101 versionem
1130 2041 1300 2116 suscipere
1311 2040 1436 2102 3311133
1446 2038 1726 2116 archipresbyteri

930 2138 1035 2199 nostri
1046 2138 1255 2215 episcopatus
1265 2137 1484 2199 contradictio
1495 2153 1553 2198 vos
1565 2135 1724 2209 inhibeat,

928 2236 1086 2312 quamdiu
1104 2236 1233 2297 scilicet
1245 2236 1331 2313 apud
1347 2252 1406 2297 ros
1422 2235 1576 2297 canonici
1590 2234 1723 2295 Ordinis

927 2334 1032 2405 tenor,
1056 2334 1235 2411 praestante
1259 2333 1594 2408 Domino,viguerit:
1620 2335 1725 2393 Porro

927 2431 1115 2508 sepulturas
1129 2432 1278 2493 locorum
1291 2432 1478 2493 vestrorum
1492 2430 1626 2491 omnino
1641 2427 1728 2490 libe·

927 2544 982 2590 ras
997 2545 1072 2591 esse
1082 2528 1248 2607 Juhemus,
1266 2531 1301 2590 31
1317 2545 1444 2599 eorum,
1461 2528 1518 2605 qui
1533 2543 1569 2588 se
1584 2527 1725 2589 1111333-

926 2626 1024 2704 peliri
1039 2626 1309 2698 deliberaverint,
1325 2626 1492 2688 devotioni
1513 2626 1546 2686 et
1569 2626 1728 2686 extrema

926 2724 1104 2797 voluntati,
1130 2724 1195 2785 nisi
1222 2724 1307 2785 sorte
1333 2722 1612 2785 exeommunicati
1639 2720 1722 2793 sint,

926 2822 1038 2883 nullus
1058 2822 1212 2897 obsistat3
1236 2822 1461 2884 ordinationes
1483 2821 1683 2883 clericorum
1704 2834 1725 2881 a

927 2935 1133 2998 quocumque
1159 2919 1344 2981 malueritis
1375 2919 1538 2981 catholico
1567 2918 1724 2995 episcopo

927 3019 1096 3096 suscipere
1109 3018 1259 3080 locorum
1274 3019 1461 3080 vestrorum
1481 3016 1641 3078 iratribus
1656 3029 1729 3093 per·

927 3117 1104 3191 mittimus
1124 3116 1286 3177 laicorum
1308 3116 1408 3178 etiam
1430 3116 1535 3176 nostri
1555 3115 1725 3191 episcopa-

926 3218 980 3277 tus
1009 3214 1236 3292 susceptiones
1265 3213 1307 3275 ad
1335 3213 1539 3290 disciplinae,
1569 3211 1726 3273 videlicet

927 3312 1102 3388 regularis,
1110 3312 1361 3374 conversionem
1374 3309 1454 3389 (nisi
1462 3309 1546 3371 sorte
1559 3307 1724 3385 legalibus

927 3409 1174 3473 conditionibus
1199 3409 1377 3471 teneantur
1405 3406 1555 3485 obnoxii)
1582 3422 1602 3467 a
1630 3405 1724 3467 nullo

928 3507 1062 3569 homine
1079 3507 1298 3585 permittimus
1314 3504 1483 3579 interdici;
1504 3503 1562 3565 sed
1577 3502 1726 3565 3131331-

928 3621 1042 3668 corum
1064 3605 1253 3676 tonsiones,
1280 3604 1336 3681 qui
1362 3602 1562 3679 regulariter
1590 3601 1626 3661 in
1649 3600 1722 3662 loco

928 3706 1039 3766 vestro
1054 3704 1168 3766 vivere
1180 3719 1240 3781 per
1253 3701 1493 3780 professionem
1514 3698 1726 3761 deliberave-

929 3802 1007 3863 rint.
1036 3803 1216 3863 Fructuum
1239 3802 1350 3862 autem
1371 3800 1569 3869 vestrorum,
1591 3797 1660 3858 tam
1683 3794 1725 3856 de

929 3899 1104 3962 novalibus
1120 3899 1266 3976 praediis,
1278 3898 1426 3975 quamde
1443 3895 1600 3974 antiquis
1612 3910 1632 3955 3
1645 3908 1725 3971 quo·

930 4013 1070 4075 cumque
1102 3997 1271 4066 colantur,
1302 3996 1448 4058 decimas
1480 3994 1553 4054 sine
1582 3991 1725 4069 alicujus

929 4111 1080 4173 personae
1101 4095 1372 4166 contradictione,
1396 4092 1491 4155 vobis
1514 4090 1725 4153 concedimus

930 4192 1144 4266 obtinendas
1155 4194 1188 4255 et
1196 4194 1334 4270 insuper
1344 4190 1449 4263 vobis,
1461 4188 1646 4266 vestrisque
1657 4201 1730 4247 suc·

930 4291 1118 4353 cessoribus
1137 4290 1172 4351 in
1192 4292 1389 4368 perpetuum
1411 4289 1557 4349 decimas
1580 4286 1728 4347 omnium

930 4389 1189 4466 possessionum,
1202 4404 1275 4465 quae
1289 4387 1424 4448 suerunt
1434 4383 1573 4447 Gerardi
1584 4384 1624 4443 de
1636 4382 1726 4454 Sala,

930 4489 963 4548 et
978 4486 1012 4547 in
1026 4488 1142 4548 saneta
1154 4486 1282 4547 Helena
1296 4484 1519 4556 concedimus,
1536 4483 1569 4543 et
1584 4494 1725 4541 conces·

930 4600 985 4645 333
1001 4585 1101 4663 hujus
1120 4582 1289 4661 privilegii
1308 4582 1492 4643 munimine
1511 4579 1725 4651 roboramus

932 4682 1025 4743 salvo
1040 4684 1118 4759 jure
1135 4680 1353 4743 ecclesiarum
1375 4679 1415 4739 de
1433 4677 1521 4749 Sala,
1544 4672 1728 4735 secundum

931 4777 1017 4857 quod
1042 4779 1195 4840 dominus
1223 4777 1391 4839 Gerardus
1418 4776 1593 4852 episcopus
1619 4769 1728 4832 1311313

931 4876 1099 4937 memoriae
1122 4875 1217 4936 vohis
1239 4872 1436 4936 obtinendas
1458 4868 1632 4931 concessit.
1658 4870 1727 4927 De-

932 4974 1099 5035 cernimus
1125 4988 1221 5048 ergo,
1252 4972 1288 5033 31
1315 4969 1398 5030 33111
1426 4968 1598 5029 hominum
1627 4964 1728 5027 liceat

932 5072 1092 5133 ecclesias
1104 5073 1233 5132 vestras
1248 5071 1372 5131 temere
1394 5067 1462 5128 ullo
1482 5066 1578 5127 modo
1592 5064 1728 5141 pertur-

931 5170 1028 5242 bare,
1049 5171 1107 5231 aut
1125 5183 1240 5231 aarum
1258 5166 1484 5244 possessiones
1504 5162 1651 5233 auterre,
1675 5159 1729 5221 vel

933 5267 1061 5330 ablatas
1088 5267 1251 5337 retinere,
1281 5265 1432 5325 minuere
1458 5261 1512 5324 vel
1539 5258 1729 5323 temerariis

932 5365 1164 5427 vexationibus
1187 5363 1358 5439 fatigare:
1381 5361 1439 5422 sed
1461 5359 1572 5420 omnia
1600 5357 1730 5432 integra

933 5465 1182 5534 conserventur,
1198 5463 1232 5523 et
1245 5461 1287 5522 ab
1303 5460 1392 5520 omui
1405 5456 1550 5527 vinculO,
1565 5455 1598 5516 et
1612 5453 1730 5515 condi-

932 5563 1034 5635 tione,
1048 5565 1148 5639 atque
1166 5560 1300 5631 tributo,
1319 5558 1405 5620 sicut
1424 5555 1577 5633 superius
1592 5551 1726 5627 legitur,

934 5661 967 5722 in
991 5662 1187 5739 perpetuum
1210 5657 1436 5723 absolvantur.
1467 5654 1502 5715 Si
1524 5650 1598 5729 quis
1625 5647 1729 5736 igitur
