3802 6166
731 264 958 325 ablatona..
982 263 1060 322 lna.
1085 262 1124 321 ll.
1694 266 1754 325 bia

101 594 155 654 Ad
173 592 328 653 abbatem
349 592 390 652 dc
416 592 607 663 Gratidiam,
624 586 899 664 arclnprcsbutc-

143 707 226 752 aaran
253 693 295 751 cte
309 690 481 751 uastante
496 690 752 767 calamistrum
770 692 901 749 scitota-

143 802 225 847 rma
240 787 406 847 Xeucton.

397 890 433 949 30
441 898 515 963 sept.
527 890 606 947 ltlt.

135 1007 249 1071 [Regest.
265 1006 309 1056 lib.
322 1007 352 1063 ΙΙ,
365 1006 439 1071 epist.
451 1006 509 1056 ott.
520 1007 578 1057 tiss.
589 1008 626 1057 La
638 1006 715 1056 Porto
729 1004 868 1069 delituit]

103 1115 221 1173 limmat
235 1122 264 1171 ut
279 1113 406 1171 doceam
419 1114 653 1187 Birrdigalensein
672 1113 701 1169 in
722 1111 900 1170 sacerdotem

342 1202 468 1261 ordinari
483 1203 665 1276 compellant.

145 1320 321 1387 Honorius.
353 1322 428 1392 etc,
456 1320 585 1383 dilectis
613 1317 692 1380 tiliis
723 1316 901 1380 abbatiale

104 1419 273 1480 Grandim.
304 1420 509 1481 xanctonen.
535 1418 685 1490 dioecesi,
712 1418 901 1495 archipres-

102 1512 219 1593 bytero
244 1516 284 1577 de
302 1518 514 1589 llastadio...,
535 1519 569 1580 et
591 1517 748 1594 magistro
764 1516 899 1577 ecbola-

104 1628 179 1675 rum
195 1616 357 1677 xancton.

145 1712 291 1773 Dilectus
319 1713 409 1773 illius
427 1717 465 1774 A.
483 1712 694 1790 Burdigalae.
721 1712 900 1774 canonicus

105 1811 228 1871 nostris
242 1810 380 1872 auribus
390 1812 566 1883 intimavit,
580 1812 665 1889 quod
681 1812 758 1873 licet
768 1814 803 1872 L.
817 1813 902 1871 Bur-

106 1907 249 1983 digalen.
267 1909 412 1970 decanus
428 1912 498 1987 jam
514 1926 533 1972 a
551 1910 723 1971 duodecim
746 1909 842 1969 annis
869 1910 902 1969 et

104 2006 193 2067 ultra
222 2008 407 2084 possederit
438 2008 653 2081 decanatum,
677 2024 765 2085 saepe
791 2008 901 2069 tamen

103 2105 250 2167 monitus
279 2106 388 2168 noluit
416 2106 450 2166 in
475 2106 702 2185 presbpterum
740 2105 900 2168 ordinari.

102 2204 298 2279 Cumigitur
312 2205 346 2264 in
364 2206 580 2266 lateranensi
603 2205 745 2267 concilio
764 2204 902 2281 provida

102 2300 205 2363 suerit
216 2302 454 2364 deliberatione
466 2304 636 2374 statutum,
650 2304 685 2365 ut
696 2302 812 2364 decani
826 2302 903 2362 tim-

101 2401 225 2477 gantur
250 2400 359 2462 oitlcio
387 2400 579 2473 sacerdotis,
606 2400 798 2463 discretioni
820 2418 900 2463 ves-

102 2500 164 2562 trae
178 2516 237 2577 per
246 2498 434 2576 apostolica
450 2500 573 2577 scripta
587 2499 792 2571 mandamus,
816 2516 902 2577 qua-

102 2604 199 2661 tenus
214 2598 387 2676 praelatum
412 2598 573 2659 decanum
589 2599 625 2660 ut
646 2599 720 2661 sine
742 2598 903 2661 dilatione

106 2696 265 2775 qnalibet,
283 2697 413 2757 statutis
432 2696 647 2773 temporibus,
661 2712 696 2758 se
712 2697 747 2758 in
764 2697 904 2775 presby-

102 2798 211 2857 terum
233 2793 334 2856 iaciat
348 2793 507 2867 ordinari,
524 2795 705 2857 monitione
717 2797 900 2873 praemissa,

103 2908 165 2970 per
178 2892 436 2955 subtractionem
458 2892 610 2955 benetlcii
632 2893 824 2963 decanatus,
845 2911 903 2954 su-

102 2990 192 3052 blato
216 2991 450 3068 appellationis
472 2978 658 3065 obstaculo,
682 2992 900 3070 compelletis.

102 3091 217 3151 Testes
232 3091 354 3162 autem,
381 3093 455 3162 etc,
479 3091 580 3152 nullis
599 3092 720 3153 litteris
740 3091 903 3153 obstanti-

102 3188 167 3249 bus
205 3189 327 3266 praeter
362 3204 534 3249 assensum
568 3190 722 3267 partium.
753 3190 843 3262 Quod
874 3190 901 3249 si

102 3302 171 3347 non
187 3301 312 3359 omnes,
330 3287 405 3360 etc,
418 3287 482 3348 duo
499 3288 656 3349 vestrum.
685 3290 803 3349 Datum
819 3288 901 3349 Ala-

102 3385 158 3457 tri,
177 3387 215 3446 13
229 3384 389 3446 kalendas
400 3385 544 3446 octobris
559 3401 648 3447 anno
663 3386 820 3447 secundo.

461 3556 548 3643 XLI

122 3708 176 3767 Art
191 3707 347 3768 abbatem
361 3709 394 3768 S.
411 3708 656 3769 Bortbotouuai
673 3690 832 3769 Noviom.
848 3709 882 3769 ct

183 3806 219 3866 S.
235 3808 339 3882 Ettptt
356 3806 479 3868 Pontis
492 3808 648 3867 dimersis
661 3808 820 3869 Noviom.

394 3928 430 3985 30
444 3934 516 4001 sept.
534 3929 613 3985 ltlt.

134 4042 253 4107 [begeat.
266 4042 312 4093 lib.
323 4043 355 4104 ll,
369 4043 445 4108 epist.
456 4044 500 4092 ool
523 4044 580 4093 llss.
594 4044 631 4094 La
642 4044 718 4095 Parte
729 4044 765 4095 du
777 4045 870 4109 tuen]

103 4151 160 4207 Bos
175 4150 321 4206 constituit
332 4148 444 4222 jndices
461 4164 546 4223 snper
565 4149 716 4222 praebenda
731 4151 761 4208 in
779 4149 901 4209 ccclesia

309 4238 405 4299 Sancti
416 4239 552 4297 Germani
563 4239 697 4297 Ambian.

143 4356 312 4417 Honorius
345 4356 475 4418 dilectis
506 4357 585 4417 filiis
615 4357 728 4418 Sancti
755 4357 901 4419 Bartho-

954 420 1143 487 dioecesano
1155 421 1219 484 loci
1235 420 1275 485 de
1290 422 1529 500 spiritualibus,
1546 422 1658 489 abbati
1674 442 1752 489 vero

954 521 994 582 de
1008 520 1246 599 temporalibus
1265 520 1406 584 debeant
1429 524 1647 600 respondere3
1665 525 1752 587 idem

954 619 1056 681 abbas
1075 620 1249 697 quiemdam
1263 622 1525 683 concanonicum
1538 638 1635 683 suum
1657 640 1754 685 vene·

955 717 1053 778 rabili
1077 717 1173 780 tratrl
1194 719 1344 780 nostro...
1371 718 1567 784 Ambianen.
1596 722 1752 800 episcopo

955 816 996 877 ad
1020 816 1195 879 ecclesiam
1221 817 1333 878 Sancti
1360 818 1516 879 Germani
1542 819 1751 891 ambianen,

954 930 1052 991 quam
1070 914 1180 995 oona„
1191 916 1360 977 memoriae
1374 916 1435 976 Th.
1451 917 1646 980 Ambianen.
1664 920 1754 995 epis-

954 1027 1056 1089 copus
1078 1013 1119 1073 de
1133 1029 1298 1074 consensu
1315 1014 1452 1090 capituli
1468 1013 1532 1075 sibi
1552 1015 1607 1091 pia
1625 1016 1752 1077 libera-

954 1110 1047 1172 litate
1061 1111 1213 1182 donarat,
1240 1128 1299 1189 per
1313 1112 1461 1189 ejusdem
1483 1115 1677 1176 monasterii
1702 1131 1754 1176 ca·

954 1210 1092 1272 nouicos
1116 1210 1371 1287 procurandam,
1401 1212 1436 1272 et
1462 1211 1557 1272 bonae
1584 1212 1753 1275 memoriae

954 1309 1008 1368 W.
1045 1311 1181 1371 Remea.
1217 1308 1489 1386 archiepiscopus
1526 1310 1751 1383 confirmavit,

955 1405 1040 1467 sicut
1064 1421 1106 1467 ex
1134 1422 1251 1468 eorum
1278 1406 1399 1470 litteris
1427 1423 1590 1485 apparere
1618 1408 1752 1483 dieitur,

955 1504 1115 1565 canonice
1139 1506 1383 1581 praesentasset,
1408 1506 1487 1582 quia
1515 1506 1602 1567 idem
1625 1508 1755 1584 episco-

954 1618 1017 1679 pus
1040 1603 1148 1679 ipsum
1163 1603 1204 1664 ad
1218 1617 1291 1664 eam
1305 1604 1480 1665 admittere
1495 1605 1567 1666 sine
1581 1620 1683 1667 causa
1698 1622 1756 1667 ra·

955 1699 1106 1761 tionabili
1117 1700 1312 1776 denegabat,
1325 1701 1483 1777 praetatus
1493 1701 1595 1763 abbas
1606 1704 1753 1765 sentiens

955 1812 991 1859 se
1005 1813 1046 1858 ac
1060 1814 1157 1859 suum
1176 1799 1414 1860 monasterium
1436 1800 1557 1861 exinde
1578 1800 1752 1863 manifeste

954 1896 1104 1971 gravari,
1141 1898 1291 1958 nostram
1321 1898 1526 1960 audientiam
1562 1900 1752 1976 appellavit.

956 1995 1092 2057 luterim
1108 2010 1186 2056 vero
1201 1995 1424 2072 appellatione
1440 1996 1587 2072 legitime
1609 1999 1657 2059 sic
1673 2014 1755 2075 pen-

956 2091 1066 2165 dente,
1096 2095 1131 2155 Β.
1160 2091 1302 2154 clericus
1326 2094 1366 2155 de
1392 2096 1574 2171 praemissis
1603 2096 1755 2158 omatibus

956 2206 1022 2251 non
1055 2191 1182 2252 iaciens
1217 2193 1431 2265 mentionem,
1467 2194 1500 2255 et
1529 2193 1758 2257 fraudulenter

956 2305 1138 2365 suggerens
1154 2290 1239 2367 qual
1257 2291 1407 2367 praedicti
1427 2291 1529 2352 abbas
1551 2296 1584 2355 et
1607 2310 1755 2356 conven-

956 2389 1009 2448 tus
1034 2392 1248 2451 memoratam
1274 2390 1449 2450 ecclesiam
1464 2406 1524 2468 per
1542 2408 1620 2452 suos
1643 2392 1757 2453 claus-

956 2485 1059 2546 trales
1074 2485 1221 2548 fecerant
1236 2503 1295 2564 per
1308 2488 1497 2565 quindecim
1512 2506 1617 2551 annos
1636 2494 1670 2553 et
1684 2507 1757 2552 eni-

957 2583 1045 2660 plius
1070 2585 1221 2657 detineri,
1248 2602 1312 2647 uon
1334 2589 1488 2649 curantes
1510 2604 1583 2649 eam
1605 2588 1756 2651 conterre

956 2698 1108 2758 personae
1134 2683 1274 2755 idoneae,
1302 2701 1376 2761 quae
1401 2686 1437 2745 in
1458 2686 1543 2763 ipsa,
1560 2689 1658 2763 prout
1676 2704 1757 2749 cum

956 2779 1071 2855 exigit,
1089 2779 1284 2851 deserviret,
1308 2798 1409 2857 quum
1433 2782 1468 2843 in
1496 2783 1637 2846 veritate
1664 2786 1757 2847 illam

956 2877 1080 2939 diutius
1096 2878 1234 2955 pacitlce
1250 2879 1487 2955 possedissent,
1500 2881 1578 2943 ad...
1593 2882 1757 2945 archidia-

957 2991 1075 3037 conum
1096 2976 1287 3039 btrebateu.
1311 2980 1345 3039 et
1367 2980 1439 3055 ejus
1461 2979 1606 3057 collegas
1626 2983 1757 3043 nostras

956 3073 1085 3135 litteras
1097 3075 1295 3152 impetravit,
1310 3078 1356 3149 ut,
1370 3077 1400 3136 si
1411 3078 1499 3139 esset
1511 3078 1568 3151 ita,
1580 3080 1756 3142 ecclesiam

957 3172 1064 3249 ipsam
1088 3172 1152 3233 sibi
1178 3171 1378 3245 conterrent,
1406 3176 1645 3240 nonobstante
1672 3196 1757 3257 qua-

957 3269 1032 3331 dam
1061 3270 1278 3347 indulgentie,
1302 3288 1366 3349 qua
1393 3273 1483 3349 ipsos
1504 3273 1626 3337 abusos
1650 3275 1755 3338 tuisse

956 3354 1104 3440 dicebat,
1134 3370 1267 3449 proviso
1290 3371 1403 3431 tamen
1429 3387 1471 3431 ne
1498 3372 1586 3433 idem
1613 3374 1756 3435 clericus

956 3467 1041 3528 alios
1067 3466 1206 3529 baberet
1228 3467 1387 3539 redditus,
1416 3468 1536 3545 quibus
1562 3486 1642 3533 cura
1671 3472 1756 3535 toret

956 3565 1143 3626 animarum
1166 3582 1308 3627 annena.
1336 3566 1471 3628 l’rmtati
1486 3584 1565 3629 vero
1587 3570 1757 3633 archidia-

956 3680 1071 3735 conus,
1097 3664 1129 3725 et
1150 3666 1223 3741 ejus
1238 3664 1385 3739 collega,
1407 3668 1504 3740 prout
1525 3668 1621 3729 erant
1635 3669 1667 3729 ei
1680 3670 1755 3747 plus

957 3762 1065 3823 debito
1091 3760 1307 3833 favorabiles,
1340 3778 1401 3824 nec
1430 3764 1635 3827 mandatoris
1662 3783 1757 3829 meu-

956 3861 1040 3933 tem,
1073 3876 1134 3921 nec
1167 3861 1390 3923 conditionem
1421 3862 1538 3924 litteris
1571 3867 1756 3943 appositam
1869 3898 1874 3907 ·

956 3958 1181 4025 attendentes,
1219 3960 1384 4037 praetextu
1418 3960 1605 4024 litterarum
1634 3965 1754 4042 hujus-

956 4057 1043 4119 modi
1072 4057 1282 4135 saepedictam
1306 4059 1482 4121 ecclesiam
1506 4061 1612 4123 eidem
1634 4064 1757 4127 clerico

956 4171 1130 4234 perperam
1146 4157 1373 4232 contulerunt3
1400 4174 1419 4220 a
1443 4159 1561 4236 quibus
1576 4162 1676 4223 iidem
1692 4162 1755 4224 ab·
1849 4166 1853 4173 '

955 4254 1015 4315 bas
1030 4255 1063 4316 et
1077 4258 1258 4317 conventus
1270 4257 1451 4318 sentientes
1469 4258 1613 4321 indebite
1626 4277 1662 4321 se
1677 4278 1757 4337 gra-

955 4353 1040 4426 vari,
1057 4354 1203 4414 nostram
1225 4354 1429 4415 audientiam
1444 4357 1669 4433 appellarunt;
1695 4360 1754 4420 sed

104 4454 215 4515 lomaei
234 4455 386 4516 Noviom.
406 4457 438 4517 et
458 4456 571 4517 Sancti
590 4454 689 4531 Eligii
709 4455 823 4516 Pontis
843 4454 903 4517 ab-
956 4451 1006 4512 illi
1036 4449 1259 4528 appellatione
1288 4452 1486 4530 contempta.
1512 4470 1587 4516 eum
1607 4456 1753 4517 iruluxe-

103 4551 247 4623 tretilius,
274 4553 306 4614 et
320 4553 424 4630 priori
446 4554 557 4615 Sancti
580 4553 678 4629 Eligii
694 4554 808 4633 Pontis
832 4555 903 4615 No·
956 4549 1034 4610 runt
1043 4549 1078 4610 in
1089 4549 1334 4626 possessionem
1347 4549 1453 4627 ipsius
1470 4552 1620 4615 ecclesia
1631 4570 1753 4632 cornio-

103 4650 247 4711 viamen.
265 4650 429 4712 dioecesis.
955 4647 1072 4719 ratem,
1088 4646 1174 4707 alios
1188 4646 1276 4724 ipsos
1289 4649 1322 4709 et
1336 4648 1506 4721 ecclesias,
1524 4666 1562 4711 ac
1577 4653 1756 4728 parocbia-

142 4747 263 4809 Dilecti
284 4747 381 4808 olii...
405 4747 518 4817 abbas,
536 4750 569 4810 et
588 4748 770 4809 conventus
789 4748 902 4809 Sancti
955 4761 1017 4807 nos
1052 4744 1242 4807 earumdem
1267 4746 1497 4824 multipliciter
1526 4751 1753 4826 aggravando.

104 4845 267 4907 lobannis
291 4844 485 4906 ambianen.
504 4847 833 4908 praemonstratensis
852 4862 902 4908 or·
957 4846 1065 4916 Quare
1091 4842 1241 4921 saepelati
1265 4843 1367 4905 abbas
1393 4847 1425 4906 et
1449 4848 1630 4909 conventos
1659 4850 1754 4913 nobis

104 4943 202 5013 dinis,
230 4942 426 5004 transmissa
441 4942 536 5005 nobis
553 4944 710 5020 petitione
732 4945 901 5006 monstra·
957 4942 1127 5003 humiliter
1148 4942 1389 5019 supplicarunt,
1405 4944 1634 5023 multiplicatis
1650 4948 1755 5011 inter-

105 5043 198 5112 runt,
227 5041 313 5118 quod
330 5058 430 5119 quum
452 5043 548 5118 juxta
577 5042 787 5119 privilegium
816 5043 901 5120 qliod
957 5038 1165 5103 cessionibus
1184 5040 1414 5117 plurimorum,
1432 5044 1487 5120 qui
1504 5058 1604 5122 snper
1619 5046 1682 5109 hoc
1696 5064 1753 5111 eos

105 5140 309 5201 monasterio
334 5141 644 5203 praemonstratensi
666 5157 780 5202 eorum
802 5142 901 5218 capiti
957 5140 1027 5200 suis
1046 5138 1246 5201 testimoniis
1270 5138 1483 5216 adjuvabant,
1508 5144 1543 5203 ut
1566 5160 1666 5221 quum
1694 5164 1755 5209 ne-

104 5238 603 5315 aSedeApostolicaetipsisa
624 5239 718 5300 bonae
733 5240 902 5301 memoriae
957 5238 1040 5299 mini
1070 5237 1274 5315 patrocinari
1307 5237 1426 5300 debeat
1463 5256 1543 5301 suris
1572 5242 1686 5317 dolus,
1722 5248 1756 5307 ot

105 5338 141 5397 P.
157 5336 247 5396 tituli
264 5336 377 5398 Sancti
392 5337 553 5407 Marcelli,
578 5337 904 5415 presbvterocardi-
957 5335 1102 5413 deceptis
1134 5335 1263 5397 soleant
1286 5339 1363 5413 jnra
1400 5337 1530 5414 publica
1564 5340 1752 5417 subvenire,

104 5435 186 5505 nali,
204 5436 282 5495 lunc
297 5436 497 5512 Apostolicae
514 5437 608 5497 Sedis
629 5436 747 5511 legato,
774 5437 914 5513 spacia.
957 5432 1328 5511 indemnitati'ejusdem
1355 5438 1549 5499 monasterii
1569 5456 1669 5517 super
1692 5442 1755 5503 boc

105 5533 182 5595 liter
197 5533 248 5594 est
263 5532 437 5603 indultum,
454 5537 490 5597 ut
509 5535 543 5595 in
559 5550 673 5596 eorum
697 5534 847 5596 ecclesiis
862 5534 903 5594 de
957 5531 1442 5608 dignaremurmisericorditer
1452 5536 1636 5613 providere.
1651 5540 1756 5615 Igitur

105 5632 176 5693 suis
203 5631 376 5693 canonicis
409 5632 585 5695 instituant
611 5632 816 5709 capellanos,
847 5632 904 5709 qui
958 5630 1020 5692 etsi
1035 5629 1187 5707 occupati
1203 5645 1282 5708 erga
1310 5631 1453 5708 plurima
1476 5634 1511 5695 et
1530 5634 1665 5707 turbati,
1692 5653 1754 5697 nc-
