3794 6166
158 282 218 345 211
623 275 800 337 nononu
821 273 867 335 111
887 272 1037 335 arnna.
1053 303 1092 319 -
1107 273 1342 338 suanense.
1747 282 1809 344 212

159 441 250 520 plum
264 441 325 512 est,
336 439 435 517 Juxta
450 435 536 515 quod
550 433 631 498 dicit
641 433 818 512 Apostolus
835 454 843 495 l
858 437 959 497 Tem-
1009 431 1188 497 existentia
1201 436 1342 505 naturae,
1356 430 1513 513 quoniam
1523 449 1637 498 aerem
1643 436 1809 501 trahimus

153 545 253 616 plum
279 539 343 600 Det
373 537 533 599 sanctum
563 535 625 606 est,
660 535 749 608 quod
778 533 862 595 astte
895 546 957 595 eos
1010 532 1087 594 dum
1101 532 1226 610 abipso
1240 531 1327 594 bona
1342 533 1585 609 cognoscimus,
1601 536 1807 615 respiramus

158 633 189 717 (l
209 630 429 713 Cor.111‚17).
453 635 499 694 Ι)θ
520 632 627 710 primo
647 631 763 693 nuntio
780 631 901 708 legitur
920 630 957 691 in
1009 630 1087 692 dum
1100 631 1208 709 ipsum
1223 631 1411 695 laudamus,

160 734 342 811 Evangelio
361 750 369 789 ε
385 735 516 794 mosia
535 732 588 794 est
603 733 741 793 aalma
760 732 957 807 angelmari
1049 729 1109 791 Vel
1131 744 1235 806 usque
1257 729 1299 791 ad
1324 732 1488 793 loannem
1511 722 1696 809 Baptistam
1717 733 1809 796 litte-

157 835 312 895 Marlam
356 832 533 908 Virginem
562 829 806 902 desponsatam
831 830 958 902 loseph
1010 827 1092 889 ralis
1125 844 1243 890 sensus
1272 828 1379 905 viguit
1413 829 1450 890 in
1477 829 1669 908 scripturis,
1701 831 1806 895 seda

43 948 46 953 ·
157 928 289 1010 (huon
305 928 371 1009 26).
388 931 435 990 Ι)θ
453 927 618 990 secundo:
640 926 788 1003 Angelus
803 924 845 987 ad
868 928 955 987 Pas·
1009 928 1137 988 loanne
1165 926 1314 1003 Baptista
1349 942 1453 1004 usque
1483 927 1525 989 nd
1553 927 1626 991 haeo
1658 930 1806 1007 tempora

44 1052 50 1069 ·
157 1027 307 1092 toresait
320 1049 328 1088 ε
342 1028 656 1103 Boanpellzovobls
671 1028 839 1103 guadium
857 1039 958 1101 arag·
1010 1023 1194 1101 spiritualis
1213 1024 1403 1087 intellectus
1422 1025 1458 1086 in
1479 1025 1660 1105 Scripturis
1675 1028 1805 1090 enituit

157 1140 253 1197 num,
269 1124 436 1199 quoderll
448 1127 683 1199 ommpopalo,
698 1122 957 1196 qulalmtusest
1009 1122 1171 1185 Veniente
1192 1138 1335 1201 namque
1356 1123 1514 1197 veritate,
1537 1124 1624 1187 idest
1641 1125 1807 1203 spasmus

157 1226 360 1285 vobmbodte
371 1223 532 1284 Salvator
545 1225 677 1295 manat,
693 1224 752 1296 qai
767 1221 818 1283 est
833 1223 955 1283 Caris·
1009 1220 1042 1281 θῖ
1068 1221 1249 1298 Evangelio
1272 1221 1417 1284 cessarit
1442 1221 1577 1295 umbra,
1601 1224 1700 1300 juxta
1724 1222 1808 1285 illud

158 1321 215 1383 lm
228 1324 397 1382 Dominus
411 1323 449 1382 ta
459 1321 600 1382 civitate
609 1322 722 1382 David
737 1317 820 1398 (Luc
834 1334 871 1390 11,
890 1315 954 1395 10).
1009 1317 1044 1379 in
1067 1318 1242 1381 Levitico:
1264 1322 1374 1382 Novis
1398 1321 1728 1395 supervenentium,
1749 1336 1809 1384 ve-

157 1420 204 1480 De
233 1418 333 1480 tertio
364 1418 413 1480 ait
445 1417 577 1480 Gabriel
614 1416 753 1493 angelus
784 1416 824 1478 de
858 1415 956 1479 beato
1010 1418 1088 1479 tera
1097 1418 1291 1492 projicietis
1304 1414 1397 1496 (ber.
1413 1433 1507 1492 xxrr,
1521 1416 1693 1498 10),idest‚
1708 1434 1806 1480 evan·

155 1515 284 1580 loanne
300 1533 308 1572 ε
325 1520 404 1593 Ipse
422 1516 561 1592 praeiblt
577 1516 658 1577 arcte
671 1518 765 1578 tuam
778 1517 815 1577 tn
828 1515 956 1589 spirita
1008 1514 1126 1591 geliois
1146 1515 1457 1592 supervenientibus
1480 1516 1662 1595 projicietis
1683 1516 1807 1593 legalia

157 1615 192 1676 et
219 1616 351 1678 virtute
379 1617 465 1677 Blloe
486 1629 619 1690 parare
651 1615 797 1676 Domino
823 1615 955 1688 plebem
1009 1630 1083 1691 quae
1097 1612 1390 1676 dicunturvetera.
1404 1615 1490 1676 Nam
1510 1630 1585 1677 cum
1603 1613 1728 1676 veritas
1745 1631 1808 1677 ve-

20 1684 26 1741 3
155 1713 348 1787 perfectam
364 1710 459 1792 (huc.
474 1728 498 1786 1,
516 1709 581 1792 17).
601 1713 730 1773 Revera
747 1726 887 1787 magnus
906 1711 957 1771 θεῖ
1008 1711 1069 1783 nit,
1086 1710 1193 1786 ligura
1212 1711 1366 1780 cessavit,
1382 1712 1415 1773 et
1436 1728 1511 1774 cum
1534 1711 1649 1773 lumen
1667 1711 1805 1783 effulsit,

157 1807 276 1872 beatus
293 1813 450 1883 loannes,
469 1809 525 1890 qui
545 1809 595 1872 est
612 1824 722 1888 praeco
735 1808 873 1881 iudicis,
889 1824 957 1870 vox
1009 1809 1127 1871 umbra
1144 1809 1292 1872 evanuit.
1307 1811 1357 1872 Bx
1371 1825 1436 1888 quo
1453 1811 1543 1873 enim
1563 1809 1675 1872 velum
1688 1810 1807 1887 templi

29 1924 33 1929 ·
65 1902 69 1911 “
156 1907 270 1981 Verbi,
294 1908 543 1987 paranymphus
558 1907 683 1986 sponsi,
706 1906 845 1969 lucerna
860 1906 953 1978 solis,
1009 1907 1150 1969 scissum
1168 1910 1220 1968 est
1233 1923 1253 1969 a
1266 1923 1394 1970 summo
1412 1923 1517 1986 usque
1531 1907 1698 1980 deorsum,
1715 1907 1805 1969 abla-

158 2004 235 2067 flnis
245 2006 340 2082 legis,
354 2006 486 2069 initium
499 2007 683 2083 Evangelii,
698 2006 834 2067 lucerna
849 2004 956 2081 Scrip·
1008 2006 1077 2068 tum
1093 2006 1143 2067 est
1156 2006 1309 2068 velamen
1328 2021 1348 2067 a
1362 2005 1448 2068 facie
1463 2006 1599 2084 Moysis,
1616 2007 1653 2068 ut
1666 2021 1804 2083 appare·

156 2105 258 2177 turae,
286 2105 521 2167 candelabrum
549 2102 682 2177 mundi,
715 2103 830 2165 radius
856 2102 953 2176 fidei,
1009 2105 1060 2166 ret
1089 2104 1198 2181 gloria
1228 2104 1340 2166 vultus
1367 2107 1451 2182 ejus.
1477 2104 1566 2165 Talis
1594 2103 1658 2166 tuit
1687 2104 1808 2165 beatus

157 2201 264 2264 torma
285 2203 522 2276 doctrinarum,
546 2202 687 2264 malleus
709 2201 954 2263 haereticorum.
1008 2205 1154 2267 loannes
1166 2202 1325 2280 Baptista,
1345 2200 1403 2281 qui
1422 2217 1481 2280 pro
1497 2201 1550 2263 sui
1564 2200 1725 2278 dignitate
1740 2218 1808 2263 non

159 2299 316 2379 sineque
335 2301 487 2363 doctrina
500 2303 630 2379 jaceret
644 2300 679 2361 in
693 2299 826 2371 eremis,
843 2298 955 2375 scrip·
1008 2300 1137 2363 tantum
1159 2301 1331 2379 propheta,
1359 2300 1418 2362 sed
1445 2301 1619 2379 plusquam
1646 2300 1809 2378 propheta

155 2398 233 2459 tura
247 2398 361 2461 sileret
381 2399 543 2476 elinguis3
558 2399 631 2460 sine
653 2413 718 2476 quo
733 2396 886 2459 exularet
897 2413 956 2457 re·
1010 2400 1131 2461 meruit
1159 2399 1333 2477 appellari,
1361 2399 1440 2477 quia
1466 2398 1507 2462 de
1535 2400 1651 2463 ventre
1688 2398 1805 2461 matris

20 2484 23 2493 '
156 2495 250 2573 ligio,
267 2497 339 2560 sine
350 2513 414 2575 quo
426 2497 592 2559 institutio
605 2497 720 2557 sancta
729 2495 887 2572 torperet,
899 2494 957 2572 qui
1010 2513 1079 2559 suae
1094 2498 1313 2560 vocariteum
1326 2496 1497 2559 Dominus.

157 2609 217 2672 pro
237 2593 290 2655 sui
305 2593 393 2657 offici
415 2594 577 2672 dignitate
593 2593 716 2656 meruit
734 2592 873 2672 angelus
889 2609 955 2654 no·
1050 2594 1169 2656 Tribus
1188 2596 1294 2657 modis
1310 2594 1347 2658 nl
1360 2595 1491 2658 vocatio
1508 2612 1516 2652 ε
1532 2595 1646 2658 Primo
1663 2594 1809 2673 quidem,

157 2691 291 2753 minari.
1011 2692 1144 2756 vocavit
1156 2708 1217 2771 per
1233 2693 1374 2770 gratiam
1390 2696 1477 2755 Dens
1495 2694 1573 2756 ante
1589 2694 1732 2766 uterum,
1749 2709 1812 2755 se-

198 2790 299 2852 Becte
318 2790 407 2852 enim
423 2789 479 2869 qui
499 2789 655 2852 nuntiare
668 2787 814 2851 Verbum
829 2788 889 2850 Dei
903 2787 959 2849 in·
1011 2791 1119 2854 cundo
1134 2792 1167 2852 in
1185 2793 1279 2853 utero
1294 2792 1327 2854 el
1341 2791 1438 2855 tertio
1451 2790 1493 2853 ab
1506 2791 1720 2866 utero,idest,
1735 2791 1812 2869 post

157 2889 331 2950 carnetum
346 2888 499 2961 mittitur,
514 2888 653 2964 angelus
666 2887 815 2956 vocatur,
830 2888 867 2949 ut
880 2885 958 2963 dig·
1012 2891 1153 2952 uterum.
1169 2890 1254 2952 Ante
1272 2888 1403 2951 uterum
1419 2890 1557 2952 vocatus
1578 2890 1629 2951 θεῖ
1645 2890 1808 2962 Christus,

27 3038 30 3049 .
157 2987 297 3049 nitatem
320 2987 431 3049 servet
448 2986 485 3047 in
511 2986 644 3048 nomine
669 3002 767 3063 quam
790 2984 904 3062 explet
924 2984 958 3045 in
1013 2987 1070 3066 qui
1082 2987 1123 3048 ab
1139 2987 1264 3048 aeterno
1278 2986 1320 3049 ad
1334 2988 1460 3049 tantam
1476 2987 1618 3064 gratiam
1631 2986 1812 3064 praedesti-

157 3086 363 3161 operatione.
383 3086 494 3147 bltnm
514 3084 648 3163 quidem
673 3098 794 3146 nomen
816 3084 877 3154 est,
901 3082 959 3144 sed
1013 3086 1186 3158 natusest,
1203 3085 1348 3164 quisine
1366 3087 1502 3164 peccato
1521 3087 1713 3163 conceptus,
1738 3085 1812 3147 sine

159 3182 227 3245 vita
243 3183 376 3245 nomine
390 3183 532 3245 inferior
546 3199 613 3245 non
629 3184 688 3244 est.
706 3181 853 3258 Angelus
869 3181 959 3242 enim
1013 3199 1111 3262 poena
1126 3185 1294 3262 exceptus,
1317 3183 1403 3246 idest
1426 3184 1535 3258 natus,
1556 3183 1631 3245 sine
1647 3183 1746 3261 culpa
1762 3186 1815 3246 est

157 3283 305 3344 loannes
335 3284 386 3345 est
406 3281 605 3360 appellatus,
630 3295 697 3342 non
722 3281 852 3341 nalurae
879 3294 961 3356 pro·
1013 3282 1241 3345 conversatus.
1279 3284 1316 3344 In
1351 3284 1446 3343 utero
1480 3296 1560 3344 vero
1589 3282 1728 3343 vocatus
1762 3281 1813 3343 est

157 3379 310 3457 prietate,
337 3381 394 3442 sed
410 3380 514 3442 oflicii
536 3379 716 3459 qualitate3
738 3377 818 3456 quia
839 3377 959 3439 natura
1012 3382 1160 3443 loannes
1174 3379 1334 3456 Baptista,
1351 3379 1407 3458 qui
1420 3380 1500 3442 licet
1513 3381 1547 3441 in
1561 3379 1719 3456 originali
1733 3395 1814 3457 peo-

157 3479 352 3552 erathomo,
371 3479 429 3541 sed
443 3479 552 3542 oidoio
568 3476 835 3540 annuntiationis
849 3491 957 3551 ange·
1014 3480 1088 3540 cato
1114 3479 1292 3555 conceptus
1321 3477 1422 3540 tuerit
1449 3495 1512 3557 per
1538 3478 1813 3540 consuetudinem

158 3576 210 3638 lus
223 3578 424 3641 nominatur.
438 3580 457 3641 J
459 3594 585 3640 oannes
601 3576 840 3654 interpretatur
850 3575 959 3652 gratia
1013 3577 1179 3654 corruptae
1192 3576 1313 3648 carnis,
1328 3575 1370 3636 ab
1385 3576 1542 3653 originali
1557 3578 1668 3638 tamen
1684 3592 1814 3653 purga-

157 3676 228 3736 Dei.
254 3677 338 3738 Nam
366 3677 514 3752 repletus
538 3676 589 3738 est
615 3674 742 3751 Spiritu
769 3674 890 3734 Sancto
917 3688 960 3733 ex
1012 3675 1067 3736 tus
1097 3675 1149 3736 θεῖ
1176 3690 1236 3752 per
1263 3674 1406 3750 gratiam
1430 3674 1633 3737 consulentis
1657 3674 1810 3736 Deitatis.

158 3774 254 3834 utero
282 3773 399 3834 matris
420 3788 501 3833 suae.
524 3771 618 3832 Unde
642 3771 775 3832 adeum
797 3769 958 3830 Dominus
1013 3774 1094 3835 Post
1111 3774 1242 3833 uterum
1261 3773 1398 3834 vocatus
1415 3772 1466 3833 est
1485 3771 1624 3850 quilibet
1642 3773 1809 3850 peccator,

157 3869 305 3947 loquitur
322 3884 381 3945 per
395 3868 590 3945 prophetam
606 3888 613 3927 ε
628 3868 823 3941 Allteqaam
837 3869 957 3928 emires
1012 3870 1069 3948 qui
1084 3872 1258 3947 postquam
1273 3869 1316 3931 ad
1330 3870 1461 3931 actuale
1475 3870 1647 3947 peccatum
1673 3886 1810 3948 proces-

157 3965 592 4037 devolvasancllficaolle
608 3962 780 4043 (terami,
796 3962 843 4042 5).
859 3963 957 4024 Prius
1012 3968 1066 4040 sit,
1092 3971 1179 4029 Deus
1200 3967 1296 4030 oculo
1318 3967 1451 4044 pietatis
1472 3968 1629 4046 respexit,
1652 3984 1750 4047 quem
1773 3968 1807 4030 in

158 4063 248 4125 euim
263 4062 326 4124 init
339 4065 476 4124 renatus
491 4078 590 4141 quam
606 4062 716 4135 natue,
733 4063 766 4124 et
784 4061 879 4139 prius
897 4077 956 4123 re·
1010 4065 1149 4142 regione
1184 4064 1466 4126 dissimilitudinis
1494 4065 1530 4125 in
1562 4064 1653 4126 invio
1683 4065 1810 4127 erroris

156 4160 337 4237 generatus
357 4175 455 4237 quam
476 4161 665 4238 generatus.
687 4160 780 4223 Unde
794 4159 955 4237 scriptum
1012 4163 1163 4224 Christus
1187 4162 1361 4224 inveniens
1396 4162 1566 4225 revocavit
1595 4162 1637 4224 ad
1666 4164 1811 4240 patriam

92 4320 100 4335 ,
158 4258 263 4320 estin
286 4258 467 4334 Evangelio
493 4279 501 4320 ι
528 4259 665 4321 Factum
689 4261 749 4332 est,
771 4260 808 4321 ut
828 4258 957 4320 audivit
1011 4261 1189 4338 primitivae
1203 4259 1442 4332 similitudinis,
1458 4260 1499 4321 ad
1515 4261 1604 4322 viam
1617 4261 1811 4324 christianae

158 4355 391 4418 salutationem
427 4357 543 4420 Mariae
574 4357 756 4430 Elisabeth,
795 4356 958 4420 exultavit
1010 4357 1196 4435 religionis,
1223 4360 1260 4420 ut
1281 4374 1377 4437 quem
1406 4359 1513 4421 mater
1538 4360 1810 4436 concupiscentia

157 4453 269 4517 inians
283 4453 316 4515 in
332 4457 426 4516 utero
442 4457 470 4532 ej
477 4472 525 4516 us.
542 4457 616 4533 Ipse
631 4471 775 4532 namque
789 4454 851 4517 tuit
862 4455 957 4515 limes
1011 4457 1172 4533 genuerat
1190 4456 1334 4530 diabolo,
1356 4459 1463 4519 mater
1484 4457 1592 4534 gratia
1613 4457 1691 4518 vitae
1709 4473 1813 4534 gene-

158 4552 416 4630 praecedentium
439 4553 473 4614 et
498 4553 718 4630 sequentium.
744 4553 828 4624 Quia
851 4552 906 4612 lex
925 4552 958 4613 θῖ
1011 4556 1112 4616 raret.

157 4651 344 4728 Prophetae,
366 4650 422 4713 ubi
445 4651 518 4713 erat
545 4649 721 4735 tenebrosa
740 4664 827 4727 aqua
844 4649 878 4711 in
893 4667 958 4710 nu·
1051 4655 1097 4714 De
1112 4651 1209 4714 beato
1224 4667 1303 4715 vero
1324 4655 1453 4716 loanne
1469 4650 1591 4714 dicitur
1603 4673 1611 4712 ε
1625 4654 1675 4714 De
1690 4653 1813 4714 oelltre

79 4800 83 4809 .
157 4747 253 4813 bibus
266 4749 367 4823 aeris,
382 4749 518 4812 inerunt
531 4763 636 4825 usque
651 4748 693 4809 ad
707 4750 884 4819 loannem,
900 4747 957 4826 qui
1011 4751 1137 4813 cmlrls
1162 4766 1250 4813 meae
1277 4751 1413 4813 aocaolt
1439 4766 1534 4812 me...
1563 4748 1640 4829 (Ps.
1666 4751 1718 4824 21,
1745 4749 1810 4829 11).

157 4848 324 4909 nuntiavit
347 4849 517 4910 Christum
539 4847 727 4909 venientem
750 4845 786 4907 in
807 4845 955 4921 Virgine.
1011 4848 1107 4910 Multi
1135 4847 1226 4909 enim
1250 4848 1360 4910 vocati
1391 4848 1425 4909 et
1451 4848 1625 4909 vocatores
1649 4849 1737 4920 sunt,
1754 4848 1812 4909 sed

21 4932 26 4943 ’
156 4942 346 5007 'tenebrosa
364 4946 524 5024 initaqua
544 4946 579 5007 in
598 4944 742 5008 nubibus
754 4944 856 5013 aeris,
873 4944 959 5005 idest
1012 4946 1109 5023 pauci
1135 4945 1244 5008 electi.
1272 4946 1378 5007 Vocat
1402 4945 1491 5006 enim
1523 4945 1686 5014 diabolus,
1715 4945 1813 5007 vocat

157 5040 321 5119 profunda
345 5043 407 5104 suit
432 5044 597 5121 scriptura
625 5044 661 5105 in
691 5042 878 5120 Prophetis,
902 5041 958 5120 qui
1012 5043 1164 5117 manduc,
1190 5043 1287 5105 vocat
1314 5044 1476 5121 tyrannus
1505 5043 1628 5117 carnis,
1657 5045 1691 5106 et
1714 5043 1811 5106 vocat

24 5166 29 5177 ·
157 5138 716 5217 ineruntnubespropterpluviam
732 5139 904 5211 doctrinae,
926 5141 959 5200 et
1012 5145 1110 5203 Deus.
1140 5141 1244 5204 Vocat
1275 5139 1427 5202 diabolus
1462 5140 1503 5202 ad
1533 5158 1677 5219 poenam,
1714 5141 1813 5204 vocat

157 5235 295 5298 inerunt
316 5237 415 5309 acris,
439 5237 524 5299 idest
541 5237 675 5311 Christi,
700 5238 779 5317 quia
794 5236 879 5316 quod
900 5236 961 5298 do-
1013 5240 1154 5301 muudus
1166 5239 1207 5301 ad
1221 5239 1402 5312 miseriam,
1418 5240 1516 5302 vocat
1529 5255 1609 5301 caro
1623 5241 1665 5302 ad
1681 5241 1813 5318 culpam

158 5334 308 5406 cuerunt,
329 5350 348 5395 a
364 5334 497 5397 Christo
512 5335 709 5398 habuerunt.
731 5336 883 5397 Christus
898 5351 961 5396 au·
1013 5338 1046 5400 et
1058 5339 1153 5400 vocat
1168 5340 1255 5400 Deus
1270 5337 1311 5399 ad
1324 5337 1476 5415 gloriam.
1490 5337 1649 5399 Diabolus
1660 5341 1758 5401 vocat
1772 5340 1813 5401 ad

156 5435 224 5496 tem
248 5431 370 5493 dicitur
392 5448 461 5505 ner,
484 5433 562 5509 quia
586 5433 622 5493 in
649 5433 722 5511 ipso
738 5434 896 5511 tanquam
924 5433 960 5494 in
1013 5434 1812 5513 gebennamulpunial3mundusvocatadmare,

157 5547 247 5604 aere,
270 5532 369 5608 juxta
399 5529 538 5594 verbum
562 5530 677 5608 Pau1i;
710 5532 864 5604 vivimus,
893 5531 961 5593 rita
1014 5532 1101 5594 idest
1112 5533 1153 5594 ad
1164 5534 1284 5596 fluctus
1297 5534 1507 5595 terrenarum
1518 5532 1816 5609 cogitationum,ut

156 5629 276 5708 gratie
302 5644 487 5702 movemur,
508 5628 660 5708 proiectu
682 5629 822 5707 justitia
846 5644 961 5691 sumus
1016 5630 1217 5713 submergat.
1233 5633 1318 5697 Caro
1332 5633 1431 5695 vocat
1444 5631 1485 5694 ad
1509 5632 1645 5705 terram,
1665 5632 1752 5699 idest
1771 5634 1813 5697 ad
