3802 6166
56 263 120 325 153

56 438 153 501 Sedis
167 435 355 512 benignitas
369 433 446 495 illos
460 448 696 509 nonnunquam
711 447 855 493 consue-

54 537 103 598 vit
125 535 167 598 ab
191 533 380 612 hujusmodi
410 531 682 593 constitutionum
710 530 853 607 impedi-

56 634 169 695 mento
197 630 391 703 subducere,
422 645 503 707 quos
527 644 547 689 a
569 627 743 705 parentum
763 627 855 689 vitiis

57 731 169 809 gratia
204 729 426 807 praeveniente
464 725 641 787 subductos
678 724 855 787 virtutibus

58 823 856 905 conspicitemiuere,neciudigneillostanquam

60 927 226 1003 legitimos
242 925 276 984 in
299 924 498 984 dominicam
513 921 741 984 haereditatem
757 936 856 980 assu-

60 1025 131 1097 mit,
147 1022 310 1084 desocium
333 1020 573 1081 dissimulando
588 1018 760 1087 natalium,
776 1034 857 1095 quos

61 1122 255 1183 meritorum
273 1119 381 1195 gratia
396 1119 596 1195 insigniores
611 1117 683 1194 ipsa
697 1115 860 1192 legitimat

61 1214 689 1297 praerogativavirtutum,quiaPl1ares
700 1215 859 1275 etZaram

62 1314 392 1391 deTlramargenitos
403 1313 613 1389 Evangelista
625 1312 731 1389 regali
742 1327 861 1387 genea-

63 1414 164 1489 logiae
185 1411 338 1482 intexuit,
365 1412 397 1472 et
420 1426 559 1486 regnum
580 1409 766 1470 Salomonis
790 1409 861 1470 nati

64 1527 108 1572 ex
128 1526 167 1571 ea
187 1525 260 1587 quae
281 1508 344 1571 fuit
359 1508 448 1569 Urioe
467 1507 627 1568 Dominus
640 1506 857 1568 confirmavit.

64 1611 147 1670 Cum
171 1608 274 1684 igitur
298 1605 393 1668 multi
413 1605 560 1683 episcopi
584 1604 708 1682 aliique
732 1604 858 1682 praelat·

64 1706 183 1768 merito
212 1705 275 1765 lide
290 1704 400 1781 digni,
427 1702 488 1764 tibi
510 1703 553 1763 de
575 1703 644 1764 vita
666 1704 699 1764 et
722 1702 862 1763 scientia

63 1803 290 1866 testimonium
311 1800 477 1863 laudabile
494 1800 720 1879 perhibentes,
743 1799 862 1860 1111111111

65 1901 162 1963 nobis
177 1899 336 1962 instantia
350 1898 589 1976 supplicarunt,
604 1898 641 1959 ut
650 1897 863 1974 impedimen·

65 2001 147 2070 tum,
173 1997 260 2076 quod
281 1998 348 2059 tuae
370 1995 569 2074 promotioni
593 1995 730 2072 opponit
750 1993 807 2056 dei
843 2027 863 2040 -

65 2098 120 2159 tus
148 2096 310 2157 natalium
340 2110 380 2156 eo
405 2093 490 2171 quod
521 2109 541 2154 a
570 2093 665 2154 honae
694 2093 863 2154 memoriae

66 2195 223 2271 Philippo
260 2192 424 2254 Parisien.
462 2191 696 2253 archidiacono
732 2190 864 2266 genitus

66 2291 219 2362 extitisti,
241 2305 396 2352 amovere
420 2305 480 2366 per
507 2289 765 2366 dispensationis
787 2303 866 2365 gra-

66 2391 149 2452 tiam
167 2389 391 2464 dignaremur,
409 2403 483 2449 cum
497 2385 658 2448 desectum
674 2385 865 2464 hujusmodi

67 2487 249 2549 multorum
270 2487 415 2547 redimas
437 2488 562 2546 tessera
577 2484 770 2545 meritorum
783 2505 791 2559 ;
806 2498 866 2543 nos

69 2586 231 2657 volentes,
248 2585 335 2646 sicut
348 2583 483 2660 dignum
497 2583 556 2656 est,
574 2582 698 2659 utplus
713 2581 773 2642 tibi
788 2597 868 2658 pro-

72 2685 140 2745 sint
165 2681 299 2760 propria
328 2682 457 2753 merita,
495 2696 593 2758 quam
622 2680 718 2757 culpa
750 2679 868 2740 noceat

72 2782 194 2852 aliena,
210 2780 432 2856 dispensando
442 2779 639 2839 auctoritaie
651 2777 710 2839 tibi
725 2792 869 2854 praesen·

75 2880 158 2941 tium
173 2878 391 2953 indrdgemus,
413 2878 497 2938 utin
514 2875 743 2954 spiritualibus
762 2875 869 2952 impe-

75 2977 255 3039 dimentum
284 2975 344 3037 tibi
367 2976 451 3035 1111111
482 2973 607 3036 01110111
636 2973 865 3044 memoratum,

73 3075 130 3136 sed
146 3090 186 3135 eo
200 3089 268 3135 non
282 3073 431 3136 obstante
442 3072 546 3133 libere
558 3072 671 3134 valeas
684 3073 717 3133 et
731 3087 867 3149 promo-

73 3174 145 3234 veri
159 3173 201 3233 ad
217 3188 330 3233 sacros
350 3171 494 3243 ordineS,
516 3172 549 3231 et
569 3171 610 3231 ad
624 3169 869 3232 ecclesiasticas

75 3271 254 3346 dignitates
270 3270 407 3331 assumi.
431 3268 522 3330 Nulli
538 3284 628 3345 ergo,
654 3270 729 3339 etc„
747 3268 870 3328 nostrae

75 3367 344 3444 dispensationis,
360 3368 421 3429 etc.
446 3367 481 3428 si
494 3367 568 3445 quis
581 3367 703 3437 autem,
720 3366 782 3427 etc.
802 3367 871 3426 Da-

76 3468 145 3526 tum
169 3466 337 3536 Laterani,
359 3469 528 3527 ivnonas
549 3464 709 3542 januarii,
736 3461 871 3540 pontifl-

76 3566 171 3625 catus
184 3563 289 3624 nostri
305 3578 392 3624 auno
407 3564 525 3641 primo.

119 3906 171 3963 Ad
185 3904 477 3976 arcaicptscopaon
499 3900 531 3961 et
556 3902 834 3960 archidiaconum

372 4002 597 4060 Procaciores.

388 4102 482 4175 311111.
505 4102 583 4158 llll.

129 4204 250 4266 uirgam„
262 4200 307 4259 lib,
320 4202 340 4258 1,
352 4199 436 4264 epist..
449 4198 665 4262 lid-Bouana,
673 4197 774 4249 11011111
787 4197 832 4247 des

290 4280 436 4343 instoriam,
450 4285 469 4329 t.
484 4280 552 4338 iux,
565 4296 589 4344 p.
601 4278 670 4342 6221.

80 4390 166 4447 lubet
191 4387 396 4461 prosectionem
417 4388 553 4444 maturari
574 4385 682 4442 1101111111
703 4383 880 4442 Bollimoutis

117 4480 146 4535 iu
177 4478 371 4536 cenomannia
400 4476 591 4543 vicecomitis,
618 4475 679 4546 qui,
706 4472 880 4531 Ludovicum

117 4568 200 4640 rogis
219 4566 341 4639 Philippi
362 4565 449 4622 tilium
465 4565 616 4621 comitatus
632 4562 667 4619 ad
681 4563 815 4636 llugliam
830 4576 879 4617 cx·

120 4654 319 4729 pugnandam,
340 4661 368 4711 et
390 4660 488 4726 postea
513 4652 579 4710 lacn
595 4652 745 4724 poenitcns,
774 4650 809 4707 ab
834 4664 882 4707 ex·

118 4744 387 4802 communicationis
400 4742 515 4799 vinculo
527 4757 583 4814 quo
598 4748 714 4814 propter
733 4739 788 4798 hoc
802 4747 881 4796 tene·

118 4834 213 4903 batur,
232 4832 340 4890 absolvi
365 4832 568 4905 postulaverat,
589 4837 617 4888 et
634 4829 729 4887 itineri
747 4828 886 4901 lerosoly-

120 4924 232 4981 mitano
244 4937 276 4979 se
286 4921 454 4979 devoverat.

124 5039 292 5101 Honorius
331 5039 517 5117 episcopus,
567 5035 757 5098 venerabili
793 5034 888 5097 sratri

83 5137 335 5214 archiepiscopo
361 5134 401 5216 (')
421 5137 455 5199 ot
482 5134 601 5196 dilecto
625 5135 697 5195 illio
719 5132 888 5195 (1.010111-

83 5236 225 5296 diacono
240 5233 500 5305 Turonensihus‚
514 5234 576 5295 etc.

125 5332 256 5394 Nobilis
280 5332 333 5393 vir
355 5334 394 5394 R.
413 5329 453 5411 (')
471 5331 656 5393 vicecomes
682 5328 891 5391 Bellimontis

134 5462 170 5536 (')
190 5463 293 5523 Joenui
307 5462 342 5522 de
355 5465 441 5537 Feya.

125 5536 163 5610 1)
184 5532 334 5593 liedulfus.

690 254 918 317 nrrsrouaa.
942 257 1020 318 mn.
1044 226 1069 317 '1.

1644 266 1702 328 154

909 450 968 495 sua
995 433 1090 496 nobis
1116 434 1342 498 insinuatione
1368 438 1576 512 monstravit,
1602 440 1701 518 quod,

910 521 1013 608 quum
1032 533 1103 609 ipse
1118 549 1192 594 cum
1210 534 1353 596 Lodoico
1377 536 1597 613 primogenito
1614 539 1704 615 regis

910 629 1060 691 Francia
1083 631 1124 690 ad
1155 632 1383 709 occupandum
1409 649 1548 709 regnum
1575 637 1704 712 angliae

910 725 1167 798 transfretasset,
1187 728 1219 788 et
1234 726 1356 789 ibidem
1375 728 1494 792 luisset
1511 731 1705 809 aliquandiu

911 824 1144 895 commoratus,
1161 825 1239 902 quia
1254 825 1362 902 ipsum
1376 842 1549 889 reversum
1574 831 1614 891 ad
1628 847 1707 907 pro-

912 922 984 998 pria
1000 938 1119 982 manus
1132 923 1264 983 Domini
1277 924 1361 985 adeo
1376 924 1505 987 sortiter
1519 926 1704 1003 castigavit,

913 1019 997 1095 quod
1013 1019 1192 1081 tradendus
1222 1022 1354 1083 mertia
1374 1023 1525 1099 pluribus
1548 1025 1709 1087 credeba-

913 1118 984 1190 tur3
1008 1117 1096 1179 inter
1120 1117 1252 1194 flagella
1272 1121 1304 1182 ei
1319 1119 1521 1183 infirmitatis
1536 1124 1708 1199 angustias

913 1229 1033 1274 nomen
1049 1215 1180 1276 Domini
1199 1216 1334 1278 timidus
1350 1216 1529 1292 invocavit,
1546 1222 1588 1292 et,
1611 1220 1710 1281 exbi-

914 1310 982 1373 bita
1001 1313 1168 1389 juratoria
1183 1314 1337 1376 cautione
1359 1316 1446 1392 quod
1467 1318 1625 1380 Ecclesiae
1641 1322 1710 1381 Ro-

915 1426 1022 1471 manae
1037 1411 1191 1472 mandato
1204 1413 1346 1488 pareret,
1361 1414 1395 1475 et
1405 1415 1629 1491 Apostolicam
1645 1419 1709 1478 Se-

916 1508 1000 1581 dem,
1031 1509 1227 1586 quantocius
1257 1510 1378 1587 posset,
1407 1527 1467 1588 per
1501 1528 1537 1573 se
1574 1513 1627 1575 vel
1652 1530 1712 1591 per

916 1605 1074 1667 nuncium
1094 1608 1266 1684 proprium
1280 1607 1441 1678 visitaret,
1458 1609 1499 1670 ab
1515 1626 1710 1672 excommu-

917 1704 1094 1766 nicationis
1115 1705 1250 1766 vinculo
1269 1721 1346 1783 quo,
1369 1705 1504 1784 propter
1523 1706 1714 1769 infestatio-

917 1818 993 1863 nem
1007 1803 1102 1877 regni
1116 1802 1266 1880 praedicti
1281 1803 1456 1865 tenebatur
1470 1805 1636 1879 astrictus,
1653 1822 1713 1884 per

916 1899 1124 1961 venerabiles
1158 1899 1278 1962 fratres
1317 1904 1449 1963 nostros
1480 1904 1712 1966 Cenomanen-

917 2013 987 2059 sem
1013 1995 1061 2077 (l)
1090 1998 1123 2060 et
1159 1997 1431 2075 andegavensem
1460 1998 1507 2080 (2)
1539 2001 1713 2079 episcopos

918 2095 1045 2157 exstitit
1063 2096 1160 2172 juxta
1182 2094 1322 2157 sormam
1344 2097 1501 2160 Ecclesiae
1530 2098 1712 2162 absolutus.

919 2192 1131 2255 Postmodum
1141 2195 1400 2271 vero,gravioris
1411 2196 1613 2258 infirmitatis
1625 2198 1718 2275 peri-

920 2293 994 2352 culo
1010 2291 1230 2367 angustiatus,
1248 2292 1427 2354 salutiferae
1447 2293 1556 2355 crucis
1572 2293 1716 2356 charac-

920 2391 989 2450 tere
1004 2405 1040 2450 se
1052 2389 1236 2452 munivitin
1250 2393 1360 2452 Terrae
1375 2393 1504 2453 Sanctae
1519 2392 1715 2466 subsidium,

921 2503 981 2564 pro
996 2487 1222 2549 satisfactione
1248 2488 1354 2565 culpae
1374 2505 1472 2566 quam
1492 2490 1716 2566 aggrediendo

921 2601 1060 2661 regnum
1069 2583 1242 2664 praefatum
1253 2587 1475 2655 commiserat,
1487 2580 1716 2665 prolecturus:

922 2683 1016 2744 nobis
1042 2682 1213 2745 humiliter
1227 2684 1418 2761 supplicans
1449 2685 1493 2757 ut,
1528 2686 1717 2763 aperientes

922 2779 985 2841 sibi
997 2781 1195 2857 Apostolicae
1211 2782 1373 2857 gremium
1393 2781 1537 2860 pietatis,
1554 2783 1716 2845 indultam

923 2877 1161 2954 crucesignatis
1175 2877 1306 2939 veniam
1319 2878 1425 2940 eidem
1450 2895 1492 2941 ex
1509 2879 1719 2957 superabun·
1774 2872 1779 2879 “

923 2975 1014 3037 danti
1024 2975 1132 3051 gratia
1145 2976 1326 3037 concedere
1339 2976 1563 3053 dignaremur.

962 3074 1030 3133 Nos
1043 3072 1155 3148 igitur,
1184 3073 1262 3133 licei
1276 3073 1432 3135 immeriti
1448 3077 1519 3151 ejus
1534 3075 1640 3136 vicem
1659 3091 1720 3151 ge-

924 3172 1035 3231 rentes
1061 3169 1096 3231 111
1117 3170 1217 3232 terris
1239 3171 1295 3247 qui
1317 3170 1482 3232 neminem
1506 3172 1576 3233 vult
1598 3173 1719 3249 perire,

925 3268 1035 3330 datam
1046 3267 1287 3329 absolutionem
1298 3267 1402 3329 nobili
1418 3271 1598 3330 memorato
1613 3270 1721 3331 ratam

926 3365 1113 3436 habuimus,
1131 3365 1282 3426 eumdem
1303 3366 1568 3443 crucesignatum
1581 3368 1721 3444 aposto-

927 3463 1000 3524 licae
1026 3462 1241 3540 protectionis
1265 3463 1380 3540 clypeo
1408 3463 1598 3524 muniendo.
1627 3468 1721 3536 Quo-

928 3561 1017 3621 circa
1053 3560 1246 3621 discretioni
1279 3560 1397 3622 vestrae
1440 3576 1500 3637 per
1538 3562 1723 3637 apostolica

929 3658 1052 3734 scripta
1072 3657 1280 3730 mandamus,
1302 3659 1474 3735 quatenus,
1491 3658 1724 3735 praecipientes

930 3755 1116 3818 vicecomiti
1139 3758 1334 3827 memorato,
1353 3755 1412 3817 sub
1444 3754 1554 3818 debito
1579 3756 1721 3833 praestiti

925 3854 1119 3933 juramenti,
1141 3854 1227 3932 quod
1241 3853 1328 3916 dicto
1352 3856 1388 3915 L.
1406 3851 1445 3933 (')
1466 3856 1498 3917 et
1512 3855 1588 3915 aliis
1602 3855 1642 3915 de
1658 3870 1727 3916 cae-

930 3954 1001 4014 tero
1026 3952 1066 4013 ad
1092 3952 1318 4030 occupandum
1346 3954 1397 4013 101
1424 3952 1645 4014 invadendum
1671 3967 1728 4014 10-

931 4067 1032 4128 gnum
1055 4050 1249 4127 praedictum
1272 4050 1386 4111 contra
1411 4052 1594 4111 Romanam
1609 4051 1728 4112 110010-
1835 4034 1838 4039 ’

933 4151 1018 4209 siam
1040 4148 1187 4209 savorem
1212 4165 1279 4209 non
1304 4147 1461 4210 exhibeat
1488 4148 1541 4209 vel
1556 4151 1728 4225 juvamen,

934 4246 1040 4306 eidem
1062 4245 1258 4305 auctoritate
1274 4249 1387 4306 nostra
1405 4245 1603 4321 postulatam
1618 4244 1731 4321 indul-

934 4343 1078 4418 gentiam
1090 4343 1291 4413 concedatis,
1305 4342 1367 4403 sibi
1380 4342 1519 4403 tirmiter
1528 4343 1732 4419 injungendo

936 4442 981 4513 ut,
998 4442 1074 4518 quia
1091 4456 1151 4500 nos
1166 4441 1343 4501 terminum
1366 4441 1406 4500 do
1422 4441 1729 4516 crucesignatorum

937 4540 1091 4618 passagio
1118 4539 1153 4599 in
1174 4538 1322 4614 generali
1347 4539 1494 4600 Concilio
1515 4538 1733 4600 Lateraneusi

938 4638 1094 4699 statutum
1111 4652 1176 4697 non
1199 4636 1353 4696 duximus
1368 4636 1624 4713 prorogandum,
1646 4650 1735 4711 prae-

940 4750 1058 4812 parare
1073 4734 1204 4795 studeat
1222 4750 1257 4794 se
1277 4734 1318 4794 ad
1336 4733 1409 4805 iter,
1430 4733 1476 4803 ut,
1494 4733 1522 4793 si
1538 4733 1653 4793 eodem
1665 4733 1736 4792 ter-

941 4833 1030 4893 1111110
1045 4847 1190 4907 congrue
1203 4831 1333 4907 poterii,
1344 4847 1417 4891 011111
1426 4830 1575 4891 exercitu
1588 4830 1737 4892 transeat

942 4930 1116 5003 Crucillxi;
1134 4929 1197 5000 101,
1219 4928 1248 4988 si
1263 4928 1341 4989 tunc
1356 4928 1441 4988 forte
1456 4927 1653 5004 nequiverit,
1671 4944 1736 5005 pa-

943 5027 1175 5098 ratrtsexistat,
1186 5026 1226 5087 ad
1237 5025 1429 5086 mandatum
1438 5025 1597 5097 nostrum,
1608 5026 1739 5104 quando

944 5127 1039 5189 nobis
1050 5127 1221 5205 placuerit,
1234 5126 1371 5204 exsequi
1384 5127 1496 5188 votum
1507 5142 1614 5187 suum.
1622 5129 1740 5190 Datum

946 5226 1121 5297 Laterani,
1147 5225 1191 5286 111
1219 5240 1323 5285 nonas
1345 5224 1506 5301 januarii,
1531 5224 1742 5302 pontificatus

947 5324 1052 5386 nostri
1068 5339 1155 5384 anno
1170 5323 1289 5399 primo.

985 5454 1026 5525 (l)
1047 5454 1238 5513 llamelinum.

998 5526 1027 5599 l)
1048 5524 1202 5583 Ludovico.

999 5599 1023 5674 ⁶)
1043 5596 1213 5655 Guillelmuu
1226 5595 1262 5653 du
1272 5596 1457 5655 bellomonte.
