3794 6166
10 2876 14 3003 t

51 216 86 281 u
428 214 485 277 111.
498 209 1128 279 -mnuuuurmrrouanmrm
1141 212 1304 280 maru.
1647 222 1690 285 so
1790 198 1817 315 j
1862 224 1878 281 π

54 374 137 439 tloris
166 371 279 436 colore
308 371 391 436 dicit
420 372 599 439 Psalmista
623 394 632 437 ε
659 376 841 451 spumosae
934 374 973 433 In
999 372 1197 451 genealogia
1229 375 1392 454 siquidem
1423 374 1546 440 Christi
1570 378 1689 457 viginti

56 476 245 549 [erumpere
254 472 338 544 mite
351 474 529 533 domitium
548 469 652 551 (Psal.
672 475 723 545 44,
743 474 774 545 3,
792 469 838 550 5).
895 471 968 532 octo
985 472 1063 533 sunt
1082 474 1206 548 gradm
1225 474 1431 535 ascensionis
1446 474 1487 536 de
1500 476 1613 539 radice
1626 494 1687 540 us-

56 572 161 647 specle
173 570 233 631 tuo
248 570 282 631 et
296 568 553 644 pulchritudine
575 572 672 632 tua...
687 573 736 631 Tu
750 569 840 632 euim
894 584 957 644 que
972 568 1014 630 ad
1029 570 1170 645 virgam,
1183 571 1280 644 idest,
1292 588 1312 633 a
1323 572 1426 633 invio
1440 589 1546 650 usque
1558 576 1689 637 adVir-

58 668 141 731 essol
150 666 303 745 justitiae,
319 667 356 728 tu
368 683 404 728 es
420 667 480 729 lux
491 682 573 729 vera
587 684 661 746 quae
674 668 841 729 illuminat
894 665 1004 741 giuern
1024 668 1176 740 Mariam,
1193 668 1233 731 de
1248 685 1312 747 qua
1331 671 1429 731 natus
1449 672 1499 732 est
1515 674 1612 733 iesus
1631 674 1689 751 qui

58 781 174 829 omnem
191 763 362 825 bominem
376 764 564 826 venientem
585 765 621 827 in
636 765 726 827 hunc
742 782 841 827 mun-
893 764 1030 824 vocatur
1047 763 1212 840 Christus;
1236 768 1269 828 et
1284 781 1342 843 per
1361 766 1422 830 lios
1434 767 1558 843 gradus
1570 785 1690 831 ascen-

60 864 137 933 dum,
150 863 245 938 cujus
260 860 543 938 pulchritudinem
563 862 615 925 sol
631 864 663 925 et
683 864 762 924 luna
776 863 841 923 mi·
894 859 999 921 sionis
1016 861 1077 923 flos
1094 862 1135 923 de
1149 863 1263 925 radice
1277 865 1428 927 ascendit
1442 866 1482 927 ad
1496 865 1636 942 virgam,
1652 868 1689 928 in

59 962 173 1030 antur,
199 958 347 1035 inquom
372 959 562 1022 desiderant
580 960 690 1037 angeli
705 959 839 1038 prospi·
895 972 959 1033 qua
969 959 1167 1021 terminatur
1177 977 1347 1023 ascensus.
1360 964 1399 1024 Et
1410 964 1559 1040 quamvis
1570 980 1691 1026 secun·
1805 970 1809 977 '

60 1072 133 1121 cere.
147 1058 194 1117 lle
208 1056 310 1133 lruJus
331 1055 423 1117 floris
437 1057 539 1120 odore
561 1073 683 1135 sponsa
706 1057 787 1120 dicit
804 1058 839 1119 in
894 1053 972 1115 dum
991 1056 1145 1118 naturam
1161 1059 1284 1130 carnis,
1302 1059 1453 1121 Christus
1476 1060 1691 1124 descenderet

59 1154 179 1217 tantico
205 1174 213 1213 ε
238 1153 415 1215 «Meliora
441 1156 518 1216 sunt
539 1155 642 1216 ubera
664 1155 723 1217 tua
747 1156 838 1225 vino,
894 1151 936 1213 de
954 1154 1069 1225 David,
1087 1155 1159 1231 ipse
1180 1157 1292 1217 tamen
1313 1156 1619 1234 incomparabiliter
1632 1176 1691 1220 su-

58 1249 229 1325 iragrantia
258 1250 436 1326 unguentis
466 1252 610 1328 optimis.
640 1255 677 1313 In
705 1251 840 1315 odorem
894 1249 1062 1326 perillum
1086 1252 1267 1313 secundum
1286 1253 1518 1317 excellentiam
1540 1256 1688 1331 dignita-

58 1346 838 1429 unguentorumtuorumcurrimus.»(Gant.1,3).
894 1347 937 1408 tis
963 1348 1122 1410 ascendit.
1152 1351 1246 1411 Unde
1277 1350 1361 1412 bene
1396 1351 1519 1412 dictum
1552 1354 1602 1414 est
1630 1370 1690 1429 por
1805 1422 1814 1437 ,

57 1447 107 1507 liic
123 1446 173 1507 est
197 1445 287 1507 enim
306 1445 367 1506 Dei
390 1445 554 1523 sapientia
574 1446 616 1508 de
636 1462 672 1509 se
701 1446 838 1509 dicens:
895 1444 1093 1521 Prophetam
1107 1468 1113 1507 :
1129 1448 1243 1521 Super
1263 1451 1387 1509 solium
1400 1449 1563 1510 Desidet
1583 1465 1690 1526 super

56 1544 140 1607 Sicrd
151 1545 411 1605 uolumenum
430 1544 465 1605 et
483 1545 673 1606 domomum
696 1558 840 1606 aroma·
894 1557 1044 1618 regnum
1057 1547 1132 1616 ejus
1142 1546 1270 1606 sedebit
1283 1542 1341 1623 (is.
1351 1560 1398 1617 rx,
1409 1543 1455 1624 7).
1471 1547 1546 1607 Non
1560 1546 1640 1609 dicit
1653 1550 1691 1609 tn

57 1642 158 1702 muns
176 1642 319 1703 odorem
341 1640 430 1712 dedt,
452 1643 553 1715 quus
568 1645 714 1716 member
736 1641 841 1704 electu
894 1642 987 1711 sotto,
1005 1639 1063 1700 sed
1076 1644 1333 1714 socpersoltuuu
1349 1658 1415 1703 non
1430 1646 1585 1719 iuregno
1597 1642 1687 1717 dicit,

56 1739 123 1799 dedi
144 1737 357 1800 suavitatem
381 1738 498 1799 odoris
520 1736 636 1816 (Ecoli.
655 1753 748 1810 xxw,
772 1735 839 1817 20).
895 1736 952 1797 sed
963 1751 1071 1810 secper
1079 1751 1243 1814 repartum
1254 1738 1290 1799 ut
1302 1739 1495 1800 ostendatur
1509 1739 1594 1816 quod
1606 1739 1690 1801 illud

57 1836 151 1911 liujus
173 1833 268 1896 floris
289 1834 425 1896 odorem
449 1834 668 1911 praesentiens
686 1838 782 1897 Isaac
805 1835 841 1896 in
895 1831 958 1894 fuit
971 1834 1140 1894 terrenum
1155 1836 1187 1897 et
1205 1835 1398 1911 temporale,
1415 1836 1502 1898 istud
1515 1839 1625 1899 autem
1639 1838 1692 1900 est

59 1931 172 2008 Spiritu
187 1932 311 1995 Sancto
329 1930 584 1994 dicebatzldcce
599 1935 683 1996 odor
696 1934 759 2006 titel
772 1935 841 1995 met
895 1930 1056 1991 aeternum
1078 1932 1112 1992 et
1125 1931 1269 1993 coeleste.
1294 1933 1388 1994 Unde
1411 1932 1492 1995 dicit
1513 1934 1689 1997 Salomon:

59 2030 232 2091 deutodor
245 2031 326 2106 aaut
340 2032 443 2103 punit,
462 2031 518 2092 eut
536 2030 843 2093 benedterltllomt·
895 2029 1003 2089 Facta
1023 2029 1074 2089 est
1100 2032 1200 2103 quusi
1225 2033 1327 2091 muts
1349 2031 1522 2094 institoris
1547 2047 1624 2107 quse
1650 2036 1692 2097 de

60 2143 113 2187 urs
135 2124 233 2204 (Gen.
257 2140 364 2199 xxvu,
384 2123 451 2205 27),
473 2129 568 2205 cujus
596 2127 697 2189 odore
723 2143 840 2189 resur·
894 2129 992 2201 wirce
1003 2126 1123 2200 portat
1132 2125 1609 2206 paaeemsumn(1>rov.xxxr,
1625 2129 1689 2210 14).

61 2224 127 2299 gout
150 2222 285 2295 mortui,
306 2223 470 2286 sanantur
495 2224 623 2300 aegroti,
645 2224 679 2285 et
703 2223 841 2286 consor·
897 2222 1032 2283 Institor
1062 2223 1112 2284 est
1140 2223 1328 2298 negotiator
1352 2224 1423 2286 sive
1451 2226 1627 2295 mercator,
1659 2228 1693 2289 et

63 2322 159 2383 tantur
172 2320 310 2382 intirmi.
332 2322 381 2383 De
405 2320 505 2398 hujus
524 2321 617 2384 floris
632 2337 750 2399 sapore
763 2320 844 2383 dicit
896 2318 932 2378 in
966 2318 1031 2380 boe
1062 2318 1135 2380 loco
1171 2319 1337 2394 significat
1372 2321 1493 2381 Filium
1525 2324 1600 2394 Dei,
1634 2324 1692 2400 qui

64 2418 208 2479 lominus
232 2439 241 2480 t
267 2422 341 2495 Eoo
362 2433 441 2480 suen
465 2421 572 2493 parate
592 2422 693 2480 otoocs
715 2423 775 2493 qut
801 2420 843 2481 de
897 2414 1007 2476 attulit
1031 2413 1127 2476 nobis
1151 2431 1277 2477 merces
1304 2416 1479 2494 pretiosas,
1499 2419 1532 2480 et
1552 2421 1694 2497 sumpsit

68 2522 126 2578 uelo
140 2517 311 2587 descmsdt,
333 2514 459 2577 habens
474 2514 510 2576 in
528 2531 565 2576 se
579 2530 677 2577 omne
692 2514 842 2577 delecta·
897 2513 1028 2574 nostras
1052 2513 1194 2575 caducas
1220 2514 1254 2575 et
1279 2513 1375 2575 viles.
1404 2515 1523 2577 Attulit
1550 2532 1693 2594 namque

67 2616 195 2675 uentum
210 2614 244 2675 et
257 2613 367 2676 omnis
382 2611 512 2690 saporis
529 2613 728 2674 suavitatem
743 2628 844 2690 super
897 2608 992 2671 nobis
1008 2626 1077 2671 suae
1092 2608 1276 2671 divinitatis
1291 2611 1520 2684 aeternitatem,
1535 2614 1568 2674 et
1580 2630 1695 2692 sump-

64 2710 113 2772 uel
132 2712 166 2773 et
190 2710 316 2782 favum,
343 2710 450 2772 dulcis
475 2711 597 2772 animae
623 2710 774 2787 diligenti
803 2710 843 2772 de
898 2707 941 2768 sit
958 2708 1081 2770 nostrae
1102 2706 1212 2768 carnis
1227 2708 1473 2770 mortalitatem.
1490 2710 1586 2772 Dedit
1597 2711 1694 2772 nobis

63 2807 307 2883 quoPsalmista
322 2828 330 2868 ε
345 2807 488 2870 dustate
501 2806 535 2870 et
549 2808 662 2870 videte
680 2812 843 2882 quosdam
898 2820 992 2865 suam
1015 2804 1169 2880 gratiam,
1191 2804 1223 2865 et
1249 2804 1394 2881 suscepit
1419 2808 1566 2867 nostram
1592 2808 1695 2869 mise·

63 2908 165 2969 mois
183 2906 237 2967 est
260 2908 430 2967 Dominus
442 2902 545 2983 (Psal.
569 2906 621 2978 33,
637 2902 683 2984 9).
711 2907 758 2966 De
781 2904 844 2968 hoo
898 2902 994 2975 riam,
1020 2901 1107 2963 sicut
1132 2901 1212 2963 dicit
1239 2902 1368 2963 isaias:
1403 2906 1488 2964 Vere
1511 2909 1695 2980 laetodorus

10 3014 12 3041 ⁵
63 3016 167 3079 sapore
183 3001 266 3064 dicit
288 3002 455 3079 sapientia
471 3022 479 3063 ε
495 3004 560 3070 Qui
580 3003 685 3064 edunt
699 3017 766 3075 me,
782 3006 846 3065 cd-
897 2999 1035 3061 uestros
1054 3002 1128 3073 ipse
1150 2999 1237 3071 tulit,
1257 3000 1291 3060 et
1311 3002 1444 3061 dolorm
1460 3000 1598 3062 nostros
1622 3004 1695 3076 ipse

10 3288 14 3311 t

63 3100 114 3161 luc
131 3099 300 3171 esurient,
316 3100 351 3161 et
373 3102 433 3174 qui
453 3099 567 3161 bibunt
590 3114 657 3172 ure,
673 3103 783 3163 adbuc
796 3103 846 3162 si·
893 3097 1051 3171 portavit
1073 3094 1130 3175 (ls.
1150 3111 1223 3169 nur,
1245 3094 1291 3175 4).
1312 3096 1473 3168 Portavit,
1493 3113 1561 3159 non
1575 3098 1611 3159 ut
1623 3097 1696 3176 ipse

64 3196 135 3259 tieret
147 3196 265 3275 (Eccli.
281 3211 379 3266 xxiv,
390 3193 458 3275 29),
471 3197 548 3274 quia
561 3196 654 3258 tauta
675 3198 728 3259 ost
745 3196 845 3275 hujus
899 3193 1046 3266 haberet,
1065 3194 1122 3255 sed
1138 3195 1174 3256 ut
1188 3210 1208 3255 a
1224 3194 1319 3255 nobis
1334 3194 1491 3255 auferret.

64 3291 142 3355 toris
155 3294 310 3364 dulcedo,
331 3293 418 3371 quod
439 3293 596 3356 saturitas
618 3298 776 3371 provocat
789 3293 844 3356 ta·
939 3292 1043 3352 Navis
1068 3291 1167 3368 hujus
1191 3291 1354 3353 institoris
1381 3291 1443 3352 tuit
1467 3292 1569 3353 Beata
1594 3292 1696 3369 Virgo

64 3404 146 3462 uem,
162 3392 197 3453 et
209 3390 354 3453 ebrietas
369 3391 460 3453 sitim
473 3390 611 3453 inducit
900 3389 1019 3461 Maria,
1031 3388 1117 3465 quod
1129 3388 1216 3449 sicut
1226 3388 1322 3449 navis
1332 3389 1455 3450 transit
1468 3404 1572 3465 aquas
1582 3390 1696 3459 maris,

92 3489 183 3550 Beati
200 3488 291 3550 oculi
317 3488 374 3565 qui
404 3488 559 3565 poterunt
585 3487 700 3551 videre
730 3488 845 3550 florem
900 3484 947 3546 ita
959 3485 1062 3546 Beata
1075 3485 1184 3545 Maria
1195 3484 1350 3545 transivit
1362 3501 1422 3561 per
1431 3485 1518 3570 bona
1530 3487 1698 3561 tempora-

64 3582 165 3661 istum3
180 3586 279 3647 modo
294 3586 445 3648 videmus
459 3602 535 3647 eum
553 3601 613 3663 per
628 3587 798 3663 speculum
810 3586 845 3646 in
900 3581 958 3653 lia,
975 3581 1060 3658 quod
1076 3596 1143 3641 non
1158 3581 1281 3653 amisit,
1297 3581 1355 3640 sed
1370 3581 1548 3657 acquisivit
1559 3582 1696 3642 aeterna.

64 3684 240 3759 enigmate,
256 3683 313 3745 sed
329 3685 408 3745 tunc
421 3683 608 3745 videbimus
621 3700 697 3744 eum
709 3683 794 3745 facie
804 3683 846 3745 ad
900 3679 986 3740 Nam
1006 3677 1091 3739 sicut
1105 3676 1203 3740 navis
1221 3677 1329 3739 salvat
1349 3678 1545 3753 navigantes
1566 3678 1601 3739 in
1623 3694 1699 3739 eaa

65 3776 181 3841 taciem.
199 3782 250 3841 Ne
266 3780 400 3843 mireris
413 3781 442 3841 si
464 3780 526 3842 ilos
540 3780 603 3842 iste
618 3780 846 3843 descendendo
901 3773 1056 3837 fluctibns
1072 3776 1104 3837 et
1122 3774 1278 3851 procellis
1297 3775 1412 3846 maris,
1437 3775 1471 3835 et
1490 3774 1642 3851 perducit
1656 3775 1699 3837 ad

64 3878 212 3949 ascendit,
238 3878 293 3940 vel
321 3877 529 3939 ascendendo
549 3877 733 3950 descendit,
760 3877 846 3956 quod
901 3876 1032 3951 portum
1052 3872 1181 3944 salutis,
1200 3871 1247 3934 ita
1263 3874 1365 3934 Beata
1382 3872 1490 3933 Maria
1505 3872 1700 3935 salratom·
1795 3950 1798 3955 Ι

64 3988 126 4035 arm
145 3976 218 4053 ipse
246 3974 291 4037 sit
310 3990 411 4037 verus
445 3978 531 4036 Deus
556 3976 590 4037 et
611 3990 711 4037 verus
735 3975 845 4047 homo,
902 3987 962 4033 nes
977 3972 1149 4048 sperantes
1161 3970 1194 4032 et
1206 3969 1408 4031 confidentes
1420 3969 1461 4030 de
1475 3970 1700 4032 seatribula-

64 4070 138 4133 idem
159 4073 233 4149 ipse
255 4072 425 4134 descendit
450 4072 664 4150 inquantum
689 4073 740 4134 est
760 4075 848 4133 Deus
901 4067 1047 4131 tionibus
1068 4068 1101 4129 et
1115 4067 1274 4144 periculis
1297 4067 1398 4143 buJus
1422 4067 1547 4139 mundi,
1564 4068 1597 4130 et
1619 4084 1700 4145 pcr-

64 4165 162 4241 bomo,
189 4172 224 4232 et
246 4169 398 4231 ascendit
425 4168 461 4229 in
490 4171 650 4247 quantum
673 4170 724 4231 est
748 4169 848 4231 homo
902 4164 993 4227 ducit
1006 4166 1048 4226 ad
1063 4165 1391 4227 terramviventium.
1409 4166 1491 4226 Item
1506 4164 1699 4228 sicutnavis

63 4266 151 4327 bens.
172 4269 220 4327 De
240 4282 306 4344 quo
330 4282 471 4328 ascensu
490 4266 612 4328 dicitur
623 4282 683 4343 per
699 4266 850 4343 Prophe·
902 4262 1065 4325 institoris
1097 4264 1149 4324 est
1181 4263 1280 4339 plena
1312 4262 1416 4323 variis
1447 4262 1624 4337 mercibus,
1651 4265 1699 4326 ita

10 4364 12 4411 ἱ
62 4364 119 4425 tam
139 4364 334 4426 :Ascendet
350 4367 520 4426 Dorrztuus
541 4368 665 4425 rudem
686 4368 797 4426 levem
815 4363 848 4425 et
902 4361 1005 4422 Beata
1033 4359 1141 4421 Maria
1166 4358 1229 4421 tuit
1254 4360 1354 4436 plena
1381 4360 1485 4421 variis
1509 4360 1698 4423 virtutibus.

62 4460 272 4535 digredietur
293 4461 483 4537 AEgpptum
514 4458 572 4539 (is.
594 4476 672 4531 mx,
695 4458 739 4540 l).
763 4462 849 4536 Ergo
903 4460 984 4518 Haec
997 4457 1092 4519 navis
1108 4456 1148 4518 de
1171 4456 1269 4533 longe
1289 4457 1432 4534 portavit
1452 4473 1572 4534 panem
1592 4475 1698 4520 suum.

62 4555 114 4617 los
127 4557 296 4619 deradice
310 4559 384 4635 ejus
398 4558 566 4619 ascendet.
585 4558 648 4619 Hic
666 4557 702 4618 in
715 4558 849 4619 cantico
904 4555 1005 4617 Panis
1020 4554 1187 4631 significat
1203 4555 1410 4616 dulcedinem
1425 4557 1485 4616 Dei
1500 4557 1606 4633 dequa
1622 4556 1702 4618 dicit

60 4651 252 4716 desedicit:
267 4658 342 4731 Epo
355 4656 419 4727 llos
435 4658 560 4730 compi,
584 4655 618 4716 et
637 4657 748 4717 litium
769 4670 851 4717 cou-
904 4652 1028 4715 David:
1049 4654 1158 4718 Oreum
1174 4669 1303 4730 strupra
1320 4654 1501 4714 orerettitudo
1515 4655 1702 4714 dulcedinis

59 4754 196 4815 eutium
209 4750 319 4830 (Cant.
333 4766 370 4822 11,
386 4749 429 4831 1).
447 4751 531 4823 Quid
545 4754 595 4812 est
607 4751 670 4814 hoc
685 4752 771 4828 quod
788 4752 850 4814 fios
905 4752 985 4823 tuae,
998 4753 1144 4812 Dorutue
1159 4748 1262 4828 (Psal.
1276 4766 1357 4820 xxx,
1373 4749 1439 4826 20).

60 4862 120 4909 non
134 4848 258 4911 dicitur
271 4849 462 4910 ascendisse
486 4850 526 4910 de
546 4850 652 4925 virga,
666 4849 723 4910 sed
740 4851 850 4926 potius
943 4849 1046 4909 Beata
1061 4863 1140 4924 ergo
1164 4848 1272 4908 Maria
1293 4846 1334 4905 de
1355 4846 1453 4920 longe
1476 4846 1703 4923 portavit'pa-

60 4944 95 5007 de
112 4946 238 5018 radice,
255 4946 296 5006 de
320 4962 384 5023 qua
400 4948 433 5007 ct
446 4946 541 5021 virga
565 4946 744 5023 processit?
764 4949 851 5008 Sane
905 4961 981 5007 nem
1005 4960 1112 5016 suum,
1139 4944 1225 5021 quod
1247 4959 1267 5003 a
1291 4959 1419 5002 summo
1444 4942 1539 5015 coelo,
1562 4944 1658 5017 idest,
1680 4962 1701 5007 a

60 5042 159 5105 lsaias
179 5042 308 5120 Spiritu
330 5043 451 5105 Sancto
471 5043 588 5120 plenus
603 5044 714 5105 dicere
735 5043 852 5106 maluit
906 5043 983 5103 sinu
1004 5042 1115 5104 Patris
1137 5041 1195 5101 Dei
1207 5040 1371 5101 altissimi
1392 5042 1534 5118 sumpsit
1552 5046 1702 5105 sanctam

60 5140 139 5217 qnod
168 5140 232 5201 tlos
258 5138 300 5201 de
326 5139 438 5203 radice
468 5141 657 5203 ascenderit
686 5157 785 5218 quam
811 5141 852 5204 de
906 5139 1125 5210 dulcedinem,
1143 5153 1350 5215 quasemper
1364 5138 1576 5200 reficiebatur
1591 5141 1703 5203 anima

59 5237 159 5314 uirga,
183 5237 353 5309 videlicet,
379 5238 420 5298 ad
435 5237 702 5314 distinguendum
729 5240 851 5314 gradus
906 5238 1706 5315 ejus.Astttitreginaadeoetr·tstuts.Perdexte·

60 5335 276 5407 ascensionis,
302 5334 344 5395 ad
373 5336 614 5412 designandum
639 5335 852 5399 sublimitatis
907 5333 1704 5410 ramDeisignificanturcoelestia3persinistram

62 5430 243 5503 lastidium,
275 5432 377 5494 etad
409 5433 638 5512 perimendum
668 5433 761 5496 virus
798 5450 854 5496 er·
907 5431 1115 5509 temporalia.
1134 5431 1227 5493 Unde
1240 5432 1311 5509 ipsa
1323 5432 1403 5493 dicit
1414 5433 1450 5492 in
1465 5432 1600 5493 Cantico
1613 5434 1703 5493 Can-

62 5531 150 5592 roris.
907 5530 1337 5603 ticorumzdcecaep'ussub
1350 5532 1462 5607 cupite
1475 5546 1561 5602 aruo,
1574 5532 1706 5592 eldeu-
