3802 6166
119 256 181 322 253
333 232 340 241 ·
620 208 623 213 ’
741 238 971 320 seleucum.
995 260 1073 321 um.
1089 262 1114 323 1.
1587 354 1591 361 ,
1675 266 1773 351 ,254

114 432 298 499 expensas,
334 433 450 481 omnes
486 416 687 483 dividantur.
725 420 805 481 Cum
839 436 919 483 vero
974 423 1161 502 sumptione
1173 424 1206 487 et
1220 420 1456 487 Purillcatione
1471 423 1581 487 Beate
1596 427 1774 501 Maricam

120 518 225 596 panni
243 515 298 580 vel
321 516 558 590 calceamenta,
584 517 636 579 vel
654 516 783 579 minuta
798 519 918 596 hujus-
974 520 1010 581 in
1043 520 1223 585 festivitate
1255 522 1403 584 omnium
1436 524 1644 586 Sanctorum.
1679 526 1773 589 Nihil

120 617 222 690 modi,
237 615 357 693 quibus
379 632 514 678 necesse
529 615 573 678 sit
591 614 651 690 uti,
666 634 739 695 quae
753 617 852 679 vendi
866 617 919 679 vel
975 618 1088 682 emant
1101 621 1142 681 ad
1154 620 1288 693 victum,
1299 622 1422 699 praeter
1432 638 1563 699 panem,
1576 623 1773 701 etpulmen-

113 714 317 777 conservari
332 729 398 775 non
412 713 555 792 expedit,
578 714 656 777 data
677 714 811 789 fuerint,
835 715 920 778 vela
974 718 1054 790 tum,
1088 719 1217 782 scilicet
1238 718 1343 793 fabas,
1369 719 1402 781 et
1422 720 1506 797 pisa,
1531 723 1565 783 et
1584 721 1774 801 hujusmodi

115 830 158 876 se
173 813 256 891 ipsis
271 812 459 884 habuerint,
476 828 542 874 non
562 811 761 887 dividantur,
779 813 845 875 nisi
858 814 922 875 mi·
975 819 1161 897 legumina,
1185 821 1287 893 olera,
1315 820 1442 893 oleum,
1469 838 1542 895 ova,
1568 822 1631 896 lac,
1659 840 1775 886 caseos

121 912 228 973 nistro
263 909 391 983 domus,
428 911 462 972 et
495 909 653 973 iratribus
685 912 793 974 visum
822 912 922 975 luerit
976 920 1009 981 et
1025 919 1162 981 fructus.
1180 920 1243 982 Sed
1265 935 1372 997 neque
1388 936 1517 993 carnes,
1532 937 1639 1000 neque
1653 923 1773 1000 pisces,

123 1009 293 1088 expedire.
310 1012 356 1071 De
372 1008 491 1087 quibus
506 1008 647 1086 singulis
660 1009 835 1073 dominicis
851 1011 923 1073 die-
977 1016 1048 1078 slve
1073 1017 1186 1079 vinum
1207 1017 1306 1079 liceat
1319 1033 1446 1089 emere,
1464 1018 1529 1079 nisi
1551 1020 1592 1080 ad
1621 1020 1773 1082 necessi-

117 1108 195 1180 :bus,
213 1109 242 1168 si
258 1107 331 1168 lieri
343 1107 461 1184 potest,
487 1107 522 1167 in
549 1108 694 1185 capitulo
709 1108 920 1171 deliberetur.
976 1116 1078 1178 tatem
1113 1115 1333 1189 intirmorum,
1372 1116 1426 1178 vel
1465 1117 1684 1190 minutorum,
1720 1118 1774 1181 vel

125 1207 161 1268 Si
176 1208 286 1269 tamen
299 1205 470 1283 predicta,
496 1209 533 1267 111
555 1206 795 1284 1131111161ῐῆ
814 1207 924 1269 nutri·
977 1230 1170 1294 pauperum,
1196 1215 1255 1277 aut
1285 1214 1320 1276 in
1340 1216 1470 1291 magnis
1497 1216 1773 1278 solemnitatibus.

124 1306 225 1377 turae,
255 1304 325 1365 sive
353 1305 481 1365 minuta
513 1305 752 1379 venderentur,
780 1305 922 1384 pretium
978 1310 1093 1372 Liceat
1105 1310 1217 1371 tamen
1241 1310 1426 1371 nutrituras
1448 1325 1559 1372 emere
1576 1311 1609 1373 61
1633 1312 1773 1374 nutrire.

119 1402 203 1463 inde
227 1404 424 1479 proveniens
439 1403 680 1481 intrespartes
696 1404 847 1482 utsupra
871 1404 925 1465 dl·
979 1411 1059 1470 Cum
1091 1424 1169 1469 vero
1199 1408 1235 1469 in
1258 1408 1380 1470 itinere
1408 1408 1479 1471 sive
1509 1409 1777 1485 peregrinatione

123 1500 268 1563 vidatur.
978 1505 1113 1579 inerint,
1141 1506 1241 1568 liceat
1264 1506 1324 1579 eis,
1348 1505 1406 1567 sed
1428 1522 1539 1583 parce,
1556 1508 1671 1568 vinum
1686 1524 1778 1571 eme-

164 1601 184 1675 ἓ
204 1601 234 1659 2.
258 1601 378 1661 Omnes
399 1599 551 1662 ecclesiae
575 1598 671 1662 istius
695 1600 822 1662 ordinis
843 1600 925 1664 inti·
978 1620 1026 1677 re,
1053 1606 1085 1666 et
1109 1605 1218 1682 pisces
1239 1604 1274 1665 in
1295 1604 1565 1680 Quadragesima,
1589 1605 1619 1665 si
1640 1621 1777 1669 necesse

123 1697 271 1759 tulentur
295 1698 429 1760 nomine
447 1700 480 1758 S.
505 1698 690 1772 Trinitatis,
707 1700 741 1762 et
753 1698 820 1760 sint
831 1698 924 1777 plani
979 1701 1091 1773 luerit,
1126 1704 1160 1764 et
1192 1701 1220 1762 si
1247 1701 1325 1779 quid
1352 1702 1402 1763 eis
1424 1701 1538 1763 datum
1562 1701 1674 1776 suerit,
1697 1702 1776 1765 inde

116 1796 246 1873 operis.
263 1797 397 1857 Fratres
413 1798 550 1873 possunt
564 1813 637 1858 esse
653 1798 686 1858 in
701 1813 766 1858 una
781 1795 923 1858 cohabi-
978 1800 1104 1872 vivant,
1122 1800 1155 1861 et
1168 1800 1338 1861 residuum
1358 1799 1393 1861 in
1408 1801 1476 1861 tres
1489 1802 1600 1878 partes
1615 1801 1775 1864 dividant.
1820 1880 1824 1889 1

125 1894 260 1966 tatione,
276 1894 345 1955 tres
356 1894 481 1965 clerici,
496 1897 530 1957 et
540 1894 608 1956 tres
618 1893 707 1963 laici,
717 1896 750 1956 et
761 1896 925 1971 praeterea
978 1900 1102 1959 'lamen
1116 1897 1145 1959 si
1158 1896 1282 1960 hierint
1296 1898 1396 1960 invia
1409 1898 1547 1976 proiecti
1563 1898 1604 1959 ad
1616 1898 1779 1962 redimen-

125 1991 579 2069 unus,quiprocuratorsit;
601 1992 738 2070 quinon
764 2007 926 2069 procura·
979 1995 1057 2057 dum
1078 1995 1237 2073 captivos,
1268 1996 1426 2074 quidquid
1449 1996 1498 2057 eis
1528 1997 1641 2059 datum
1664 1996 1777 2067 inerit,

123 2090 188 2161 tor,
205 2090 263 2151 sed
278 2090 441 2162 minister,
458 2091 493 2152 ut
507 2090 632 2152 dictum
645 2091 707 2164 est,
724 2090 922 2162 nominetur,
978 2096 1083 2156 totum
1098 2093 1217 2157 debent
1233 2109 1357 2172 ponere
1373 2094 1408 2155 in
1422 2094 1682 2172 redemptionem
1695 2111 1779 2173 cap-

124 2188 163 2249 ut
176 2186 280 2249 irater
294 2188 335 2249 N.
354 2188 507 2250 minister
532 2190 565 2250 S.
590 2188 775 2261 Trinitatis,
793 2188 846 2248 cui
862 2187 926 2249 ira·
979 2191 1122 2253 tivorum
1134 2190 1255 2268 praeter
1269 2206 1444 2268 expensas.
1468 2193 1505 2252 ln
1522 2190 1723 2263 civitatibus,
1743 2191 1780 2255 in

119 2286 194 2348 tres
216 2285 448 2362 repromittere
475 2302 514 2347 ac
542 2287 733 2363 impendere
762 2285 925 2348 obedien·
980 2289 1080 2360 villis,
1099 2290 1170 2351 sive
1185 2288 1343 2360 castellis,
1364 2290 1400 2349 in
1415 2288 1534 2366 quibus
1550 2289 1703 2368 proprias
1717 2290 1782 2352 do-

124 2384 208 2447 tiam
241 2384 427 2445 teneantur.
463 2383 622 2446 Omnibus
656 2383 816 2445 iratribus
842 2383 923 2457 suis,
980 2403 1051 2448 mos
1075 2386 1263 2458 habuerint,
1287 2386 1372 2448 nihil
1402 2387 1536 2448 omnino
1555 2388 1650 2449 extra
1666 2387 1780 2450 domos

125 2482 214 2544 sicut
228 2479 371 2554 sibimet,
386 2481 538 2543 minister
549 2481 694 2543 fideliter
705 2481 925 2543 administret.
981 2485 1068 2559 illas,
1084 2485 1150 2546 nisi
1166 2485 1250 2547 sorte
1274 2484 1309 2545 in
1335 2484 1432 2546 domo
1446 2485 1632 2561 religionis,
1648 2485 1780 2548 etiamsi

124 2581 331 2643 Vestimenta
344 2580 411 2643 sint
424 2580 532 2653 lanea,
551 2580 585 2642 et
608 2579 700 2656 albn3
717 2581 750 2642 et
764 2580 863 2642 liceat
876 2579 926 2640 eis
981 2599 1001 2644 a
1022 2583 1140 2660 quovis
1168 2584 1338 2659 rogentur,
1361 2583 1547 2656 comedant,
1573 2582 1625 2646 vel
1651 2582 1779 2656 bibant,

126 2677 252 2740 habere
264 2677 414 2755 pellicias
426 2677 567 2755 singulis
580 2677 742 2754 singulas,
755 2678 923 2749 etbracas,
981 2682 1047 2743 nisi
1061 2681 1146 2743 sorte
1158 2697 1278 2760 aquam
1300 2681 1335 2742 in
1359 2680 1511 2742 domibus
1533 2680 1703 2757 honestis3
1720 2697 1781 2743 nec

129 2792 213 2854 quas
223 2778 372 2854 jacentes
393 2793 460 2838 non
477 2776 653 2853 deponant.
669 2775 810 2839 iaceant
824 2776 860 2836 in
874 2776 928 2836 le·
981 2783 1178 2857 pernoctare
1192 2778 1396 2858 praesumant
1414 2779 1509 2840 extra
1523 2778 1713 2856 huJusmodi
1727 2780 1782 2841 do·

130 2873 282 2948 neis3ita
301 2873 387 2952 quod
402 2875 534 2953 plumea
556 2874 674 2947 lulcra,
690 2874 924 2945 velculcitras,
982 2894 1063 2938 mos.
1085 2878 1263 2956 Nunquam
1290 2878 1326 2937 in
1349 2876 1495 2939 tabernis
1520 2878 1574 2939 vel
1607 2878 1642 2938 in
1664 2878 1783 2956 huJus-

125 2970 198 3033 nisi
218 2972 253 3032 in
277 2972 474 3049 aegritudine
496 2972 698 3046 laborantes,
725 2973 761 3033 in
776 2971 927 3033 domibus
982 2976 1070 3037 modi
1092 2976 1175 3037 locis
1196 2976 1382 3037 inhonestis
1406 2974 1567 3048 habitent,
1594 2976 1780 3045 comedant,

127 3070 274 3148 propriis
289 3070 425 3132 minime
447 3070 602 3132 habeant.
627 3070 776 3132 Cervical
792 3087 870 3132 vero
885 3069 926 3130 ad
981 3075 1034 3135 vel
1063 3073 1187 3135 bibant.
1216 3075 1278 3145 Qui
1303 3073 1414 3133 autem
1440 3072 1503 3134 hoc
1520 3073 1779 3150 praesumpserit,

128 3167 402 3230 sustentationem
416 3169 534 3246 capitis
549 3168 926 3246 permittanturhabere.
978 3172 1075 3249 juxta
1102 3169 1276 3232 arbitrium
1310 3169 1455 3231 ministri
1494 3171 1589 3245 gravi
1625 3171 1781 3233 vindictae

129 3269 169 3329 In
185 3267 300 3344 cappis
314 3265 453 3329 fratrum
469 3268 682 3344 imponantur
696 3267 803 3342 signa.
819 3269 928 3343 Equos
984 3269 1165 3347 subjaceat.

126 3381 198 3427 non
214 3364 407 3434 ascendant,
421 3381 484 3427 nec
499 3365 598 3427 etiam
612 3364 766 3437 habeant,
783 3365 840 3425 sed
855 3364 928 3425 asi·
1023 3365 1043 3440 5
1063 3367 1093 3423 4.
1115 3363 1206 3424 Talis
1220 3362 1264 3424 sit
1277 3362 1400 3424 caritas
1422 3362 1510 3423 inter
1527 3361 1659 3435 iratres,
1677 3362 1782 3423 cleri-

127 3479 191 3526 nos
204 3463 333 3525 tantum
348 3463 447 3525 liceat
465 3463 656 3535 ascendere,
673 3462 778 3534 dalea,
802 3462 856 3523 vel
872 3478 930 3524 ac-
985 3477 1040 3522 cos
1053 3463 1087 3523 et
1099 3461 1215 3532 laicos,
1236 3460 1272 3520 ut
1295 3460 1411 3521 eodem
1429 3460 1530 3531 victu,
1551 3460 1684 3531 vestitu,
1706 3460 1785 3522 dor*-

128 3561 365 3633 commodates,
381 3561 434 3623 vel
448 3561 488 3623 de
503 3561 648 3639 propriis
664 3559 842 3621 nutrituris
855 3576 931 3621 sus·
985 3558 1128 3631 mitorio,
1146 3556 1323 3619 refectorio
1337 3557 1370 3619 et
1382 3556 1497 3618 eadem
1510 3572 1625 3618 mensa
1636 3557 1782 3619 utantur.
1889 3608 1896 3621 .

130 3662 256 3739 ceptos.
985 3657 1112 3720 Inllrmi
1127 3671 1277 3718 seorsum
1290 3655 1466 3727 dormiant,
1485 3656 1518 3718 et
1530 3654 1725 3717 comedant:
1742 3654 1784 3718 ad

170 3760 191 3834 s
211 3760 242 3819 3.
264 3758 385 3819 Vinum
398 3757 628 3819 sumenduma
644 3756 802 3818 iratribus
819 3756 932 3819 taliter
985 3772 1126 3833 quorum
1137 3752 1446 3815 curamhabendam
1458 3769 1638 3815 conversus
1649 3753 1782 3832 aliquis,

130 3858 346 3934 temperetur,
360 3858 395 3918 ut
407 3855 517 3917 sobrie
532 3856 619 3917 sumi
634 3856 755 3917 valeat.
776 3854 932 3933 Jejunent
986 3853 1103 3924 laicus,
1118 3852 1189 3913 sive
1211 3850 1353 3913 clericus
1377 3851 1562 3929 deputetur,
1588 3851 1644 3927 qui
1659 3866 1699 3912 ea
1712 3868 1785 3929 quae

131 3954 174 4016 ab
199 3954 308 4015 idibus
330 3954 537 4032 septembris,
563 3954 720 4026 secunda,
745 3955 873 4031 quarta,
900 3952 933 4014 et
985 3950 1177 4012 necessaria
1190 3949 1313 4010 luerint
1334 3949 1482 4027 inquirat
1501 3949 1534 4010 et
1554 3949 1720 4013 ministret
1733 3950 1784 4012 si-

131 4053 229 4115 sexta
244 4052 339 4125 feria,
364 4054 397 4114 et
420 4052 567 4124 sabbato,
584 4052 649 4113 uisi
664 4052 820 4113 solemnis
836 4051 933 4112 lesil-
987 4051 1043 4111 cut
1055 4048 1154 4111 luerit
1168 4047 1435 4109 ministrandum.
1454 4048 1654 4109 Moneantur
1673 4049 1785 4111 tamen

130 4151 220 4213 vitas
232 4151 459 4223 intervenerit,
476 4149 636 4228 usquead
650 4150 797 4226 Pascba;
813 4150 861 4210 sic
875 4152 932 4210 ta·
988 4147 1122 4220 infirmi,
1139 4147 1176 4208 ut
1189 4146 1280 4207 lauta
1292 4145 1364 4208 sive
1376 4145 1515 4206 nimium
1531 4147 1722 4223 sumptuosa
1738 4147 1789 4209 ci·

132 4265 210 4311 men
233 4250 270 4310 ut
293 4249 334 4309 ab
358 4249 509 4311 Adventu
531 4263 636 4326 usque
658 4247 699 4308 ad
719 4248 932 4310 Nativitatem
988 4245 1083 4307 baria
1097 4259 1164 4306 non
1176 4243 1359 4321 requirant,
1377 4244 1548 4305 commoda
1563 4244 1672 4321 potius
1685 4246 1719 4306 et
1732 4261 1789 4306 sa-

132 4348 351 4419 Deminicam,
374 4349 408 4408 et
428 4363 447 4408 a
472 4346 750 4424 Quinquagesima
770 4344 933 4424 usquead
988 4343 1076 4404 lubri
1091 4342 1316 4405 moderatione
1332 4342 1488 4403 contenti.
1514 4344 1601 4402 Cura
1621 4341 1788 4419 hospitum

133 4446 276 4518 Pascha,
292 4446 439 4523 exceptis
464 4445 640 4506 dominicis
667 4443 795 4517 diebus,
810 4445 845 4504 in
860 4442 933 4506 cibo
988 4443 1022 4504 et
1036 4456 1230 4519 pauperum,
1240 4439 1588 4501 etomniumeuntium
1603 4439 1637 4501 et
1651 4439 1790 4502 redeun-

132 4544 415 4623 quadragesimali
435 4544 599 4621 jeJunent,
626 4543 658 4605 et
682 4543 749 4604 alia
781 4543 935 4604 similiter
988 4541 1071 4602 tium
1087 4539 1145 4599 uni
1158 4538 1198 4599 de
1213 4537 1464 4599 discretioribus
1484 4539 1517 4598 et
1537 4535 1789 4614 benignioribus

126 4642 274 4722 jeiunia,
302 4658 375 4720 quae
395 4642 567 4704 consuevit
587 4641 729 4703 ecclesia
751 4640 933 4703 celebrare.
990 4637 1150 4699 iratribus
1174 4636 1378 4713 injungatur,
1404 4635 1460 4713 qui
1480 4634 1595 4696 audiat
1618 4649 1686 4707 eos,
1706 4634 1740 4696 et
1754 4636 1791 4698 ut

133 4743 251 4804 Potest
264 4742 375 4804 tamen
389 4740 587 4819 quandoque
607 4740 759 4802 minister
769 4740 935 4818 jejunium
990 4735 1147 4811 expedire
1168 4733 1300 4805 viderit,
1327 4733 1475 4793 caritatis
1504 4730 1659 4792 solatium
1682 4732 1791 4793 admi-

133 4856 212 4903 cum
235 4839 435 4901 discretione
458 4839 613 4902 relaxare
635 4838 770 4916 propter
792 4838 933 4910 aetatem,
990 4834 1119 4894 nistret.
1136 4831 1295 4908 Requirat
1309 4832 1419 4891 tamen
1440 4828 1481 4890 ab
1503 4828 1571 4888 illis
1586 4843 1668 4906 quos
1681 4829 1792 4892 credi·

132 4938 191 5001 vel
205 4938 305 5010 viam,
328 4939 361 4999 et
379 4937 480 4998 aliam
498 4937 622 5013 justam
646 4951 793 5008 eausam,
809 4936 863 4998 vel
881 4935 935 4996 la·
990 4931 1076 4994 derit
1095 4928 1326 5000 admittendos,
1341 4928 1371 4987 si
1383 4926 1431 4987 eis
1440 4942 1513 5004 quae
1523 4926 1682 4989 fratribus
1692 4944 1791 5007 appo-

132 5036 261 5099 cultata
271 5035 422 5113 inspecta
443 5035 543 5096 etiam
567 5035 794 5110 augmentare.
814 5034 935 5094 Carni·
990 5029 1117 5092 nuntur
1125 5027 1229 5089 velint
1237 5042 1311 5087 esse
1322 5024 1479 5086 contenti.
1491 5024 1540 5086 hd
1555 5024 1645 5086 lauta
1658 5026 1791 5103 quidem

133 5132 297 5196 busdatis
312 5133 353 5194 ab
368 5132 421 5193 bis
443 5133 500 5210 qui
524 5131 605 5193 ioris
621 5131 707 5203 sunt,
724 5131 778 5193 vel
797 5130 937 5219 sumptis
991 5132 1025 5191 et
1048 5127 1241 5203 sumptuosa
1263 5123 1390 5186 cibaria
1414 5139 1481 5183 uon
1511 5125 1641 5201 oportet
1672 5141 1792 5202 quem-

134 5232 180 5295 de
199 5230 342 5309 propriis
366 5230 553 5302 nutrituris,
574 5231 665 5292 vesci
687 5229 787 5291 liceat
808 5230 937 5290 tantum
992 5242 1091 5306 quam
1115 5223 1255 5286 admitti.
1290 5224 1511 5299 Quaecumque
1543 5222 1654 5283 tamen
1683 5238 1792 5300 praes-

135 5331 175 5393 in
187 5329 361 5391 dominicis
375 5328 491 5389 diebus
506 5345 525 5389 a
542 5328 682 5401 Pascha,
696 5343 800 5404 usque
816 5327 857 5387 ad
870 5326 939 5388 hd·
992 5323 1093 5387 tanda
1107 5320 1204 5393 ¹sunt,
1228 5336 1302 5382 cum
1331 5319 1501 5381 hilaritate
1525 5320 1735 5397 praestentur,
1761 5322 1795 5385 61

134 5430 274 5491 ventum
288 5426 430 5499 Domini,
455 5427 488 5489 et
509 5442 529 5487 a
551 5426 664 5487 Natali
679 5441 783 5503 usque
798 5424 840 5485 ud
856 5428 939 5502 Sep·
993 5421 1077 5484 nulli
1097 5418 1309 5481 maledictum
1332 5433 1393 5494 pro
1422 5416 1598 5479 maledicto
1622 5418 1791 5481 reddatur.

136 5525 370 5602 tuagesimam,
394 5525 428 5586 et
441 5524 476 5585 in
491 5524 675 5587 Nativitate
699 5525 732 5585 et
753 5523 939 5602 Epiphania
995 5520 1030 5582 Si
1046 5519 1130 5597 quis,
1146 5518 1178 5579 et
1191 5516 1336 5578 maxime
1357 5515 1545 5593 religiosus,
1563 5516 1604 5577 ad
1619 5516 1793 5595 hospitan-

135 5624 284 5697 Domini,
308 5624 343 5685 et
365 5623 400 5684 in
424 5622 626 5686 ascensione
652 5622 795 5700 Domini,
822 5622 941 5686 61116-
994 5619 1072 5680 dum
1087 5615 1269 5688 advenerit,
1293 5613 1436 5691 benigne
1457 5612 1668 5691 suscipiatur,
1688 5616 1722 5676 et
1736 5629 1794 5676 ca-
