3802 6166
124 270 164 333 19
750 274 926 336 horloini
947 274 993 335 111
1014 274 1163 337 OPERA.
1736 276 1777 336 20

128 432 161 492 S.
191 433 282 495 Petri
313 432 350 495 in
376 432 533 506 Castalio,
563 435 676 497 Sancti
700 435 863 499 iohannis
889 436 924 497 in
978 433 1051 512 ipsa
1067 438 1186 508 Furca,
1203 435 1236 498 et
1249 434 1375 497 curtem
1395 435 1428 495 S.
1445 434 1560 497 Mariae
1575 434 1610 496 in
1626 435 1717 508 Sala,
1743 450 1777 512 et

127 530 274 603 Carrica,
303 532 416 593 Sancti
440 531 560 607 Angeli
582 534 615 594 et
643 536 676 595 S.
706 534 866 595 Nicandri
891 535 925 596 et
979 534 1012 594 S.
1030 533 1200 595 Benedicti
1219 532 1358 595 Piozuli.
1376 532 1499 594 Ibidem
1527 534 1639 595 Sancti
1661 536 1773 596 Bene-

130 630 242 690 Sancti
256 629 389 690 'rhomae
405 630 439 690 in
454 632 565 707 Troja,
579 634 611 692 S.
630 633 775 694 Eustasii
790 633 825 693 in
841 637 924 694 Pan·
977 632 1056 694 dicti
1072 631 1106 693 in
1121 631 1272 703 Caesima,
1293 635 1326 693 S.
1348 630 1464 693 Jacohi
1483 631 1524 693 de
1545 647 1637 709 pace,
1661 634 1774 694 Sancti

127 727 225 798 tasia,
244 730 276 788 S.
293 728 462 789 Benedicti
479 730 513 788 in
529 730 677 801 alarino,
699 733 732 791 S.
754 731 922 793 Benedicti
977 730 1148 792 Benedicti
1174 731 1207 793 et
1230 730 1347 791 Sancti
1375 730 1495 791 Leonis
1520 719 1556 790 in
1581 732 1714 802 Suessa,
1743 732 1776 793 et

126 825 167 885 in·
177 825 356 897 Pectinari,
370 828 499 887 Sanctae
514 828 629 889 Mariae
640 828 675 888 in
691 829 794 890 casali
805 830 920 902 Plano,
977 830 1114 901 curtem,
1139 844 1212 905 quaa
1240 826 1361 888 dicitur
1382 828 1564 899 Lauriana,
1600 830 1633 889 et
1657 829 1775 905 phacu-

128 924 258 984 Sanctae
278 924 475 985 illuminatae
499 925 534 985 in
561 926 698 987 castello
723 930 920 1001 Lemusano,
977 926 1064 997 dum,
1080 926 1165 1003 quod
1178 924 1241 987 fuit
1256 925 1408 986 Pandulfi
1428 926 1469 987 de
1483 926 1640 998 Patricio,
1659 927 1773 987 Sancti

127 1022 258 1082 Sanctae
273 1022 456 1094 Trinitatis,
472 1026 505 1085 et
519 1025 632 1086 Sancti
646 1026 779 1101 Georgii
792 1027 826 1086 in
840 1029 923 1087 Ter-
975 1024 1137 1086 Johannis
1178 1022 1210 1083 in
1247 1025 1416 1095 Currenti,
1458 1026 1491 1085 S.
1527 1024 1697 1085 Benedicti
1737 1024 1771 1084 in

126 1118 224 1190 mole,
249 1121 360 1182 Sancti
382 1122 497 1183 Focati
521 1122 555 1183 in
580 1124 702 1184 Lesina
728 1140 803 1184 cum
827 1125 921 1186 fauce
975 1123 1125 1197 Thean03
1143 1122 1273 1184 Sanctae
1287 1122 1402 1183 Mariae
1417 1123 1452 1182 in
1467 1122 1578 1194 Calvo,
1596 1125 1628 1184 et
1645 1125 1677 1182 S.
1690 1125 1775 1198 nga-

126 1217 160 1277 et
175 1217 330 1293 piscaria,
349 1221 381 1278 S.
406 1220 573 1282 Benedicti
593 1221 629 1282 in
652 1221 784 1293 Asculo,
809 1223 921 1284 Sancti
975 1220 1036 1298 pili
1057 1220 1092 1280 in
1113 1220 1283 1281 territorio
1310 1220 1412 1292 Calvi,
1442 1221 1555 1282 Sancti
1577 1220 1716 1281 Nazarii
1737 1221 1772 1280 in

126 1314 296 1375 Eustachii
311 1315 346 1375 in
362 1317 678 1388 Petrahabundanti,
708 1321 821 1381 Sancti
837 1323 923 1381 Eus-
975 1318 1137 1394 Anglona,
1165 1318 1279 1379 Sancti
1300 1318 1469 1396 Adjutoris
1493 1320 1525 1379 et
1547 1320 1579 1378 S.
1600 1318 1769 1379 Benedic-t'

125 1412 229 1473 tachii
245 1412 279 1472 in
295 1413 428 1489 vipera,
448 1417 576 1478 Sanctae
603 1417 719 1478 Mariae
743 1418 777 1478 in
796 1420 920 1479 Barut-
975 1416 1010 1478 in
1023 1416 1170 1493 AliphaS,
1189 1415 1301 1477 Sancti
1316 1416 1446 1477 Domini
1462 1416 1496 1476 in
1506 1415 1772 1487 Telesia,Sancti

125 1509 216 1578 tanc,
241 1512 273 1570 8.
299 1510 513 1574 scholasticae
535 1515 570 1574 in
593 1515 721 1587 Pinnis,
746 1517 779 1577 8.
804 1516 921 1578 Salva·
975 1513 1111 1575 Martini
1124 1515 1160 1574 in
1174 1514 1347 1585 Vulturno,
1374 1515 1407 1573 8.
1425 1513 1515 1575 Petri
1535 1513 1571 1574 in
1594 1514 1705 1574 Sexto.
1733 1517 1771 1573 ln

125 1607 209 1669 toris
247 1607 283 1667 in
310 1610 409 1681 Taua,
441 1613 474 1671 S.
504 1610 635 1673 Nicolai
658 1615 756 1689 juxta
782 1614 920 1674 fluvium
974 1611 1128 1688 Amalphi
1147 1613 1276 1673 Sanctae
1298 1612 1412 1672 Crucis
1441 1612 1473 1673 et
1497 1612 1610 1672 Sancti
1624 1611 1769 1684 Nicolai,

127 1705 301 1766 'lrutinum
321 1706 356 1767 in
370 1710 508 1784 Aprutio
523 1726 597 1770 cum
613 1711 822 1786 pertinentiis
837 1713 919 1784 sule,
976 1711 1106 1772 Sanctae
1119 1710 1234 1770 Crucis
1246 1710 1281 1771 in
1302 1709 1431 1780 Sernia,
1449 1711 1482 1769 S.
1503 1709 1608 1770 Marci
1629 1710 1665 1769 in
1690 1711 1773 1770 Car-

129 1803 243 1865 Sancti
276 1804 438 1866 iohannis
473 1807 514 1867 ad
553 1809 776 1881 Scursioncm,
808 1809 920 1871 Sancti
975 1808 1107 1884 pinone,
1126 1809 1159 1868 S.
1175 1807 1291 1867 Mariae
1311 1807 1345 1867 in
1367 1806 1502 1878 Calena,
1524 1807 1636 1867 Sancti
1658 1808 1770 1867 Bene-

127 1903 298 1965 Benedicti
325 1905 361 1964 in
385 1906 520 1977 Tranio,
554 1908 667 1969 Sancti
693 1907 861 1969 Benedicti
886 1906 920 1967 in
975 1906 1054 1966 dicti
1067 1906 1100 1966 in
1112 1905 1224 1977 Trani,
1242 1907 1275 1966 S.
1291 1904 1460 1966 Benedicti
1475 1905 1509 1963 in
1524 1904 1613 1976 Bari,
1632 1906 1664 1964 S.
1681 1904 1771 1965 Petri

126 1999 239 2061 'sisino
259 2001 373 2074 liudo,
398 2005 510 2064 Sancti
525 2005 729 2081 Apollinaris
744 2006 779 2066 iu
795 2007 918 2085 Firmo,
975 2003 1158 2080 imperialis
1177 2003 1213 2063 in
1234 2004 1387 2064 Tarento.
1414 2004 1452 2062 ln
1473 2001 1627 2063 Calabria
1652 2002 1772 2062 cellam

127 2098 183 2173 qui
207 2098 330 2160 dieitur
353 2100 394 2160 ad
416 2101 564 2177 Oplahls,
593 2106 722 2165 Sanctae
746 2108 861 2169 Mariae
886 2110 920 2170 in
976 2104 1009 2161 S.
1023 2101 1220 2171 Allastasiae,
1246 2099 1417 2162 castellum
1438 2100 1537 2160 Tellae
1560 2100 1592 2159 et
1611 2100 1771 2160 ccclesias

125 2195 296 2268 arboscla,
313 2198 424 2259 Sancti
437 2200 559 2261 Marini
570 2201 604 2261 in
618 2202 743 2275 Saline,
756 2207 790 2265 S.
802 2207 921 2282 angeli
976 2199 1144 2270 Solletani,
1163 2200 1291 2260 Sanctae
1307 2199 1422 2258 Mariae
1433 2197 1468 2257 in
1482 2199 1621 2273 liopea,
1640 2200 1772 2258 sanctae

22 2318 25 2323 -
126 2292 161 2352 in
177 2295 326 2365 clarano,
334 2296 366 2356 et
382 2298 438 2357 ss.
448 2298 578 2374 septem
592 2302 797 2374 Fratrum&
808 2305 920 2366 sancti
975 2297 1166 2373 Euphemiae
1180 2297 1216 2357 in
1228 2295 1388 2356 Marchia.
1404 2297 1484 2355 Item
1500 2295 1679 2365 civitatem,
1695 2312 1770 2372 quae

126 2391 308 2464 Laurentii,
324 2393 438 2455 Sancti
451 2397 620 2459 Benedicti
639 2397 674 2458 in
690 2399 865 2476 Ripanrsa.
883 2404 920 2463 In
975 2394 1096 2456 dicitur
1112 2395 1224 2455 Sancti
1244 2393 1410 2465 Germani,
1428 2393 1569 2470 POSstaffl
1591 2393 1631 2453 {ld
1653 2393 1771 2469 pedem

126 2489 283 2551 comitatu
307 2492 485 2568 Aqriinensi
511 2494 628 2555 cellam
652 2498 763 2558 Sancti
790 2502 919 2576 Grego—
975 2493 1080 2571 ipsius
1104 2492 1236 2564 montis,
1265 2492 1576 2562 pontemcurvum,
1598 2491 1773 2553 etcastel·

125 2586 179 2658 rn,
197 2588 356 2651 essancti
372 2590 532 2663 niaurnn,
559 2594 591 2653 et
616 2594 648 2653 S.
672 2595 779 2667 Pauli,
807 2599 920 2659 sancti
974 2589 1283 2661 lumsanctiPetri
1306 2588 1391 2666 quou
1407 2587 1448 2649 an
1472 2588 1618 2665 antiquis
1645 2586 1771 2649 dictum

125 2686 320 2759 Constantii,
337 2690 369 2747 S.
389 2689 630 2767 christophori,
648 2693 917 2767 Sanc-tiNicolai,
974 2690 1024 2749 est
1054 2688 1198 2749 castrum
1227 2687 1350 2758 (miili,
1376 2686 1548 2747 castellum
1583 2688 1615 2746 S·
1649 2686 1772 2761 Alltteli

58 2814 61 2819 ·
126 2784 160 2843 et
175 2785 207 2843 S.
223 2785 339 2845 Marta
355 2785 389 2846 in
402 2786 574 2859 Albanam,
600 2791 712 2851 Sancti
733 2792 864 2853 Nicolai
885 2794 919 2855 in
974 2786 1206 2847 Pillnssiarium
1228 2785 1370 2856 Tel'amb
1393 2783 1615 2858 Plumbffl'Olfl,
1640 2784 1771 2845 Ρθὲίῖθ·

126 2880 271 2954 Ciconia,
289 2884 401 2944 Sancti
411 2885 580 2947 Benedicti
595 2886 629 2947 in
640 2887 721 2959 Clia,
735 2891 767 2950 S.
784 2892 919 2953 Nazarii
974 2885 1084 2945 monte
1123 2885 1156 2945 et
1190 2882 1303 2944 rillam
1339 2882 1559 2954 pedemontis,
1594 2881 1772 2943 castellum

126 2977 161 3039 in
183 2981 329 3053 comino,
354 2982 386 3043 et
410 2984 523 3045 Sancti
543 2984 722 3058 Valentini,
748 2989 781 3050 et
807 2991 919 3051 sancti
975 2981 1088 3043 Sancti
1103 2979 1273 3058 Stephani,
1289 2979 1461 3041 castellum
1484 2979 1596 3040 Sancti
1620 2980 1769 3055 Georgii,

125 3077 273 3150 Martini,
304 3081 336 3140 S.
366 3079 501 3153 Urbani,
534 3084 566 3143 8.
593 3084 722 3159 angeli,
747 3088 780 3146 S.
810 3088 917 3160 Pauli,
974 3080 1146 3141 castollum
1163 3081 1195 3139 S.
1220 3077 1434 3153 Apollinaris
1460 3076 1632 3138 castellum
1655 3077 1773 3138 Sancti

126 3176 160 3235 S.
175 3175 295 3237 FeHcis
310 3180 343 3240 et
358 3180 391 3240 S.
410 3179 604 3253 saluatoris,
625 3183 737 3244 Sancti
752 3184 869 3260 angeli
884 3186 919 3247 in
972 3177 1149 3263 Ambrosii,
1179 3175 1350 3237 castellum
1375 3177 1408 3235 S·
1439 3174 1571 3246 Audiit,
1599 3175 1774 3235 Vallissti·

123 3272 331 3345 Valle·Luci,
352 3278 384 3335 8.
402 3276 579 3339 Michaelis
593 3279 628 3339 in
650 3279 790 3354 Oliveto,
808 3285 841 3343 s.
857 3283 920 3344 Ni.
973 3276 1061 3351 gida,
1076 3274 1248 3337 castellum
1262 3290 1393 3334 novum.
1410 3274 1537 3333 Fractae
1549 3273 1581 3333 et
1593 3273 1772 3334 ecclesiam

124 3370 210 3431 colai
236 3371 271 3431 in
300 3373 378 3434 Pica
409 3391 484 3435 cum
512 3378 670 3453 cappellis
699 3379 779 3452 suis,
807 3381 919 3443 Sancti
974 3373 1088 3435 Sancti
1115 3372 1262 3443 Martini,
1290 3371 1425 3433 Mirillla
1454 3387 1528 3431 cum
1556 3370 1629 3446 ihsa
1662 3372 1770 3442 Christ,

123 3469 311 3546 llonuphrii
328 3473 361 3533 ot
376 3475 408 3533 S.
426 3474 541 3535 Mariae
556 3475 596 3536 de
617 3478 765 3554 AEgpptt,
790 3481 822 3540 S.
845 3482 918 3541 An-
973 3488 1046 3549 quae
1063 3470 1184 3533 d1citur
1199 3472 1282 3531 Casa
1299 3469 1432 3540 sortina,
1448 3484 1579 3529 roccam
1594 3468 1774 3530 deBantra

122 3566 234 3643 geliin
252 3570 426 3642 Cannutio,
443 3573 916 3650 SanctiJohannisdePesclo,
973 3586 1047 3630 cum
1076 3567 1228 3629 omnibus
1257 3565 1466 3642 pertinentiis
1497 3565 1577 3636 Silis,
1616 3566 1770 3640 sugium,

124 3666 157 3725 s,
176 3667 293 3728 niariae
321 3669 356 3728 m
380 3670 513 3742 verule,
541 3673 573 3732 s,
603 3673 692 3735 Petri
716 3674 751 3734 m
775 3675 915 3747 escleta,
972 3671 1109 3728 rumam
1133 3666 1174 3727 ad
1204 3666 1308 3735 mare,
1332 3666 1429 3741 juxta
1454 3662 1591 3723 nurum
1618 3662 1771 3723 oar-trra-

122 3764 157 3823 8.
174 3764 284 3825 Luciao
308 3766 341 3827 et
360 3768 393 3827 8.
420 3768 509 3828 Petri
533 3768 567 3829 in
592 3769 716 3842 Curuli,
747 3772 780 3833 et
806 3774 919 3835 sancti
972 3781 1061 3826 num.
1081 3762 1193 3825 Sancti
1210 3761 1403 3832 salvatoris,
1429 3760 1484 3837 qui
1502 3760 1639 3821 uocatur
1660 3762 1774 3821 Cucu-

122 3859 253 3922 Nicopaj
282 3862 323 3923 αθ
349 3865 571 3938 ppancavjpa,
612 3869 645 3927 s,
681 3867 843 3930 Jollannis
878 3872 918 3933 αθ
972 3862 1219 3923 rumollantra
1237 3858 1766 3930 comitalis,t'antrahelladica,

122 3957 297 4031 Plantano,
329 3962 361 4020 8.
391 3961 550 4037 Sylvestri
581 3964 614 4025 et
641 3966 674 4025 S.
705 3967 851 4039 Martini,
886 3970 919 4032 et
973 3960 1144 4021 Caminum
1166 3962 1374 4037 juncturam,
1407 3956 1616 4027 Torocclum,
1645 3958 1773 4017 Cerua-

124 4056 157 4114 S.
175 4056 284 4117 erciae
307 4058 340 4117 m
356 4058 492 4135 arpino,
520 4061 553 4120 s.
575 4061 690 4123 Maria
715 4063 755 4123 de
775 4066 917 4129 castello
972 4059 1069 4129 rium,
1088 4060 1120 4118 S·
1137 4057 1314 4127 victorem,
1333 4058 1366 4116 S·
1381 4055 1515 4116 retr-um
1530 4054 1565 4113 m
1579 4054 1655 4121 tine,
1669 4056 1773 4115 sauc-

123 4154 299 4230 SupponiS,
318 4157 350 4215 S.
373 4156 543 4217 Benedicti
566 4156 600 4218 in
622 4158 713 4221 Colle
737 4161 777 4222 de
792 4165 914 4236 Insula,
970 4158 1040 4219 tum
1068 4156 1208 4227 lleliam,
1241 4154 1370 4216 Vallem
1392 4152 1604 4223 Rettundam,
1632 4153 1772 4214 Saraci-

123 4251 156 4311 S.
186 4251 301 4313 Mariae
330 4252 364 4313 in
401 4253 545 4327 Babuco,
577 4258 689 4319 Sancti
724 4258 854 4323 Nicolai
882 4264 917 4323 in
972 4255 1112 4326 niscum,
1135 4256 1281 4315 castrum
1301 4251 1402 4323 Atini,
1424 4267 1498 4310 cum
1523 4249 1772 4326 omnihusper-

120 4350 270 4423 l'urrice,
301 4353 334 4412 S.
363 4352 489 4415 Juliani
512 4354 687 4428 Frisilone,
715 4359 828 4421 Sancti
850 4363 918 4423 Va-
972 4352 1217 4422 tinentiissuis,
1235 4348 1421 4421 cardetum,
1439 4348 1769 4424 aquamfundatam,

121 4447 240 4509 lentini
263 4449 298 4509 in
313 4452 501 4513 Ferentino.
526 4455 562 4513 In
586 4456 725 4530 Anagna
750 4459 783 4517 S.
807 4460 918 4519 Caesa-
973 4452 1168 4525 Vitigosum,
1205 4447 1381 4510 ecclesiam
1414 4446 1527 4507 Sancti
1562 4446 1699 4506 Martini
1735 4447 1771 4507 in

120 4547 182 4619 rei,
208 4549 319 4611 Sancti
341 4550 458 4625 angeli
482 4550 517 4611 in
543 4551 672 4625 Algido,
698 4555 730 4614 s.
760 4556 864 4618 Marci
881 4557 916 4617 in
971 4550 1053 4627 pede
1065 4549 1172 4620 hrcle,
1185 4548 1330 4610 castrum
1348 4544 1516 4612 Cetrariaa,
1529 4560 1604 4604 cum
1614 4544 1771 4606 rirrmibus

121 4646 284 4719 ceccano,
316 4649 349 4709 S.
394 4648 531 4724 Agathae
565 4649 599 4709 in
643 4651 847 4724 Tusculano,
885 4654 918 4717 ot
971 4646 1123 4708 ecclesiis
1143 4646 1176 4706 et
1198 4642 1408 4721 pertinentiis
1439 4642 1520 4702 suis.
1551 4644 1587 4702 lu
1616 4643 1771 4704 Mart-hia

122 4745 155 4804 8.
176 4746 396 4817 Hierusalem,
417 4748 449 4806 S.
471 4741 640 4808 Benedicti
660 4746 694 4807 in
712 4748 840 4812 Albano
857 4772 864 4811 :
881 4751 917 4813 in
970 4745 1133 4806 Thoatina
1153 4741 1324 4804 castellum
1350 4739 1592 4809 lastinianum,
1622 4741 1774 4803 Mentem

121 4843 225 4904 Roma
237 4844 473 4906 monasterium
490 4844 604 4906 Sancti
619 4844 817 4920 Sebastiani,
830 4850 916 4925 quod
970 4842 1127 4913 hiberici,
1150 4839 1324 4909 Mucclam,
1340 4840 1373 4897 S.
1392 4837 1559 4910 Quiricum
1578 4854 1652 4897 cum
1671 4841 1771 4917 portu

121 4939 243 5000 dicitur
257 4942 474 5002 Palladia:iu
490 4944 624 5003 Lucano
640 4943 757 5005 cellam
769 4948 802 5006 S.
819 4949 918 5007 Geor·
971 4940 1115 5010 Frisani,
1140 4940 1173 4999 S.
1197 4940 1337 4999 iustam.
1362 4937 1398 4995 ln
1420 4935 1579 4995 comitatu
1602 4935 1771 4997 Esculano

27 5096 30 5101 .
121 5036 178 5111 gii,
210 5040 243 5096 S.
268 5040 450 5100 Salt'atoris
479 5041 512 5101 iu
534 5040 696 5103 Civitclla.
727 5044 764 5103 ln
795 5036 917 5106 ducatu
972 5038 1154 5108 castellum,
1183 5034 1269 5112 quod
1293 5032 1415 5093 dicitur
1441 5034 1609 5103 Octavum,
1636 5033 1773 5108 etpost

122 5134 302 5209 Sitolctitto,
320 5139 353 5196 8.
366 5138 520 5197 Germani
536 5138 571 5199 in
588 5142 682 5207 Sora,
698 5142 730 5200 S.
747 5142 916 5205 Benedicti
972 5140 1114 5197 nmntem
1126 5130 1539 5202 cinianum,'l'riviliamun
1550 5134 1582 5190 et
1593 5132 1770 5193 Carinum.

122 5229 156 5291 in
172 5232 393 5303 Peschosuua,
412 5238 445 5293 S.
463 5235 553 5296 Petri
574 5236 609 5296 in
632 5237 783 5309 Morinis,
804 5241 916 5302 Sancti
973 5239 1008 5296 ln
1022 5232 1210 5311 principatu
1225 5229 1398 5291 castellum
1423 5229 1516 5303 Ripae
1542 5230 1646 5298 orsa,
1671 5230 1774 5290 bitui-

119 5328 593 5404 AngeliinPescoCanali,S.
611 5334 914 5411 PatrisinFormis,
970 5331 1178 5401 tembellum,
1224 5329 1322 5388 Petra
1364 5326 1515 5386 Fracida.
1556 5328 1592 5385 ln
1630 5327 1772 5389 Coruino

123 5428 236 5488 Sancti
249 5428 365 5501 angeli
382 5428 517 5500 inhibe,
532 5432 564 5490 S.
581 5432 710 5492 Erasini
726 5432 760 5493 in
776 5436 918 5512 Pompa·
971 5427 1212 5491 vicumalbum.
1236 5428 1272 5485 ln
1287 5424 1454 5485 territorio
1470 5423 1670 5484 Carseolano
1693 5442 1774 5487 cas-

24 5550 28 5561 ·
121 5538 215 5595 rane,
231 5526 264 5585 8.
282 5524 396 5585 Maria
412 5525 447 5585 in
462 5526 573 5587 Celhs.
590 5528 627 5587 In
639 5528 782 5591 Benaha
799 5534 832 5591 S.
848 5535 915 5593 Be·
970 5529 1086 5590 tellum
1101 5523 1298 5587 Mauricula.
1315 5521 1474 5591 Pinetum,
1494 5522 1772 5585 RoccaminCa-

122 5620 256 5696 nedicti,
273 5621 306 5684 et
321 5623 353 5683 S.
371 5622 517 5695 Nazarii,
540 5624 573 5687 et
597 5625 710 5689 Sancti
734 5627 869 5693 Martini
881 5630 917 5693 in
971 5626 1142 5689 moratam.
1160 5625 1296 5686 Fossam
1321 5620 1437 5680 cecam
1453 5620 1486 5680 et
1511 5618 1711 5696 capriatam.
1732 5625 1771 5684 ln
