3802 6166
120 360 183 423 273

122 545 344 624 01666016166
357 544 395 607 16
409 544 526 624 quibus
541 562 604 611 nec
615 546 680 625 lpsi
692 546 787 611 nobis
795 547 919 627 absque

122 646 227 707 multa
252 644 373 705 mentis
394 644 616 706 amaritudine
634 646 842 720 intimarunt,
859 663 920 709 nec

122 760 184 804 nos
199 741 324 820 absque
339 742 478 819 paterna
494 743 723 820 compassione
733 744 920 806 audivimus

122 857 163 903 ea
179 856 254 918 quae
269 840 358 901 circa
374 840 488 901 tideles
507 840 613 918 ipsius
634 842 825 919 provincias,
842 859 921 920 pec-

123 939 209 1000 catis
225 938 347 1000 nostris
368 939 588 1015 exigentibus,
610 940 760 1002 exercuit
775 943 921 1002 616161-

124 1039 177 1098 cet
195 1036 311 1097 ieritas
339 1052 555 1112 paganorum,
579 1054 767 1116 quanquam
794 1039 919 1100 certum

124 1134 178 1206 sit,
196 1133 282 1211 quod
298 1133 365 1194 alto
388 1132 510 1196 divinae
530 1135 756 1212 dispositionis
779 1135 920 1198 consilio

125 1232 240 1307 agitur
260 1232 295 1292 ut
309 1232 463 1293 conversi
478 1232 519 1294 ad
534 1235 637 1294 Deum
652 1235 920 1310 persecutionum

125 1330 297 1405 angustias
312 1330 491 1406 patiantur,
500 1331 662 1408 quatenus
678 1347 714 1392 66
733 1333 818 1394 10106
833 1332 922 1394 inte-

124 1428 197 1489 rius
212 1426 405 1504 colligentes
421 1443 514 1490 suam
528 1428 788 1492 imbecillitatem
804 1445 922 1507 agnos·

125 1534 204 1595 cant
225 1533 258 1596 et
280 1533 316 1594 in
331 1534 511 1612 conspectu
530 1536 589 1597 Dei
611 1536 789 1599 humilient
804 1538 921 1599 semet·

125 1631 226 1708 10606,
248 1632 344 1709 eiquo
364 1633 399 1693 in
412 1633 531 1695 timore
548 1635 697 1695 66111661
716 1636 749 1696 61
762 1636 918 1708 11601016,

123 1729 347 1807 etproposito
362 1729 425 1791 sibi
450 1731 630 1792 certamine
652 1733 686 1792 in
707 1748 771 1810 quo
794 1734 921 1794 certent

125 1843 183 1903 010
217 1827 349 1888 0016106
376 1829 507 1891 Domini
536 1829 595 1890 Dei
622 1830 674 1889 sui
703 1830 920 1907 multiplicem

124 1923 271 1985 habeant
284 1925 512 1987 satisfaciendi
532 1929 716 1999 materiam,
737 1927 794 2005 qui
810 1929 920 2005 quoli-

123 2022 177 2082 die
194 2022 402 2084 offendentes
418 2023 452 2085 in
468 2025 581 2086 multis
602 2024 828 2102 multipliciter
842 2042 921 2104 pro-

124 2120 284 2182 labuntur
301 2121 341 2181 ad
357 2122 499 2199 culpam.
527 2122 620 2184 Unde
639 2139 811 2201 speramus
833 2124 919 2201 quod

122 2218 196 2295 ipse
209 2220 265 2296 qui
280 2219 371 2280 solus
391 2219 539 2282 laborem
559 2222 591 2281 61
605 2220 752 2283 dolorem
768 2222 922 2283 conside-

122 2318 178 2377 rat
192 2318 404 2394 peccatorum
418 2318 546 2394 virgam
562 2335 662 2396 super
678 2320 799 2381 sortem
809 2321 921 2397 justo-

123 2430 198 2474 rum
214 2414 360 2476 finaliter
374 2432 439 2477 non
455 2416 629 2495 relinquet,
647 2433 708 2478 nec
719 2416 832 2480 lldeles
843 2434 920 2479 suos

127 2512 277 2589 patietur
291 2512 378 2574 ultra
394 2530 491 2591 posse
506 2513 640 2587 tentari,
660 2515 716 2576 661
732 2513 831 2577 166161
846 2531 920 2576 6610

122 2610 312 2672 tentatione
336 2612 532 2688 proventum
553 2613 589 2673 ut
608 2613 743 2674 valeant
755 2613 920 2675 sustinere

126 2708 184 2785 qui
210 2724 287 2769 suos
304 2724 434 2786 semper
452 2709 487 2769 in
500 2708 713 2772 tribulatione
729 2711 856 2784 dilatat,
871 2711 920 2772 sic

125 2804 162 2864 in
173 2804 364 2867 infirmitate
375 2807 530 2868 uirtutem
543 2807 720 2885 perficiens
730 2810 920 2869 eorumdem

126 2903 164 2962 ut
176 2917 247 2962 cum
260 2918 297 2963 se
317 2906 528 2981 consumptos
545 2905 734 2981 putaverint
751 2908 788 2967 ut
801 2905 921 2967 luciier

124 2999 382 3062 oriantursane
397 3002 526 3078 praefati
537 3002 683 3080 episcopi
692 3004 790 3081 atque
801 3004 922 3081 princi·

123 3113 186 3175 pes
206 3097 324 3159 humili
346 3098 441 3160 nobis
457 3099 615 3161 instantia
635 3101 863 3178 supplicarunt
872 3101 919 3174 ut,

122 3195 217 3256 illius
237 3197 334 3258 lerrae
355 3197 551 3258 necessitate
567 3198 727 3275 inspecta,
737 3200 769 3260 te
784 3215 804 3259 a
820 3202 920 3260 dero-

121 3293 321 3355 solimitanae
354 3295 632 3371 peregrinationis
662 3295 776 3356 labora
802 3300 919 3374 a'qu0,

120 3391 157 3452 ut
176 3394 340 3463 asserunt,
358 3392 430 3469 ipsa
443 3393 474 3453 te
490 3392 632 3454 absolvit
654 3392 842 3466 1011161166,
860 3393 923 3455 ab·

122 3488 256 3549 solvere
283 3489 512 3565 dignaremur,
540 3491 573 3551 et
603 3490 683 3551 dare
705 3490 921 3553 nihilominus

120 3584 182 3647 tibi
203 3586 372 3648 licentiam
388 3587 553 3649 retinendi
575 3587 822 3665 crucesignatos
843 3605 923 3667 pro-

120 3683 242 3744 1110616
253 3685 442 3746 memoratae
457 3702 516 3762 per
526 3685 706 3747 triennium
717 3687 924 3764 contraprae·

121 3780 285 3842 dictorum
293 3781 919 3861 paganorumbarbariempugnaturos,

123 3894 283 3940 concessa
305 3879 503 3941 11116111116
524 3896 563 3941 66
587 3882 686 3942 venia
711 3883 922 3959 peccatorum

123 3992 199 4055 quae
234 3978 474 4054 crucesignatis
507 3979 700 4040 transituris
735 3980 777 4040 ad
810 3981 921 4058 partes

120 4075 418 4152 ierosolymitanae
448 4076 655 4153 indulgetur,
686 4094 727 4138 66
760 4078 789 4138 61
816 4094 923 4156 saepe-

124 4172 248 4234 dictam
274 4173 590 4251 0101160160110610
619 4175 834 4237 bellatoribus
858 4177 921 4237 de-

121 4270 302 4348 pauperari
321 4271 512 4348 contigerit,
533 4272 649 4335 eadem
671 4290 714 4335 ex
734 4273 803 4335 toto
818 4290 923 4352 paga-

120 4384 241 4429 norum
257 4368 444 4431 incursibus
457 4372 570 4448 pateat
588 4372 621 4433 et
640 4388 700 4449 per
715 4371 793 4433 illos
808 4372 865 4449 qui
879 4372 922 4433 ad

122 4483 196 4528 6601
210 4466 381 4528 tutandam
394 4468 604 4546 aliquatenus
613 4469 833 4543 suffecissent,
840 4472 923 4531 Ter-

121 4581 168 4625 rae
184 4566 313 4625 Sanctae
334 4566 498 4628 modicum
514 4568 667 4629 utilitatis
682 4568 829 4642 accedat,
845 4584 921 4629 cum

121 4663 231 4724 omnis
251 4663 321 4723 sere
337 4664 384 4724 sic
400 4665 467 4727 sint
484 4665 627 4742 pecunia
646 4666 755 4738 vacui,
775 4668 811 4728 ut
832 4683 921 4727 000-

120 4762 333 4822 0111116011110
352 4762 410 4823 1111
425 4764 604 4825 credantur
623 4779 788 4840 expensas
808 4765 850 4825 ad
867 4766 922 4842 10-

122 4876 196 4920 sum
218 4860 283 4920 iter
299 4862 507 4923 necessarias
528 4861 688 4924 habituri.
711 4862 801 4924 Licet
819 4862 922 4938 igitur

120 4958 210 5019 iuter
224 4960 365 5019 caeieras
381 4959 623 5021 sollicitudines
638 4962 768 5022 nostras
780 4961 921 5037 primum

119 5055 230 5117 locum
246 5055 394 5119 obtineat
404 5058 571 5134 negotium
582 5061 694 5119 Terrae
706 5060 848 5128 Sanctae,
859 5074 921 5135 ge-

120 5155 233 5216 rentes
255 5157 365 5216 tamen
390 5156 430 5217 de
451 5158 508 5218 tua
538 5157 677 5218 caritate
697 5172 736 5218 ac
759 5156 922 5232 religione

120 5252 277 5314 1111101610
309 5254 504 5331 specialem,
531 5255 695 5332 teipsum
719 5271 758 5315 ac
782 5258 920 5317 caeteros

121 5351 370 5427 crucesignatos
393 5353 459 5414 tuae
483 5353 664 5430 provinciae
683 5352 744 5414 tibi
769 5353 922 5414 commit-

120 5450 228 5511 tentes
251 5449 406 5509 duximus
434 5450 468 5510 in
493 5451 556 5511 hac
578 5454 682 5527 parte,
704 5453 740 5511 ut
766 5449 922 5514 uidelicet

122 5548 150 5607 si
166 5546 340 5622 cognoscis
358 5549 391 5609 te
412 5549 504 5609 tauta
529 5549 722 5610 infirmitate
746 5551 919 5624 gravatum

122 5645 209 5724 quod
238 5646 279 5707 ad
309 5646 514 5708 subeundum
546 5647 835 5725 ierosolymitanae
860 5665 922 5727 06-.

122 5738 361 5816 regrinationis
376 5739 633 5813 16101601,16616
648 5738 922 5819 60066166116111-

754 358 985 439 EPIS'I'QLAE.
1008 363 1088 427 ΗΒ.
1109 366 1135 429 Ι.

1683 332 1771 433 'am

974 551 1065 617 dices
1079 553 1112 619 te
1127 554 1286 634 ineptum,
1307 555 1341 618 61
1360 555 1433 634 1066
1449 554 1581 636 quidem
1595 570 1771 621 remaneas

974 652 1179 729 0101100160
1203 655 1293 716 tuam
1317 654 1359 716 ad
1381 654 1543 717 dictorum
1563 670 1771 732 paganorum

974 750 1163 813 incursibus
1190 754 1348 831 quantum
1377 754 1536 815 Dominus
1564 754 1768 817 concesserit

974 847 1181 923 defensurus,
1198 850 1320 913 6111106
1338 851 1586 929 crucesignatos
1602 853 1711 914 tecum
1726 850 1767 913 ad

974 946 1065 1007 illius
1078 947 1304 1010 defensionem
1320 949 1477 1023 retineas,
1495 966 1577 1028 quos
1598 950 1651 1012 161
1671 948 1774 1012 imbe-

974 1044 1097 1107 cillitas
1123 1046 1256 1120 virium,
1284 1047 1337 1109 161
1363 1064 1461 1126 00016
1490 1048 1636 1110 tenuitas
1662 1048 1773 1110 reddit

975 1141 1139 1205 inhabiles
1165 1146 1197 1206 et
1223 1145 1358 1207 inutiles
1383 1144 1489 1224 ipsius
1514 1147 1647 1223 negotio
1657 1148 1771 1207 Terrae

975 1241 1117 1313 sanctae,
1134 1241 1202 1302 illis
1220 1243 1276 1320 qui
1298 1243 1339 1304 ad
1360 1243 1423 1305 hoc
1436 1244 1550 1306 idonei
1572 1242 1773 1305 videbantur

974 1338 1015 1399 ad
1040 1339 1190 1416 ejusdem
1205 1357 1399 1402 succursum
1420 1357 1495 1402 cum
1516 1341 1610 1402 adid
1639 1339 1772 1402 601010

975 1435 1202 1508 astrinxerint,
1229 1439 1437 1514 proiecturis,
1457 1440 1490 1500 et
1510 1438 1578 1501 tam
1601 1438 1654 1499 his
1673 1452 1772 1516 quam

975 1532 1043 1594 illis
1067 1549 1106 1595 ea
1123 1536 1300 1609 gavisurus
1326 1536 1423 1598 venia
1448 1537 1670 1615 peccatorum,
1698 1551 1772 1613 quae

975 1630 1212 1708 approbatione
1228 1634 1366 1695 concilii
1375 1634 1544 1710 generalis
1561 1634 1771 1709 crucesigna-

974 1727 1017 1788 tis
1030 1730 1234 1803 generaliter
1249 1730 1451 1807 indulgetur.
1465 1731 1515 1792 Ad
1529 1731 1602 1792 haec
1617 1731 1695 1807 quia
1713 1730 1774 1791 16-
1798 1740 1804 1747 ·

975 1841 1064 1887 mum
1084 1826 1146 1888 fuit
1166 1827 1261 1888 110116
1280 1828 1520 1890 instantissime
1538 1828 1772 1906 supplicatum,

975 1924 1011 1985 ut
1023 1940 1138 1985 omnes
1151 1926 1399 2003 crucesignatos
1416 1926 1534 1987 saltem
1547 1926 1686 1987 duorum
1706 1926 1773 1987 du-

975 2023 1107 2084 catuum
1126 2024 1286 2095 Poloniao,
1303 2024 1359 2102 qui
1375 2025 1451 2086 sunt
1464 2024 1570 2101 magis
1586 2023 1689 2086 vicini
1707 2039 1772 2101 pa-

974 2121 1114 2197 ganisa
1142 2124 1219 2183 1010
1245 2121 1556 2199 Hierosolymitanae
1576 2120 1774 2199 peregrina·

977 2218 1076 2281 tionis
1085 2218 1259 2281 absolvere
1270 2219 1640 2298 dignaremurinjuncto
1648 2218 1773 2280 eisdem

975 2317 1011 2378 ut
1024 2318 1170 2394 pugnent
1182 2320 1298 2381 contra
1312 2334 1472 2396 paganos,
1489 2319 1580 2395 ipsos
1595 2318 1711 2379 eadem
1723 2318 1774 2378 in·
1860 2368 1864 2377 .

975 2415 1145 2493 dulgentia
1180 2417 1348 2492 gavisuri,
1384 2416 1417 2476 id
1452 2416 1518 2477 tuae
1552 2414 1771 2494 providentiae
1872 2470 1875 2475 .

976 2513 1131 2575 duximus
1140 2514 1405 2591 relinquendum.
1419 2512 1486 2575 Sub
1500 2513 1773 2575 interminatione

975 2612 1085 2673 autern
1122 2612 1343 2673 anathematis
1372 2611 1553 2673 districtius
1571 2611 1771 2682 inhibemus,

975 2723 1017 2768 ne
1034 2707 1208 2785 quisquam
1220 2710 1344 2769 terram
1359 2706 1603 2784 baptizatorum
1618 2707 1658 2768 de
1674 2709 1775 2768 Prus-

976 2806 1025 2866 sia
1041 2806 1114 2866 6106
1124 2806 1347 2883 permissione
1362 2806 1414 2866 sui
1428 2805 1665 2883 episcopicum
1679 2818 1775 2866 exer·

975 2903 1044 2964 citu
1060 2904 1187 2965 intrare
1204 2905 1394 2981 praesumat,
1412 2904 1490 2980 quia
1501 2904 1560 2964 Dei
1577 2903 1610 2964 61
1623 2903 1773 2964 nostram

975 3001 1238 3078 indignationem
1253 3002 1451 3073 incurreret,
1473 3001 1583 3079 quide
1599 3000 1721 3062 caetero
1736 2998 1773 3060 10

974 3100 1075 3161 tantae
1102 3100 1372 3176 praesumptionis
1393 3099 1568 3160 audaciam
1592 3097 1771 3175 prosiliret.

976 3198 1093 3258 Datum
1109 3197 1276 3270 Laterani,
1290 3199 1365 3259 XVI
1378 3197 1539 3258 kalendas
1552 3196 1675 3268 Martii,
1684 3210 1772 3273 pon-

974 3294 1120 3356 tificatus
1136 3295 1242 3356 nostri
1254 3309 1343 3356 anno
1359 3295 1479 3372 primo.
1871 3298 1875 3307 '

1302 3553 1454 3641 cdxxi

1015 3752 1067 3811 Ad
1079 3749 1233 3811 0111016111
1248 3750 1282 3811 61
1295 3750 1483 3825 capitulam
1495 3750 1530 3809 S.
1547 3747 1734 3809 Frontonis

1215 3848 1526 3923 Petroporiccnsis.

1261 4014 1385 4074 111611.
1408 4015 1488 4073 1217.

1008 4167 1175 4234 [1160661111.
1190 4168 1209 4219 l.
1223 4166 1297 4231 epist.
1314 4166 1369 4217 2³5.
1383 4167 1441 4217 blss.
1455 4166 1582 4219 11110110
1595 4164 1632 4217 111
1646 4163 1743 4228 illoti]

1004 4342 1040 4400 Ul
1051 4339 1190 4412 recipiant
1206 4339 1234 4396 in
1249 4338 1419 4466 6100οἇ0οἱ6
1435 4352 1590 4411 pauperem
1607 4336 1744 4395 clericum

1288 4426 1303 4466 s
1316 4424 1335 4466 u
1355 4424 1390 4464 en
1404 4424 1460 4466 em.

1016 4554 1196 4627 Honorius,
1213 4556 1289 4626 etc,
1303 4553 1432 4614 dilectis
1452 4553 1530 4614 tiliis
1545 4550 1656 4613 abbati
1669 4552 1702 4612 et
1717 4565 1776 4611 ca·

977 4654 1080 4732 pitulo
1096 4653 1202 4714 sancti
1218 4652 1374 4714 Fronton.
1392 4650 1639 4726 petragoricen.

1016 4751 1160 4828 ascripti
1192 4750 1321 4811 militiae
1354 4748 1503 4811 clericali
1536 4744 1774 4807 ecclesiasticis

976 4852 1053 4913 sunt
1073 4849 1247 4926 stipendiis
1269 4846 1476 4910 sustentandi
1498 4860 1540 4905 ne
1563 4860 1638 4905 cum
1661 4842 1775 4904 fodere

977 4948 1164 5010 nescientes
1188 4945 1378 5007 mendicare
1402 4943 1541 5005 forsitan
1565 4941 1773 5013 erubescant,

976 5062 1095 5107 manus
1117 5061 1194 5105 suas
1219 5044 1260 5104 ad
1284 5042 1401 5104 illicita
1425 5040 1604 5103 6111601616
1629 5038 1776 5117 6016061-

976 5144 1099 5215 lantur,
1111 5144 1197 5203 unde
1212 5143 1323 5219 posset
1337 5139 1493 5203 clericale
1508 5154 1628 5201 nomen
1643 5139 1677 5200 in
1692 5154 1777 5216 gen-

975 5242 1063 5303 tibus
1076 5239 1312 5317 blasphemari.
1325 5239 1411 5300 Hinc
1420 5241 1471 5299 est
1481 5236 1567 5314 quod
1581 5252 1640 5314 pro
1654 5236 1774 5298 dilecto
1878 5284 1882 5291 .

976 5341 1045 5402 illio
1068 5337 1253 5401 Raimundo
1269 5337 1390 5398 clerico
1410 5337 1466 5413 qui
1483 5336 1570 5396 sicut
1584 5334 1775 5413 accepimus

976 5456 1036 5517 pro
1073 5436 1295 5514 comparanda
1333 5433 1589 5510 incomparabili
1626 5431 1775 5493 scientim

976 5536 1156 5613 margarita
1179 5550 1252 5612 quae
1275 5533 1407 5594 domum
1424 5532 1553 5593 Domini
1579 5531 1724 5600 decorat,
1741 5531 1775 5591 et

976 5635 1107 5697 labores
1121 5632 1242 5695 multos
1257 5630 1358 5693 subiit
1369 5632 1401 5693 61
1413 5646 1588 5708 expensas
1601 5627 1775 5691 caritatem

975 5735 1120 5798 16611601
1133 5730 1317 5811 rogandam
1337 5730 1494 5792 duximus
1511 5730 1545 5791 61
1559 5725 1772 5800 1600601601,
