3794 6166
122 297 182 355 itt

122 470 237 517 coram
260 453 507 517 venerabilibus
522 453 605 515 viris
607 495 679 513 ......
708 451 844 514 6661666
846 493 919 512 ......

122 553 412 629 archipresbytero
452 553 486 613 61
526 551 687 627 magistro
720 549 921 612 Bonoamico

123 649 286 712 canonico
309 648 487 712 Bituricen.
511 647 715 711 auctoritate-
730 646 920 724 Apostolica

122 748 264 824 quaestio
276 749 472 818 verteretur,
485 745 665 808 tandemde
676 760 816 807 assensu
829 744 922 820 capi-

120 846 268 907 tulorum
283 861 419 907 suorum
435 843 496 907 sub
516 860 613 922 poena
632 844 763 907 centurn
785 856 921 905 marca-

120 958 197 1004 rum
220 944 518 1019 compromiserunt
533 943 570 1004 in
591 957 663 1014 nos,
685 944 718 1003 et
740 938 920 1002 venerabi-

121 1040 188 1101 lem
202 1041 310 1101 virum
334 1041 529 1117 magistrum
550 1042 721 1115 Hugonem
740 1038 919 1099 Bituricen.

120 1138 394 1201 archidiaconum
423 1141 520 1215 juxta
551 1138 690 1199 sormam
709 1153 783 1214 quae
805 1136 841 1197 in
859 1151 922 1197 au-

121 1231 280 1294 thenticis
301 1232 492 1294 eorumdem
506 1232 539 1293 61
553 1230 773 1307 capitulorum
785 1246 921 1291 suorum

122 1328 201 1388 inde
223 1327 393 1400 coniectis,
409 1330 443 1391 61
467 1326 562 1389 nohis
582 1325 713 1389 traditis
730 1314 921 1404 expressius

121 1425 321 1497 continetur,
338 1441 477 1503 quorum
492 1426 612 1488 seriem
627 1426 667 1487 de
679 1425 781 1487 verbo
794 1425 835 1487 ad
848 1440 922 1487 ver-

122 1523 201 1584 bum
227 1524 384 1601 praesenti
407 1525 539 1601 paginae
566 1524 721 1587 duximus
745 1525 918 1585 annotare.

161 1622 308 1683 Lttteroe
342 1636 388 1682 ecc
422 1623 524 1696 purte
560 1626 709 1698 episcopi
737 1625 918 1684 Edccccsts.

121 1719 316 1791 Gualterus,
338 1719 397 1781 Dei
417 1720 526 1795 gratia
544 1720 705 1782 Eduensis
726 1721 917 1798 episcopus,

120 1817 277 1877 omnibus
300 1819 480 1894 praesentes
508 1818 637 1880 litteras
658 1817 859 1895 inspecturis
885 1817 920 1877 in

119 1914 262 1977 Domino
289 1915 440 1978 salutem.
470 1916 635 1978 Noverint
656 1915 816 1988 universi,
834 1915 919 1993 quod

120 2029 196 2073 cum
208 2012 371 2074 internos
385 2029 429 2076 ex
441 2030 506 2076 una
520 2016 625 2091 parte,
642 2017 675 2076 61
686 2013 844 2076 venerab.
859 2029 919 2088 pa·

120 2112 207 2171 trem
224 2110 429 2172 Willelmum
447 2111 710 2173 antissiodoren.
729 2111 919 2190 episcopum

121 2224 166 2270 ex
179 2208 296 2280 611666,
314 2224 415 2287 super
438 2209 568 2287 capella
587 2208 629 2271 de
649 2208 820 2273 Bethleem
832 2210 920 2286 apud

120 2305 358 2367 Clametiacum
384 2307 417 2368 et
451 2309 528 2384 jure
549 2306 736 2384 parochiali
771 2305 919 2385 ejusdem

119 2402 219 2479 burgi
242 2418 393 2467 coram...
418 2405 591 2464 cantore...
614 2401 918 2480 archipresbytero,

120 2501 153 2561 et
166 2500 326 2575 magistro
341 2500 540 2561 Bonoamico
556 2499 717 2561 canonico
736 2499 917 2562 Bituricen.

119 2597 318 2659 auctoritate
336 2596 525 2675 Apostolica
552 2597 693 2675 quaestio
721 2599 917 2671 verteretur,

117 2695 252 2757 tandem
268 2694 489 2757 mediantibus
504 2695 586 2757 viris
598 2695 694 2756 bonis
705 2697 738 2758 et
750 2695 792 2758 ad
804 2711 918 2772 pacem

117 2791 417 2869 interponenh’bus,
433 2794 545 2869 partes
560 2809 638 2855 suas
649 2792 684 2853 in
694 2793 918 2856 venerabilem

119 2892 164 2951 M.
185 2890 399 2953 Aurelianen.
417 2891 619 2968 episcopum,
637 2891 834 2966 magistrum
848 2893 919 2953 Hu-

118 3003 239 3063 666661
257 2987 435 3049 Bituricen.
459 2988 732 3051 archidiaconum
758 2991 791 3053 61
813 2990 920 3052 Η616-

119 3085 265 3146 bandum
290 3085 553 3148 antissiodoren.
590 3087 787 3149 canonicum
817 3102 919 3164 super

119 3183 178 3243 ilia
194 3183 422 3245 controversia
449 3182 510 3244 sub
527 3199 626 3260 poena
643 3186 775 3246 centum
788 3199 920 3246 marca·

118 3296 195 3343 rum
232 3281 305 3357 pari
336 3279 413 3343 hinc
442 3279 519 3343 inde
548 3280 835 3358 compromisimus
859 3298 919 3342 vo-

118 3378 258 3448 luntate,
285 3376 434 3441 subhac
460 3378 577 3450 torma,
601 3378 687 3456 quod
716 3378 833 3440 arbitri
853 3379 918 3457 ipsi

118 3476 160 3538 de
181 3476 280 3553 plano
300 3478 356 3554 jus
381 3475 676 3554 utriusquepartis
698 3477 916 3555 inquirerent,

118 3575 153 3635 61
194 3589 254 3635 666
283 3573 481 3636 inconcusse
518 3575 725 3636 servabimus
760 3575 918 3653 quidquid

118 3671 185 3749 ipsi
210 3672 263 3732 vel
293 3672 468 3749 episcopus
496 3687 571 3733 cum
596 3674 702 3735 altero
729 3673 917 3735 coarbitro-

118 3786 194 3831 rum
219 3785 354 3831 suorum
374 3769 506 3831 duxerit
532 3770 773 3838 arbitrandum,
788 3773 918 3834 61666-

118 3868 317 3930 dictumest
343 3867 429 3946 qnod
459 3869 592 3946 propter
620 3870 710 3931 tertii
733 3869 918 3933 absentiam

119 3981 188 4026 non
210 3964 409 4040 impedietur
427 3967 508 4044 quin
531 3968 706 4047 episcopus
726 3984 801 4031 cum
816 3984 917 4029 coar-

119 4063 207 4125 161166
240 4079 312 4136 suc,
342 4064 399 4142 qui
425 4080 573 4142 praesens
600 4065 710 4138 luerit,
738 4066 917 4144 6666611611

119 4162 181 4223 sub
196 4178 294 4240 poena
308 4165 420 4224 autem
448 4165 580 4227 centum
609 4180 796 4226 marcarum
821 4179 919 4241 repe-

120 4261 218 4322 tenda
247 4259 277 4321 si
305 4240 454 4322 essemus
474 4260 508 4322 in
524 4261 653 4325 deiectu
668 4264 766 4339 plene
789 4279 917 4341 suppo-

119 4359 257 4429 suimus,
288 4374 348 4420 666
370 4359 598 4436 jurisdictioni
622 4361 770 4438 episcopi
799 4377 919 4438 supra-

120 4455 199 4519 dicti
220 4457 254 4518 et
276 4458 313 4520 ut
339 4460 446 4535 majus
472 4457 576 4518 robur
599 4456 747 4521 obtineat
760 4474 917 4537 compro·

119 4554 269 4629 missum,
295 4555 379 4617 illud
400 4557 469 4618 tam
483 4572 543 4633 per
565 4558 716 4629 nostras,
739 4573 839 4636 quam
860 4573 919 4635 per

119 4652 256 4730 capituli
284 4654 388 4714 nostri
413 4652 544 4715 litteras
566 4654 722 4715 duximus
745 4654 915 4717 roborare.

119 4749 259 4813 Durahit
276 4755 386 4813 autem
401 4752 676 4828 compromissum
701 4751 790 4814 istud
814 4769 917 4831 usque

117 4850 161 4911 ad
176 4848 297 4911 testum
311 4850 459 4911 omnium
477 4850 673 4912 Sanctorum
689 4851 755 4911 nisi
770 4851 811 4913 de
826 4867 918 4914 oom-

117 4947 211 5009 muni
226 4962 391 5010 consensu
412 4948 556 5025 partium
576 4948 676 5010 tuerit
689 4950 915 5026 prorogatum,

117 5048 152 5108 61
166 5047 312 5113 extunc,
326 5045 355 5106 si
378 5061 444 5107 non
463 5047 551 5108 esset
576 5062 678 5109 causa
695 5062 756 5125 per
773 5047 917 5109 arbitros

116 5145 307 5216 terminata,
331 5143 484 5205 dominus
503 5145 765 5207 Auumiodoren.
786 5146 918 5223 episco-

116 5259 180 5320 pus
191 5242 233 5302 ad
244 5242 376 5319 jndices
390 5259 469 5303 suos
482 5244 636 5320 superius
650 5244 838 5306 nominatos
854 5244 918 5306 ha-

116 5340 212 5402 heret
238 5355 421 5412 recursum,
444 5342 477 5402 61
498 5342 587 5402 66661
611 5342 780 5417 negotium
808 5343 916 5420 quoad

116 5439 247 5501 litteras
260 5439 468 5515 apostolicas
481 5454 620 5515 quarum
632 5440 829 5502 auctoritate
841 5456 917 5503 con·

116 5535 345 5607 veniebamus,
360 5538 393 5599 et
405 5537 512 5613 quoad
528 5538 638 5598 omnia
652 5539 719 5598 tam
733 5539 841 5616 quoad
856 5555 916 5601 nos

116 5649 217 5713 quam
246 5632 351 5709 quoad
373 5633 481 5710 ipsum
504 5634 539 5695 16
555 5648 594 5695 66
610 5635 698 5695 61616
712 5634 748 5695 16
767 5652 832 5714 quo
844 5637 917 5699 erat

747 290 976 353 1161616161.
1000 246 1077 351 nra.
1103 292 1142 350 11.

1715 288 1775 347 718

975 450 1123 527 tempore
1140 448 1380 527 compromissi,
1397 447 1444 509 ita
1468 446 1554 524 quod
1582 461 1648 508 666
1670 449 1777 524 possit
1837 498 1839 503 .
1891 533 1895 541 ι

976 547 1076 626 nujus
1087 546 1316 623 compromissi
1326 546 1489 623 praetextu
1499 545 1651 622 exceptio
1662 546 1775 623 aliqua

975 661 1019 707 ex
1033 646 1126 723 parte
1150 644 1263 707 nostra
1286 645 1402 706 contra
1430 644 1549 721 ipsum,
1571 643 1623 705 vel
1645 643 1775 705 litteras

975 743 1150 822 praedictas
1185 743 1317 820 opponi.
1344 744 1463 804 Actum
1500 757 1613 803 mense
1641 741 1774 818 augusti

975 856 1064 903 anno
1078 840 1210 903 Domini
1226 841 1316 901 1211.

1014 938 1158 1000 Litterae
1170 940 1311 1011 capituti
1322 940 1453 999 1161166.
1465 939 1561 1013 Hugo
1573 937 1730 1009 11666666,
1743 940 1776 1000 61

976 1036 1168 1097 universum
1180 1035 1304 1097 Eduen.
1315 1035 1465 1097 ecclesiae
1480 1035 1660 1111 capitulum
1672 1037 1776 1098 omni·

975 1131 1774 1209 buspraesonteslitterasinspecturisinDomino

976 1231 1128 1293 66161616.
1159 1231 1358 1292 Noverimus
1392 1232 1540 1292 universi
1569 1232 1655 1308 quod
1686 1232 1775 1292 inter

975 1329 1183 1391 venerabiles
1199 1331 1309 1408 patres
1324 1330 1495 1391 dominnm
1515 1331 1664 1390 nostrum
1679 1330 1777 1390 Gnat-

976 1430 1082 1488 terum
1104 1428 1242 1499 Eduen„
1265 1443 1308 1488 ex
1326 1443 1392 1488 una
1412 1429 1505 1503 parte
1523 1430 1556 1489 61
1571 1426 1775 1489 willelmum

975 1523 1297 1586 Autissiodorensis
1324 1524 1441 1596 611666,
1465 1524 1650 1600 episcopos,
1675 1540 1775 1600 super

975 1622 1102 1698 capella
1116 1621 1156 1683 de
1170 1621 1339 1682 Bethleem
1366 1621 1452 1698 apud
1468 1621 1724 1693 Clametiacum,
1744 1622 1777 1682 61

976 1719 1105 1798 injure
1131 1719 1316 1797 parochiali
1336 1719 1484 1796 ejusdem
1504 1719 1602 1795 burgi
1624 1735 1773 1780 coram...

975 1819 1148 1881 6661666...
1163 1817 1468 1895 archipresbytero,
1484 1818 1517 1879 et
1532 1817 1691 1895 magistro
1706 1820 1774 1877 Bo-

975 1915 1128 1981 noamico
1170 1916 1332 1977 canonico
1364 1915 1545 1978 Bituricen.
1578 1916 1776 1977 anctoritate

973 2014 1318 2091 ,166616116666666116
1338 2014 1536 2082 verteretur,
1550 2014 1684 2074 tandem
1705 2029 1777 2074 me-

975 2110 1142 2173 diantibus
1157 2111 1239 2172 viris
1256 2110 1363 2184 tonia,
1384 2111 1473 2173 etad
1494 2127 1608 2188 pacem
1623 2111 1775 2187 interpo-

975 2209 1141 2278 nentibus,
1149 2213 1263 2286 partes
1277 2225 1356 2271 suas
1369 2210 1404 2271 in
1413 2209 1636 2270 venerabilem
1648 2210 1776 2286 patrem

974 2308 1153 2369 Manassen
1177 2308 1392 2369 aurelianen.
1418 2309 1621 2385 episcopum,
1646 2307 1774 2384 magis-

975 2405 1061 2465 trum
1076 2406 1116 2465 H.
1128 2405 1309 2467 Bituricen.
1320 2404 1593 2467 archidiaconum
1609 2406 1774 2467 etH.Au-

973 2502 1184 2564 tissiodoren.
1212 2503 1410 2565 canonicum
1436 2518 1536 2580 super
1560 2502 1620 2563 ilia
1640 2504 1776 2565 contro-

973 2600 1083 2662 versia
1111 2600 1171 2663 sub
1200 2616 1297 2678 poena
1326 2603 1458 2662 centum
1486 2615 1674 2662 marcarum
1701 2600 1774 2679 pari

973 2698 1142 2759 voluntate
1155 2699 1455 2775 compromiserunt
1467 2697 1545 2758 hinc
1557 2696 1703 2759 indesub
1715 2697 1775 2758 tali

973 2793 1090 2867 forma,
1102 2795 1189 2874 quod
1204 2795 1324 2858 arbitri
1338 2795 1403 2874 ipsi
1418 2796 1458 2856 de
1470 2796 1569 2872 plano
1580 2797 1637 2872 Jus
1652 2794 1773 2857 utrius·

973 2908 1036 2970 que
1051 2894 1155 2970 partis
1183 2893 1401 2970 inquirerent,
1425 2895 1458 2956 61
1476 2909 1553 2970 pars
1569 2895 1709 2970 utraque
1725 2893 1774 2954 in·

973 3006 1133 3053 66666666
1148 2974 1297 3054 servabit
1313 2991 1472 3069 quidquid
1488 2989 1606 3053 arbitri
1626 2991 1704 3068 ipsi,
1721 2991 1774 3053 vel

972 3089 1149 3166 episcopus
1168 3105 1243 3150 cum
1261 3088 1368 3151 611666
1383 3087 1626 3151 coarbitrorum
1637 3105 1775 3150 suorum

973 3185 1107 3248 duxerit
1116 3185 1357 3257 arbitrandum,
1370 3186 1402 3247 61
1416 3186 1603 3247 condictum
1617 3189 1677 3258 est,
1689 3187 1775 3263 quod

975 3285 1108 3361 propter
1120 3284 1210 3345 tertii
1219 3282 1479 3345 absentiamnon
1490 3283 1776 3361 impedieturquin

972 3382 1149 3459 episcopus
1173 3397 1247 3444 curn
1263 3382 1400 3452 66111166,
1413 3381 1470 3459 qui
1491 3381 1591 3442 luerit
1613 3397 1772 3458 praesens,

973 3480 1141 3555 procedat
1170 3482 1276 3556 Super
1297 3495 1394 3556 poena
1412 3481 1523 3541 autern
1538 3480 1671 3541 6661616
1686 3495 1776 3540 1661-

973 3593 1087 3638 carum
1098 3577 1228 3652 argenti
1237 3576 1465 3654 repetendam
1474 3577 1650 3654 episcopus
1662 3579 1774 3639 noster
1879 3618 1884 3625 -

973 3676 1060 3738 esset
1073 3675 1109 3737 16
1124 3674 1265 3747 defectu,
1280 3675 1454 3752 supposuit
1475 3690 1512 3738 66
1534 3675 1621 3736 idem
1643 3675 1774 3752 episco-

974 3789 1035 3850 pus
1069 3773 1166 3851 plene
1198 3772 1427 3851 jurisdictioni
1455 3772 1535 3835 dicti
1556 3772 1771 3835 aurelianen.

973 3872 1120 3949 episcopi
1149 3871 1384 3943 coercendum,
1413 3872 1447 3933 et
1475 3872 1512 3933 ut
1541 3873 1649 3950 majus
1672 3871 1773 3933 robur

973 3968 1120 4031 obtineat
1148 3969 1440 4047 compromissum,
1475 3969 1629 4032 dominus
1659 3971 1775 4031 noster

972 4067 1146 4146 episcopus
1166 4067 1249 4128 illud
1273 4067 1369 4131 duxit
1395 4084 1454 4146 per
1475 4083 1553 4129 suas
1578 4083 1618 4130 ac
1641 4070 1773 4149 nostras

973 4165 1102 4229 litteras
1127 4165 1296 4227 roborare.
1321 4166 1460 4228 Durabit
1485 4167 1596 4230 autem
1620 4182 1774 4243 compro-

973 4262 1111 4323 missum
1145 4262 1235 4325 istud
1264 4278 1369 4340 usque
1399 4263 1441 4324 ad
1472 4263 1593 4325 festum
1626 4263 1773 4325 omnium

974 4362 1182 4431 Sanctorum,
1194 4360 1260 4421 nisi
1275 4360 1316 4422 de
1328 4362 1495 4422 communi
1510 4376 1675 4423 66666666
1690 4377 1772 4437 par·
1863 4360 1866 4364 '

971 4457 1055 4520 tium
1067 4457 1167 4519 luerit
1185 4457 1324 4520 61166166
1337 4462 1561 4534 prorogatum,
1577 4461 1609 4520 61
1624 4460 1770 4528 extunc,

972 4555 1001 4616 si
1022 4571 1089 4617 non
1110 4557 1201 4617 esset
1216 4570 1319 4617 causa
1341 4571 1401 4633 per
1416 4555 1561 4618 arbitros
1581 4557 1769 4627 terminata,

972 4653 1126 4715 dominus
1155 4654 1420 4716 antissiodoren.
1455 4654 1497 4715 ad
1526 4654 1659 4735 judices
1694 4669 1795 4714 snos-

972 4751 1125 4829 superius
1152 4752 1340 4814 nominatos
1368 4751 1506 4815 haberet
1534 4768 1716 4821 recursum,
1741 4753 1774 4814 61

971 4851 1061 4913 66661
1087 4849 1257 4926 negotium
1281 4851 1390 4929 quoad
1411 4850 1541 4912 litteras
1564 4849 1772 4927 apostolicas

972 4963 1111 5026 quarum
1149 4947 1347 5010 auctoritate
1380 4947 1579 5009 convenitur
1618 4945 1771 5007 dominus

972 5049 1085 5108 noster
1099 5045 1285 5122 episcopus,
1295 5047 1328 5107 et
1340 5045 1448 5124 quoad
1459 5046 1571 5108 omnia
1584 5046 1650 5106 tam
1664 5045 1772 5121 quoad

971 5144 1164 5222 praedictum
1189 5144 1359 5207 dominum
1379 5146 1529 5207 nostrum
1546 5159 1643 5222 quam
1663 5142 1771 5220 quoad

970 5244 1140 5305 dominum
1153 5242 1407 5306 Autissidioren.
1428 5243 1464 5304 in
1479 5260 1519 5305 eo
1534 5244 1633 5314 statu,
1652 5241 1688 5302 in
1706 5258 1770 5318 quo

972 5345 1045 5403 erat
1069 5344 1215 5420 tempore
1241 5341 1488 5417 compromissi,
1517 5341 1563 5403 ita
1590 5340 1675 5418 quod
1704 5356 1769 5400 nun

971 5441 1091 5516 poterit
1101 5440 1770 5517 hujuscompromissipraetextuexceptio
1866 5520 1873 5537 ..

970 5539 1083 5616 aliqua
1111 5539 1227 5602 contra
1250 5538 1419 5600 dominum
1436 5539 1691 5600 Antissidioren.
1717 5538 1771 5597 vel

971 5637 1101 5699 litteras
1128 5652 1207 5699 suas
1235 5636 1411 5715 praedictas
1438 5637 1479 5699 ab
1512 5637 1652 5697 adversa
1677 5636 1771 5712 parte
1839 5644 1845 5659 *
