3794 6166
125 288 186 346 719

125 448 258 524 opponi.
284 449 353 509 Nos
368 449 478 525 itaque
495 464 533 514 ca
558 465 630 526 quar
650 448 692 510 611
716 464 830 526 pacem
846 448 922 512 sunt

123 547 307 623 cupientes,
317 546 394 607 huic
407 547 646 624 compromisso
656 562 828 608 assensum
840 562 921 623 prae·

122 643 248 716 bentes,
275 645 353 705 illud
379 644 440 705 sub
462 645 634 721 praesentis
659 645 789 723 paginae
815 646 848 706 et
873 645 921 704 si-

122 743 193 818 gilli
216 743 318 804 nostri
343 744 531 804 testimonio
558 743 713 805 duximus
747 742 917 814 roborare,

38 834 48 855 ⁸
122 843 232 902 ratum
250 844 282 902 et
301 841 535 902 inconcussum
549 842 583 902 in
604 843 798 919 perpetuum
819 840 918 902 habi-

122 942 192 1000 tum
207 938 365 1017 quidquid
387 956 429 1000 ex
447 956 486 1000 eo
509 939 572 1000 11111
586 940 784 1002 ordinatum.
802 939 917 1000 Actum

121 1053 234 1097 mense
256 1037 452 1114 septembris
479 1053 568 1098 anno
588 1037 832 1099 incarnationis
848 1038 916 1097 Do-

121 1135 252 1195 minicae
269 1136 410 1195 MCCXI.

160 1234 303 1295 Litterae
312 1248 359 1294 eoo
367 1233 914 1307 parter-luessaouoren.episcopt.

121 1331 310 1393 Willelmus
325 1332 384 1392 Dei
404 1331 512 1408 gratia
534 1330 796 1392 Autissiodoren.
823 1330 916 1406 epis·

119 1444 234 1506 copus,
249 1429 402 1490 omnibus
414 1431 597 1506 praesentes
612 1429 742 1490 litteras
753 1429 917 1506 inspectu·

119 1527 167 1587 ris
183 1527 217 1588 in
240 1528 378 1588 Domino
403 1527 555 1589 salutem.
582 1526 745 1588 Noverint
767 1525 915 1586 universi

119 1625 206 1701 quod
222 1641 297 1686 cum
311 1626 398 1686 inter
412 1640 473 1686 nos
488 1641 531 1687 ex
546 1641 611 1686 una
622 1625 767 1702 parte,et
780 1639 916 1685 venera·

118 1722 219 1784 bilem
234 1725 360 1799 patrem
374 1723 565 1784 Gualterum
583 1724 705 1784 Eduen.
722 1722 913 1799 episcopum

119 1836 161 1881 ex
174 1821 289 1890 altera,
304 1836 405 1896 super
418 1821 546 1898 capella
569 1820 609 1881 (16
631 1820 800 1882 Bethleem
827 1819 912 1896 apud

119 1918 354 1980 Clametiaoum
381 1920 414 1980 et
440 1921 518 1995 jure
548 1917 734 1996 parochiali
765 1917 913 1994 eJ'usdem

118 2015 215 2091 burgi
238 2030 388 2076 coram...
405 2017 550 2087 cantore,
574 2014 863 2091 archipresbitero,
881 2017 914 2075 et

119 2113 280 2188 magistro
312 2114 511 2175 Bonoamico
541 2128 701 2175 canonico
730 2112 910 2175 Bituricen.

118 2211 316 2272 auctoritate
337 2211 525 2288 Apostolica
547 2210 687 2287 quaestio
711 2211 910 2283 verteretur,

116 2308 250 2372 tandem
273 2309 493 2370 mediantibus
517 2309 599 2370 viris
619 2308 727 2381 bonis,
744 2308 832 2371 etad
848 2325 911 2387 pa·

117 2423 189 2468 cem
213 2406 499 2485 interponentibus
520 2409 632 2485 partes
656 2424 734 2468 suas
757 2407 790 2468 in
809 2423 913 2469 vene-

116 2505 255 2568 rabilem
279 2508 323 2566 M.
342 2506 553 2566 aurelianen.
573 2505 775 2583 episcopum,
794 2505 913 2580 magis·

116 2608 203 2665 trum
230 2607 270 2665 H.
297 2604 559 2665 Autissiodoren.
587 2604 796 2674 canonicum,
813 2617 914 2680 super

116 2702 173 2763 illa
190 2701 416 2764 controversia
441 2701 501 2761 sub
521 2718 617 2779 poena
636 2703 767 2763 cent-um
786 2717 913 2763 maroa·

116 2800 273 2877 rumpari
292 2799 369 2859 hinc
388 2799 465 2860 inde
482 2797 769 2875 compromisimus
792 2799 913 2860 volun-

117 2900 196 2970 tate,
213 2897 273 2957 sub
302 2897 364 2957 hac
393 2895 499 2958 forma
523 2897 608 2973 quod
638 2895 756 2958 arbitri
781 2897 844 2974 ipsi
872 2896 912 2958 de

118 2995 217 3072 plano
228 2997 284 3073 jus
298 2994 468 3071 utriusque
487 2995 589 3071 partis
606 2995 785 3071 inquirent,
804 2996 837 3057 61
852 3010 911 3057 nos

117 3095 313 3154 inconcusse
343 3091 550 3152 servabimus
578 3092 735 3170 quidquid
762 3093 837 3170 ipsi,
858 3095 910 3155 vel

118 3191 292 3267 episcopus
306 3205 379 3249 cum
395 3189 500 3251 altero
520 3189 759 3251 coarbitrorum
775 3206 910 3251 suorum

118 3288 251 3348 duxerit
288 3287 530 3359 arbitrandum,
558 3291 591 3348 61
628 3288 815 3349 condictum
845 3292 909 3359 est,

118 3387 202 3462 quod
220 3388 353 3462 propter
367 3386 457 3447 tertii
473 3385 655 3447 absentiam
670 3402 734 3446 non
751 3387 912 3463 impedie-

117 3486 182 3554 tur,
200 3485 279 3561 quin
295 3485 468 3561 episcopus
493 3501 567 3544 cum
583 3483 747 3545 coarbitro
764 3502 834 3556 suo,
855 3486 911 3562 qui

118 3600 265 3660 praesens
278 3583 385 3651 1116111,
402 3582 566 3658 procedat.
579 3584 684 3658 Super
695 3599 790 3658 poena
801 3585 911 3644 autem

119 3682 249 3742 centum
266 3696 452 3740 marcarum
466 3679 655 3756 repetenda,
672 3681 700 3739 si
714 3696 861 3741 essemus
877 3682 911 3740 in

120 3779 260 3849 delectu,
292 3778 388 3853 plene
411 3778 645 3855 supposuimus
672 3794 732 3838 nos
749 3779 913 3856 jurisdic-

119 3878 201 3939 tioni
215 3876 360 3953 episcopi
376 3876 567 3952 supradicti,
585 3877 617 3936 61
633 3878 667 3935 ut
680 3880 786 3952 majus
810 3876 912 3954 robur

119 3975 267 4036 obtineat
281 3974 565 4048 compromissum,
581 3973 661 4033 illud
677 3976 743 4033 tam
761 3990 819 4049 per
834 3991 913 4035 nos-

118 4076 296 4148 trasquam
317 4071 453 4147 capituli
478 4071 583 4130 nostri
609 4071 736 4130 litteras
757 4071 912 4131 duximus

118 4170 287 4230 roborare.
328 4168 465 4229 Durabit
495 4171 604 4229 autem
637 4170 911 4245 compromissum

119 4268 206 4330 istud
229 4284 333 4344 usque
347 4267 388 4327 ad
405 4266 522 4328 festum
539 4267 685 4327 omnium
703 4270 910 4338 Sanctorum,

118 4368 183 4428 nisi
204 4367 243 4427 de
264 4364 429 4426 communi
449 4380 613 4423 consensu
641 4365 784 4441 partium
813 4365 923 4444 suerit

119 4467 330 4542 prorogatum
350 4464 382 4524 et
400 4479 442 4523 ex
457 4464 546 4533 tuno,
561 4462 588 4522 si
612 4479 677 4524 non
702 4480 737 4523 es
756 4466 789 4525 et
811 4480 911 4524 causa

117 4564 258 4624 arbitros
271 4561 493 4629 terminatum,
509 4578 569 4620 nos
585 4561 624 4620 ad
636 4561 768 4637 judices
783 4565 912 4622 nostros

119 4661 272 4737 superius
295 4660 482 4720 nominatos
507 4659 703 4720 haberemus
727 4676 910 4729 recursum,

118 4762 150 4818 et
165 4762 251 4818 esset
262 4757 429 4832 negotium
445 4756 551 4834 quoad
563 4757 692 4818 litteras
705 4757 912 4834 apostolicas

118 4871 256 4930 utrarum
272 4855 468 4915 auctoritate
484 4854 761 4915 conveniebamus
766 4858 836 4933 jam
847 4855 912 4916 ‹lic-

119 4955 188 5011 tum
205 4950 327 5009 Eduen.
344 4951 534 5026 episcopum
551 4954 582 5012 et
595 4953 701 5028 quoad
717 4953 827 5013 omnia
844 4956 911 5014 1611

119 5047 225 5123 quoad
239 5063 307 5115 1166,
323 5065 419 5122 quam
436 5050 541 5123 quoad
555 5050 663 5125 ipsum
676 5051 711 5111 11
725 5067 763 5112 60
779 5053 866 5113 statu
876 5053 911 5112 in

119 5159 184 5220 quo
200 5146 272 5203 erat
283 5145 430 5219 tempore
444 5148 685 5221 compromissi,
696 5148 741 5209 ita
751 5148 837 5225 quod
845 5165 911 5209 non

119 5239 338 5320 possethuJus
350 5243 577 5316 compromissi
588 5246 750 5319 praetextu
760 5247 911 5322 exceptio

119 5338 231 5410 aliqua
247 5340 396 5409 exparte
412 5339 516 5412 ipsius
540 5342 654 5400 contra
673 5357 734 5401 nos
757 5358 796 5404 ac
818 5343 910 5404 litte-

116 5449 173 5496 166
189 5433 318 5490 nostras
333 5434 464 5506 opponi.
493 5436 608 5494 Actum
635 5453 748 5499 mense
776 5441 911 5515 augusti

117 5531 257 5595 blCCXl.

160 5628 302 5689 pitter-ce
320 5625 461 5698 ccpttutt
479 5627 747 5709 electisstodoren.
770 5633 913 5708 11611161-

749 287 923 348 HONORII
947 288 991 347 111
1013 286 1160 348 OPERA.

1685 300 1763 357 -7211

974 447 1036 510 dus
1057 447 1213 521 decanus,
1229 449 1262 509 et
1288 449 1480 512 universum
1507 452 1760 519 Autissiodoren.

974 544 1124 607 ecclesiae
1139 547 1320 623 capitulum
1335 548 1489 610 omnibus
1513 555 1696 628 praesentes
1710 555 1761 618 lit·

973 645 1062 703 teras
1077 642 1276 720 inspecturis
1291 644 1326 705 in
1342 648 1481 708 Domino
1492 649 1647 721 salutem.
1664 653 1759 714 Nove

974 741 1041 802 rint
1053 742 1200 802 universi
1211 742 1296 818 quod
1310 758 1384 803 cum
1395 745 1484 807 iuter
1494 747 1705 809 venerabiles
1717 767 1762 827 pa·

972 839 1040 900 tres
1054 840 1223 900 domiuum
1233 841 1436 903 Willelmum
1448 845 1715 908 antissiodoren.
1725 864 1760 910 61

973 939 1195 1015 (1161611661
1209 939 1377 1001 Galterum
1394 941 1517 1004 Eduen.
1529 943 1706 1021 episcopos
1727 963 1761 1007 61

972 1035 1089 1108 611616,
1105 1034 1234 1113 capella
1249 1037 1291 1098 (16
1303 1038 1470 1100 Bethleem
1484 1039 1573 1116 apud
1589 1042 1761 1103 (1161116116-

972 1149 1046 1194 cum
1060 1134 1093 1195 et
1109 1136 1186 1212 jure
1212 1136 1395 1211 parochiali
1416 1136 1567 1213 eJusdem
1588 1138 1689 1215 burgi
1711 1156 1762 1202 co·

971 1245 1080 1291 1611...
1097 1232 1268 1305 ο611ο16..,
1285 1233 1629 1311 archipresbyteroet
1643 1237 1763 1313 magis·

971 1329 1022 1390 tro
1036 1329 1235 1391 Bonoamioo
1250 1331 1411 1393 canonico
1426 1332 1610 1394 Bituricen.
1629 1336 1763 1396 auctori·

971 1427 1038 1487 tate
1053 1427 1241 1503 apostolica
1256 1429 1394 1506 quaestio
1413 1430 1614 1505 verteretur,
1636 1432 1762 1494 tandem

970 1524 1192 1587 mediantibus
1205 1526 1286 1586 vlris
1299 1525 1406 1599 bonis,
1422 1528 1455 1589 et
1468 1528 1510 1589 ad
1524 1545 1646 1606 pacem
1673 1531 1763 1593 inter

970 1622 1179 1698 ponentibus,
1215 1625 1326 1700 partes
1353 1641 1431 1686 suas
1466 1624 1500 1687 in
1540 1625 1762 1690 venerabilem

970 1721 1096 1796 patrem
1121 1723 1299 1782 Manassen
1322 1723 1540 1785 Aurelianen.
1574 1725 1762 1803 episcopum

968 1819 1001 1880 61
1023 1819 1217 1894 magistrum
1236 1819 1415 1881 Bituricen.
1433 1821 1711 1884 archidiaconum
1734 1826 1762 1885 61

964 1916 1197 1999 μ1111111611111111
1212 1918 1473 1980 autissiodoren.
1489 1921 1694 1982 canonicum
1706 1938 1761 1982 su-

969 2031 1026 2090 per
1041 2015 1098 2076 illa
1114 2016 1340 2077 controversia
1355 2016 1416 2077 sub
1429 2032 1526 2093 poena
1538 2019 1676 2079 centum
1687 2035 1763 2080 mar·

968 2128 1081 2173 carum
1093 2113 1166 2190 pari
1179 2113 1348 2175 voluntate
1362 2115 1670 2192 compromiserunt
1693 2115 1763 2178 hino

967 2210 1044 2272 iude
1066 2210 1126 2272 sub
1147 2210 1207 2272 1611
1229 2211 1346 2283 sonna,
1372 2211 1458 2289 quod
1484 2212 1606 2274 arbitri
1634 2214 1701 2291 ipsi
1727 2215 1762 2276 de

968 2309 1066 2386 plano
1091 2313 1148 2386 jus
1176 2310 1350 2387 utriusque
1381 2311 1485 2387 partis
1513 2311 1700 2391 inquirent,
1735 2316 1763 2374 et

967 2423 1044 2484 pars
1060 2408 1199 2485 utraque
1218 2408 1415 2469 inconcusse
1436 2408 1585 2471 servabit
1607 2411 1759 2489 quidquid

966 2504 1084 2568 arbitri
1099 2506 1174 2582 ipsi,
1191 2506 1242 2567 vel
1258 2507 1432 2583 episcopus
1447 2522 1522 2567 cum
1536 2508 1646 2570 altero
1668 2525 1760 2571 coar·

967 2602 1129 2665 bitrorum
1143 2620 1278 2665 suorum
1300 2603 1432 2666 duxerit
1455 2605 1706 2682 arbitrandum3
1731 2609 1758 2668 et

967 2701 1153 2763 condictum
1173 2701 1337 2779 estquod
1367 2704 1502 2779 propter
1521 2704 1616 2764 tertii
1641 2704 1759 2766 absen-

966 2800 1047 2861 tiam
1070 2815 1136 2860 1611
1165 2799 1364 2875 impedietur
1385 2801 1464 2877 quin
1489 2802 1670 2879 episcopus
1691 2819 1758 2864 cum

966 2896 1132 2959 coarbitro
1146 2913 1217 2964 suo,
1235 2898 1291 2974 qui
1304 2897 1404 2959 1116111
1416 2914 1576 2974 praesens,
1594 2900 1760 2977 procedat.

967 2998 1074 3073 Super
1092 3010 1188 3072 poena
1209 2999 1318 3056 autem
1340 2998 1471 3057 centum
1494 3012 1688 3061 marcarum
1710 3014 1763 3060 ar-

966 3093 1054 3168 genti
1066 3092 1257 3169 repetenda,
1272 3093 1299 3153 si
1313 3093 1488 3171 episcopus
1502 3095 1621 3156 noster
1633 3098 1721 3158 esset
1731 3096 1760 3156 iu

966 3190 1105 3261 delectu,
1121 3191 1292 3267 supposuit
1312 3206 1347 3251 se
1366 3191 1452 3251 idem
1465 3192 1647 3270 episcopus
1670 3194 1760 3271 plene

963 3288 1191 3365 jurisdictioni
1206 3289 1284 3349 dicti
1294 3289 1506 3349 aurelianen.
1520 3291 1671 3367 episcopi
1682 3307 1763 3352 coer

966 3387 1117 3456 cendum,
1133 3389 1210 3447 6111
1223 3389 1329 3463 majus
1344 3386 1445 3446 robur
1458 3387 1608 3449 obtineat
1619 3405 1760 3466 compro

966 3485 1761 3561 missum,d0minusnosterepiscopusilludduxit

967 3599 1025 3658 per
1036 3583 1153 3642 suaset
1164 3582 1294 3641 nostras
1308 3580 1435 3642 litteras
1445 3581 1618 3644 roborare.
1630 3584 1759 3645 Durabit

966 3683 1075 3740 autem
1088 3680 1359 3754 compromissum
1368 3679 1454 3739 istud
1466 3695 1573 3756 usque
1586 3681 1628 3740 ad
1647 3681 1758 3743 testum

967 3778 1113 3838 omnium
1129 3780 1335 3846 Sanctorum,
1354 3777 1418 3837 nisi
1434 3777 1474 3837 de
1493 3780 1665 3839 communi
1686 3796 1759 3840 con·

968 3893 1067 3936 sensu
1083 3875 1223 3950 partium
1248 3875 1346 3935 suerit
1368 3875 1507 3935 ulterius
1532 3880 1756 3953 prorogatum

967 3992 1009 4035 ex
1021 3975 1099 4034 tunc
1121 3973 1148 4032 si
1160 3988 1225 4032 non
1241 3976 1329 4032 esset
1341 3989 1442 4032 causa
1459 3989 1519 4050 per
1530 3973 1677 4036 arbitros
1691 3978 1755 4036 161-

967 4073 1103 4142 minata,
1120 4068 1272 4129 dominus
1285 4070 1546 4132 Autissiodoren.
1573 4072 1753 4149 adjudices

967 4186 1044 4229 suos
1055 4168 1207 4244 superius
1222 4168 1409 4228 nominatos
1425 4167 1564 4229 haberet
1579 4185 1755 4239 recursum,

967 4271 999 4328 et
1019 4269 1107 4327 esset
1131 4265 1298 4339 negotium
1320 4266 1426 4340 quoad
1449 4265 1578 4326 litteras
1593 4266 1756 4343 Apostoli·

968 4382 1034 4434 cas,
1046 4380 1184 4441 qtrarum
1197 4363 1393 4422 auctoritate
1406 4365 1603 4424 convenitur
1612 4364 1756 4426 dominus

969 4464 1089 4523 lhluen.
1125 4461 1315 4537 episcopus,
1346 4461 1378 4520 61
1406 4461 1513 4536 quoad
1548 4464 1662 4523 omnia
1698 4466 1755 4522 tam

967 4561 1073 4637 quoad
1099 4559 1292 4636 praedictum
1319 4558 1488 4619 dominum
1509 4559 1649 4631 Eduen„
1668 4575 1754 4638 quam

967 4657 1072 4735 quoad
1090 4656 1258 4716 dominum
1274 4655 1537 4716 Autissiodoren.
1553 4657 1587 4716 in
1601 4673 1642 4719 eo
1665 4660 1752 4724 statu,

969 4758 1001 4816 in
1017 4754 1582 4832 (11166161161116166611116111661,
1600 4756 1648 4815 ita
1677 4753 1752 4831 quod

968 4871 1032 4913 1161
1061 4852 1181 4929 poterit
1214 4850 1313 4926 hujus
1342 4851 1573 4925 compromissi
1601 4856 1752 4929 praetentu

967 4951 1117 5027 exceptio
1142 4949 1253 5026 aliqua
1270 4951 1383 5008 contra
1400 4948 1571 5008 dominum
1598 4951 1751 5011 Autissio-

967 5050 1092 5119 doren,
1117 5047 1167 5109 vel
1195 5047 1323 5107 litteras
1350 5045 1527 5121 praedictas
1551 5047 1593 5108 ab
1623 5049 1750 5109 adversa

967 5148 1060 5223 parte
1076 5145 1206 5222 opponi.
1223 5146 1289 5203 Nos
1304 5144 1413 5219 itaque
1427 5159 1467 5204 ea
1482 5160 1557 5219 qaum
1582 5146 1622 5205 ad
1647 5159 1749 5224 pacem

967 5247 1042 5304 suut
1069 5244 1249 5320 cupientes,
1273 5241 1349 5300 huic
1372 5242 1612 5317 compromisso
1643 5258 1750 5304 assen-

966 5358 1038 5400 sum
1049 5340 1244 5416 praebentes,
1261 5337 1341 5398 illud
1356 5338 1416 5397 sub
1436 5341 1614 5413 praesentis
1630 5341 1750 5418 pagine

966 5444 999 5499 et
1018 5439 1118 5514 sigilli
1144 5437 1249 5498 nostri
1273 5435 1464 5496 testimonio
1487 5436 1644 5498 duximus
1666 5437 1753 5499 robo-

966 5552 1052 5607 rare,
1070 5537 1177 5597 ratum
1197 5537 1230 5596 et
1247 5534 1479 5594 inconcussum
1505 5536 1540 5595 in
1566 5540 1750 5613 perpetuum

967 5633 1112 5697 habituri
1125 5631 1283 5711 quidquid
1299 5630 1405 5692 exeis
1433 5630 1533 5694 luerit
1563 5634 1750 5696 ordinatum.
