3802 6166
193 362 254 434 ter
660 362 836 428 eunoun
858 363 903 424 ιιι
925 337 1073 426 arnna.
1090 394 1127 409 -
1143 362 1376 427 sunnonns.
1781 360 1842 425 aas

193 528 259 610 11).
284 529 398 593 Aliare
421 542 480 591 eor
507 527 657 590 nostrum
683 525 744 598 est,
769 523 855 602 quod
877 523 928 585 est
952 522 989 584 in
1083 524 1218 601 Oportet
1227 523 1326 586 etiam
1342 521 1465 585 habere
1478 536 1600 583 arcam.
1617 524 1703 584 Arca
1718 520 1843 585 dicitur

194 628 303 691 medio
327 641 478 705 corpore,
506 624 592 687 sicut
617 622 722 686 altare
749 624 799 685 est
819 622 855 684 in
880 620 989 683 medio
1043 620 1085 682 ab
1093 621 1246 685 arcendo.
1258 625 1344 684 Arca
1359 636 1438 698 ergo
1449 620 1555 698 potest
1568 617 1634 681 dici
1649 618 1839 698 disciplina,

195 725 362 788 Ecclesiae.
377 721 711 785 consecreturaltare
722 720 831 783 cordis
844 734 903 796 per
915 734 991 781 con·
1043 720 1096 781 uel
1112 720 1275 796 regularis
1289 719 1370 791 uita,
1386 734 1554 796 perquam
1569 720 1759 780 arcentura
1778 735 1842 780 no·

194 824 323 899 oepturn
345 819 486 892 timoris,
515 818 729 881 consecretur
752 832 812 895 per
835 815 990 877 affectum
1024 815 1094 877 'bis
1116 816 1267 878 crimina.
1285 819 1322 877 ln
1342 831 1421 877 arca
1436 818 1547 877 autem
1563 816 1644 877 sunt
1657 815 1765 891 uirga,
1786 816 1840 877 ta-

195 917 329 980 amoris.
342 920 407 978 Per
416 916 610 992 conceptum
623 914 753 977 umoris
766 913 988 982 consecretur,
1044 913 1131 976 bulae
1161 918 1194 976 et
1221 930 1353 975 manna.
1384 912 1595 989 inregulari
1628 916 1739 974 autem
1772 914 1841 975 rita

195 1016 232 1077 ut
243 1015 393 1076 initietur
407 1013 448 1075 ad
463 1012 596 1075 bonum.
613 1014 678 1073 Per
694 1010 849 1072 affectum
866 1008 991 1069 amoris
1045 1012 1164 1075 debent
1178 1027 1252 1074 esse
1272 1012 1367 1088 virga
1386 1011 1602 1073 correctionis
1615 1013 1651 1071 ut
1668 1026 1746 1072 caro
1764 1027 1842 1072 cns-

195 1112 416 1184 consecretur,
433 1112 469 1172 ui
483 1110 698 1172 consumetur
711 1109 747 1169 in
759 1107 889 1168 melius.
905 1107 991 1167 Nam
1044 1110 1178 1187 ligetur,
1189 1109 1312 1172 tabulae
1323 1109 1520 1181 dilectionis,
1532 1110 1660 1169 utoeus
1671 1108 1839 1184 diligatur.

194 1196 326 1271 initium
342 1208 513 1286 sapientiae
523 1207 574 1270 esi
585 1206 685 1268 timor
697 1204 841 1267 Domini.
1046 1210 1083 1269 In
1108 1207 1231 1269 tabulis
1259 1207 1348 1269 enim
1376 1207 1499 1283 scripta
1527 1206 1604 1267 suut
1629 1207 1661 1267 ei
1687 1207 1843 1267 mandata

236 1307 386 1379 Ohomo‚
402 1305 561 1382 templum
579 1303 640 1365 Dei
655 1306 712 1365 est
733 1302 796 1364 Sed
819 1300 921 1362 habes
937 1299 991 1360 al·
1046 1321 1119 1382 quae
1145 1305 1312 1382 pertinent
1341 1304 1380 1366 ad
1405 1303 1616 1365 dilectionem
1641 1303 1713 1364 Dei.
1742 1303 1843 1365 Debet

196 1404 278 1476 11116,
295 1419 455 1476 mensam,
472 1400 718 1470 candelabrum,
735 1401 915 1462 1111111111
936 1397 991 1458 al·
1047 1403 1146 1464 etiam
1168 1418 1241 1464 esse
1254 1418 1376 1463 manna
1396 1401 1518 1462 divinae
1535 1398 1787 1477 praelibationis,
1808 1402 1844 1461 ut

195 1504 268 1563 tare
280 1501 336 1562 ubi
348 1501 438 1563 recte
451 1500 573 1563 offeras
584 1500 616 1561 et
628 1501 717 1559 recte
727 1497 868 1558 dividas.
880 1495 992 1557 Altare
1048 1517 1145 1576 quam
1161 1500 1274 1560 suauis
1292 1500 1342 1561 est
1360 1501 1458 1569 Dens,
1473 1498 1654 1574 gustemus,
1671 1498 1704 1559 et
1722 1496 1842 1558 ridea-

198 1602 248 1662 est
273 1614 332 1661 cor
358 1599 393 1660 in
417 1613 482 1676 quo
510 1597 665 1659 debemus
688 1595 819 1657 offerre.
845 1592 939 1656 Unde
958 1593 992 1653 in
1047 1614 1120 1657 mus
1145 1597 1222 1675 quia
1245 1597 1332 1658 bona
1358 1599 1409 1658 est
1436 1594 1615 1671 negotiatio
1639 1597 1722 1672 eius,
1745 1596 1843 1671 juxta

197 1696 310 1758 Exodo
323 1696 480 1774 praecepit
494 1697 674 1756 Dominus:
691 1697 734 1755 Iri
750 1694 855 1755 altari
869 1691 994 1768 offeres
1048 1694 1127 1755 illud
1147 1694 1402 1756 proverbiorum
1419 1716 1426 1755 ε
1442 1692 1601 1755 oletavit
1614 1692 1649 1754 et
1662 1693 1748 1753 vidit
1763 1696 1844 1767 quia

196 1793 402 1865 holocausta,
419 1792 497 1870 quia
512 1792 552 1854 de
567 1792 666 1854 corde
681 1790 800 1853 debent
814 1788 993 1867 procedere
1049 1796 1134 1854 bona
1148 1794 1200 1854 est
1214 1792 1402 1868 impetratio
1416 1795 1490 1866 ejus
1500 1787 1613 1867 (Prou.
1630 1805 1725 1860 χχχι,
1739 1790 1804 1868 18).

198 1905 299 1968 opera
321 1890 397 1966 igne
419 1891 592 1952 eharitatis
616 1904 768 1951 accensa.
792 1886 993 1949 Holocausta
1089 1891 1131 1952 Ut
1145 1905 1225 1966 ergo
1240 1888 1398 1966 templum
1413 1889 1472 1950 Dei
1484 1888 1597 1959 simus,
1612 1885 1795 1948 habeamus
1810 1886 1844 1947 in

197 1986 289 2048 enim
311 1987 466 2049 dicuntur
486 1986 527 2049 ab
548 1991 625 2049 olon
650 1986 735 2064 quod
757 1985 808 2047 est
831 1985 940 2046 toturn
962 1984 995 2045 et
1048 1986 1143 2049 nobis
1165 1987 1270 2049 altare
1289 1988 1424 2064 propter
1447 1985 1658 2053 oblationem,
1676 2000 1719 2046 ne
1741 2000 1847 2062 appa-

198 2100 323 2147 cauma
353 2086 439 2163 quod
470 2085 522 2146 est
551 2088 759 2146 inmeritum.
796 2081 876 2144 Inde
903 2085 995 2143 boto-
1048 2100 1181 2147 reamus
1193 2085 1228 2145 in
1243 2084 1421 2161 conspectu
1436 2083 1494 2144 Dei
1505 2082 1614 2155 vacui,
1627 2083 1725 2159 juxta
1741 2080 1843 2142 illud:

197 2185 318 2245 causta
336 2196 379 2244 ex
394 2183 463 2244 toto
480 2180 627 2243 incensa.
644 2184 681 2242 ln
697 2181 760 2242 isto
774 2180 877 2257 igitur
894 2176 994 2239 altari
1047 2185 1126 2244 Non
1152 2184 1334 2256 apparebis
1355 2184 1392 2241 in
1415 2181 1596 2254 conspecta
1616 2182 1681 2240 Det
1708 2180 1760 2240 ini
1783 2194 1848 2239 na-

198 2280 355 2341 debemus
389 2281 479 2342 recte
505 2279 627 2340 offerre
654 2279 687 2340 et
714 2279 804 2340 recte
834 2275 992 2338 diuidere.
1048 2277 1221 2356 causOEx.
1235 2291 1333 2346 χχιιι,
1352 2274 1414 2353 15),
1431 2291 1581 2337 mensam
1595 2274 1848 2352 propterresec-

199 2378 301 2439 Recte
329 2376 511 2448 offerimus,
534 2375 664 2452 quando
686 2375 807 2437 bonum
832 2373 918 2452 quod
943 2388 995 2434 co·
1047 2375 1172 2437 tionem
1193 2389 1236 2435 ne
1256 2372 1449 2435 deficiamus
1473 2373 1508 2433 in
1535 2373 1591 2434 uia
1615 2373 1711 2449 quasi
1735 2370 1847 2449 jejuni

198 2463 353 2552 gitamus,
369 2473 410 2535 ad
433 2473 669 2550 perfectionem
688 2471 908 2551 perducimus.
929 2469 993 2532 Sed
1046 2473 1142 2550 juxta
1155 2470 1237 2532 illud
1253 2471 1288 2532 in
1304 2471 1483 2547 Evangelio
1496 2492 1503 2531 ε
1517 2473 1556 2532 St
1570 2470 1774 2532 dimiseritis
1787 2485 1845 2532 eos

199 2587 266 2632 non
289 2571 378 2632 recte
400 2570 588 2642 dividimus,
615 2570 645 2630 si
663 2586 730 2631 non
754 2569 896 2631 discrete
911 2566 992 2628 illud
1041 2573 1181 2643 jejunos
1196 2569 1353 2642 defidant
1368 2572 1405 2629 iu
1418 2572 1475 2630 oia
1486 2567 1603 2647 (Marc.
1616 2582 1687 2639 viu,
1703 2566 1750 2647 3),
1765 2583 1848 2628 can-

198 2667 350 2735 iacimus,
367 2668 445 2744 quin
460 2682 547 2744 saepe
567 2668 661 2743 putat
678 2666 777 2727 bomo
799 2665 908 2726 iacere
928 2663 992 2725 bo·
1048 2666 1219 2728 delubrum
1241 2668 1375 2743 propter
1398 2665 1518 2727 bonam
1543 2666 1780 2743 operationem,
1805 2681 1846 2725 ne

199 2780 279 2825 num
290 2765 323 2826 et
334 2764 415 2825 iacit
428 2764 562 2825 malum.
575 2766 670 2840 Saepe
684 2763 762 2824 iacit
774 2762 897 2824 bonum
908 2762 941 2823 et
952 2775 995 2822 ex
1048 2764 1151 2824 simus
1166 2764 1265 2825 otiosi
1282 2764 1379 2840 juxta
1394 2763 1476 2824 illud
1492 2761 1716 2824 Ecclesiastici
1728 2784 1736 2822 :
1750 2766 1844 2824 Muti-

200 2861 266 2922 alia
282 2863 376 2938 parte
386 2860 466 2922 iacit
476 2860 611 2931 malum,
623 2862 656 2923 et
669 2860 717 2921 ita
729 2860 800 2937 ipse
811 2858 952 2920 aediilcat
961 2860 995 2919 et
1049 2862 1121 2923 tam
1135 2862 1305 2922 maiitiam
1314 2862 1428 2923 docuit
1443 2862 1599 2922 otios-itas
1608 2858 1709 2939 (Eccl.
1723 2875 1845 2932 χχχιιι,

199 2957 271 3036 ipse
295 2957 447 3019 destruit.
473 2958 536 3019 Sed
568 2958 647 3019 tunc
679 2958 769 3018 recte
797 2955 992 3028 dividimus,
1047 2957 1112 3037 29).
1141 2959 1180 3019 nt
1201 2972 1314 3019 arcam
1336 2973 1377 3019 ne
1396 2958 1500 3018 simus
1528 2959 1624 3035 quasi
1646 2957 1706 3018 filii
1728 2957 1845 3030 Belial,

200 3054 333 3131 quando
345 3053 467 3116 bonum
483 3054 569 3130 quod
584 3053 734 3126 iacimus,
751 3051 923 3114 nonnobis
936 3051 993 3113 sed
1048 3055 1145 3128 idest,
1162 3053 1287 3132 absque
1297 3057 1379 3133 jugo
1399 3054 1653 3132 indisciplinati3
1670 3055 1846 3132 disciplina

200 3152 263 3212 soli
279 3154 346 3213 Deo
361 3150 582 3214 attribuimus.
1048 3153 1137 3214 enim
1152 3151 1343 3213 necessaria
1354 3156 1405 3213 est
1414 3153 1512 3230 juxta
1527 3151 1630 3213 illud:
1646 3156 1849 3225 reprenen-

239 3250 376 3325 Opoitet
407 3249 507 3311 etiam
533 3247 657 3309 habere
675 3262 835 3320 mensam,
859 3246 894 3308 ut
916 3245 994 3307 inde
1048 3252 1118 3311 dite
1131 3251 1356 3324 disciplinam,
1373 3263 1417 3310 ne
1433 3252 1567 3323 quaudo
1582 3251 1760 3310 irascatur
1773 3253 1846 3311 Do-

200 3360 304 3422 panes
314 3345 408 3408 uerbi
423 3346 483 3407 Dei
497 3361 620 3406 sumas.
635 3347 700 3405 Per
712 3359 859 3405 mensam
870 3342 994 3405 intelli·
1047 3351 1202 3408 ricinum..
1212 3344 1283 3425 (Ps.
1299 3348 1330 3418 2,
1345 3344 1407 3425 12).
1418 3348 1487 3408 Hoc
1497 3347 1603 3408 altare
1617 3346 1674 3408 ille
1687 3346 1840 3420 aediticat,

200 3458 280 3518 gere
294 3459 470 3521 possumus
489 3446 625 3504 Sacram
641 3441 858 3518 scripturam,
875 3440 916 3502 de
928 3457 994 3518 qua
1049 3444 1106 3522 qui
1121 3460 1286 3506 corsuum
1300 3459 1380 3505 vera
1398 3444 1585 3506 bumilitate
1600 3446 1633 3506 et
1646 3443 1723 3505 aliis
1739 3445 1849 3506 virtu-

199 3539 377 3603 Psalmista
395 3562 402 3601 :
418 3541 564 3602 Parasti
578 3542 615 3600 irc
624 3539 806 3616 conspecta
815 3553 891 3600 aneo
902 3554 995 3600 meu-
1049 3542 1136 3603 tibus
1147 3543 1298 3603 exornat.
1311 3540 1404 3603 Unde
1417 3542 1595 3618 Gregorius
1607 3563 1615 3602 ε
1629 3559 1648 3602 ι
1661 3542 1723 3614 Qui
1733 3541 1845 3603 uirtu-

197 3642 455 3700 samaaoersus
468 3640 595 3711 eosqui
609 3637 775 3698 tribulari
789 3651 845 3697 me
858 3634 927 3714 (Ps.
941 3637 993 3707 22,
1048 3641 1098 3701 tes
1124 3640 1196 3701 sine
1224 3638 1411 3701 bumilitate
1440 3641 1636 3716 congregat,
1667 3639 1765 3716 quasi
1787 3640 1845 3717 qui

198 3733 244 3814 5),
270 3734 366 3807 idest,
396 3734 517 3817 dedisti
541 3732 623 3794 mihi
648 3734 853 3810 scripturam
879 3733 994 3794 contra
1049 3736 1218 3813 pulverem
1236 3736 1418 3797 inventum
1442 3737 1562 3813 portat.
1582 3753 1601 3796 ιι
1620 3736 1692 3809 vel,
1712 3752 1773 3814 per
1792 3737 1846 3797 al-

198 3831 414 3893 tentationem
430 3830 682 3890 daemoniacam.
699 3829 835 3905 Oportet
849 3829 886 3890 ut
908 3828 995 3891 banc
1048 3834 1120 3894 iare
1136 3849 1194 3894 cor
1216 3836 1365 3894 nostrum
1380 3833 1589 3910 intelligitur,
1608 3832 1729 3911 dequo
1744 3833 1847 3911 jube-

199 3920 391 3996 babeamus,
419 3926 514 3998 idest,
539 3927 575 3987 in
603 3926 711 3987 menie
737 3940 935 4001 reponamus
960 3930 995 3988 ut
1048 3930 1103 3991 tur
1116 3931 1151 3990 in
1167 3930 1489 4006 Leviticorlpnisia
1501 3931 1606 3992 attari
1619 3945 1697 3992 aceo
1708 3946 1848 4007 semper

199 4038 302 4101 panes
314 4022 406 4084 verbi
422 4022 482 4083 Dei
497 4021 573 4083 inde
586 4037 766 4082 sumamus.
783 4023 848 4083 Pro
866 4020 994 4084 deiectu
1048 4027 1182 4089 ardebit
1198 4028 1287 4099 (Lev.
1305 4042 1350 4099 vi,
1369 4027 1432 4105 12).
1449 4028 1539 4103 ignis
1554 4028 1605 4089 est
1617 4026 1776 4100 charitas,
1793 4027 1847 4089 al-

199 4120 299 4198 bujus
315 4120 409 4196 panis
424 4118 504 4180 dicit
517 4119 679 4181 ieremias
694 4139 701 4179 :
719 4122 867 4180 Parvuli
880 4121 993 4193 potie-
1048 4126 1120 4186 iare
1136 4125 1252 4186 estcor
1262 4126 1423 4186 nostrum.
1434 4125 1523 4201 Ignis
1536 4124 1846 4202 semperardebitin

200 4216 285 4277 rrurt
300 4231 431 4289 panem
445 4217 477 4277 et
495 4230 563 4277 noa
582 4216 659 4278 erat
673 4217 732 4290 qui
745 4216 926 4290 preriperet
944 4220 995 4279 eie
1049 4221 1159 4294 altari,
1180 4222 1258 4299 quia
1273 4220 1420 4284 ebaritas
1435 4237 1565 4299 semper
1576 4221 1682 4284 fervet
1700 4222 1735 4282 in
1748 4221 1848 4285 corde

202 4311 337 4392 (Τ111θῐ1
354 4329 398 4385 ll,
413 4310 456 4385 4)·
1048 4322 1172 4380 nostro.
1198 4320 1290 4381 Unde
1309 4320 1465 4381 Salomon
1480 4320 1515 4381 in
1530 4319 1677 4381 canticis
1691 4320 1848 4382 Cantico-

240 4410 376 4486 Oportet
389 4411 422 4472 et
435 4408 558 4471 babere
576 4409 822 4484 candelabrum,
844 4410 881 4474 ut
898 4408 994 4473 bonis
1047 4433 1141 4477 rum:
1157 4420 1264 4492 Aona
1275 4418 1393 4480 murita
1407 4432 1474 4479 nou
1481 4417 1626 4493 possunt
1636 4420 1847 4493 eatrnpeere

200 4506 354 4585 operibus
378 4508 502 4568 luceas·
532 4506 785 4580 Candelabrum,
808 4507 893 4586 (111011
914 4508 995 4569 illu·
1046 4515 1252 4576 claritatem
1266 4513 1372 4593 (Cant.
1388 4529 1460 4587 rur,
1476 4514 1522 4595 7).
1537 4515 1621 4589 Quia
1644 4530 1776 4591 semper
1789 4530 1847 4575 ar-

200 4604 305 4665 minat
322 4604 468 4666 exterius
486 4605 535 4665 esi
553 4603 675 4666 bonum
693 4621 785 4681 opus,
808 4605 894 4682 quod
909 4606 993 4667 alios
1048 4610 1112 4683 det,
1131 4612 1205 4674 ideo
1221 4628 1285 4673 non
1301 4614 1409 4689 potest
1425 4610 1589 4688 extingui.
1606 4612 1675 4675 Vos
1691 4626 1773 4688 ergo
1792 4626 1847 4673 se·

200 4701 392 4779 perbonam
407 4700 595 4778 exemplum
609 4700 770 4763 accendit.
795 4704 841 4763 De
856 4719 921 4779 quo
942 4702 994 4763 di·
1048 4709 1190 4770 cundum
1210 4709 1409 4787 Prophetam
1429 4708 1517 4787 agite
1542 4709 1632 4771 diem
1656 4706 1783 4773 leude
1807 4708 1843 4769 iu

199 4799 309 4860 citur:
325 4802 434 4861 Nemo
457 4798 610 4861 accendi
630 4802 819 4872 lucernam,
844 4801 879 4860 ei
894 4803 993 4875 ponit
1048 4804 1433 4883 confrequentationibus
1451 4805 1617 4885 usquead
1636 4820 1741 4869 cornu
1760 4806 1848 4868 alta-

199 4912 277 4958 eam
301 4899 363 4959 surb
387 4900 511 4968 modio,
538 4897 598 4957 sed
622 4910 728 4970 suaper
752 4900 995 4959 candelabrum
1048 4903 1105 4974 ris,
1127 4907 1209 4977 qaia
1227 4904 1646 4980 reltputoeeopitationam
1658 4904 1752 4965 diem
1770 4906 1845 4977 fes-

200 4990 329 5070 (Mattb.
345 5009 377 5062 v,
397 4992 461 5071 15).
481 4995 631 5055 Lucerna
647 4994 745 5070 Juxta
767 4993 906 5056 verbum
928 4996 994 5056 lio-
1049 5001 1121 5061 turi
1137 5000 1462 5080 apcittttbiffslie,
1480 4999 1542 5074 11).
1564 5000 1612 5065 De
1625 4999 1690 5062 hae
1704 5002 1847 5078 Aposto-

198 5088 280 5149 mini
304 5088 354 5150 est
378 5088 465 5150 bona
494 5089 646 5161 intentio,
677 5090 754 5167 quia
782 5091 854 5167 ipse
880 5090 991 5152 dicit:
1047 5096 1120 5157 lus:
1136 5099 1530 5161 Eacedeuiioremoiam
1545 5100 1639 5160 nobis
1648 5098 1846 5161 demonstro

196 5188 355 5247 Lucerna
380 5186 431 5246 esi
459 5192 574 5247 ocutus
595 5188 676 5248 taras
694 5186 826 5265 (Mattb.
852 5202 899 5259 vi,
924 5187 990 5267 22).
1049 5194 1078 5273 (1
1094 5195 1167 5256 cor.
1181 5210 1242 5263 χιι,
1257 5192 1323 5272 31).

198 5281 320 5344 Oculus
342 5282 393 5342 est
411 5281 560 5344 intentio.
577 5284 651 5344 Non
670 5282 827 5345 debemus
846 5299 926 5361 ergo
948 5285 994 5347 lu·
1087 5290 1846 5369 Excellentioremriamdixitcharitatem,quin

197 5377 413 5441 011111111111111
434 5378 693 5454 101101011111,
710 5380 767 5442 sed
788 5396 888 5458 super
907 5398 992 5444 can·
1048 5386 1120 5466 ipsa
1134 5390 1185 5451 est
1197 5404 1297 5466 super
1308 5389 1586 5462 omnesvirtutes,
1598 5391 1631 5452 et
1645 5389 1846 5468 quicumque

197 5475 378 5538 delubrum.
396 5476 432 5536 Si
451 5474 610 5537 babemus
624 5476 746 5538 bonam
761 5478 990 5554 intentionem,
1047 5486 1153 5563 ipsam
1166 5485 1275 5559 habet,
1294 5486 1394 5549 babet
1412 5502 1527 5549 omnes
1539 5486 1692 5549 uirtutes.
1708 5487 1780 5548 Hoc
1794 5487 1846 5548 est

196 5589 264 5635 non
279 5572 434 5634 debemus
457 5572 672 5646 abscondere,
691 5574 749 5636 sed
773 5575 894 5637 bonum
910 5593 993 5655 opus
1046 5582 1184 5645 verbum
1208 5583 1448 5658 abbreviatum,
1474 5584 1561 5663 quod
1583 5582 1663 5646 iecit
1683 5582 1845 5645 Dominus

194 5670 274 5739 aliis
287 5671 321 5732 in
337 5671 448 5733 lumen
467 5671 500 5733 et
513 5671 702 5748 exemplum
715 5673 939 5737 manifestare.
1047 5697 1147 5761 super
1160 5681 1295 5755 terram,
1311 5682 1398 5760 quod
1417 5682 1502 5746 adeo
1519 5680 1620 5746 breve
1634 5682 1686 5744 est
1699 5680 1737 5744 ut
1749 5680 1846 5742 dica·
