<?xml version="1.0" encoding="UTF-8"?>
<!DOCTYPE html PUBLIC "-//W3C//DTD XHTML 1.0 Transitional//EN"
    "http://www.w3.org/TR/xhtml1/DTD/xhtml1-transitional.dtd">
<html xmlns="http://www.w3.org/1999/xhtml" xml:lang="en" lang="en">
 <head>
  <title>
</title>
<meta http-equiv="Content-Type" content="text/html;charset=utf-8" />
  <meta name='ocr-system' content='tesseract 3.04.00' />
  <meta name='ocr-capabilities' content='ocr_page ocr_carea ocr_par ocr_line ocrx_word'/>
</head>
<body>
  <div class='ocr_page' id='page_1' title='image "./mediiaevibiblio02horogoog_0487.png"; bbox 0 0 3802 6166; ppageno 0'>
   <div class='ocr_carea' id='block_1_1' title="bbox 692 240 1774 327">
    <p class='ocr_par' dir='ltr' id='par_1_1' title="bbox 692 240 1774 327">
     <span class='ocr_line' id='line_1_1' title="bbox 692 240 1774 327; baseline 0.004 -4"><span class='ocrx_word' id='word_1_1' title='bbox 692 240 699 251; x_wconf 84' lang='grc'><strong>“</strong></span> <span class='ocrx_word' id='word_1_2' title='bbox 744 262 920 323; x_wconf 75' lang='lat' dir='ltr'><strong>uosoan</strong></span> <span class='ocrx_word' id='word_1_3' title='bbox 943 262 988 323; x_wconf 89' lang='lat'><strong>111</strong></span> <span class='ocrx_word' id='word_1_4' title='bbox 1007 264 1155 326; x_wconf 75' lang='lat' dir='ltr'><strong>orani.</strong></span> <span class='ocrx_word' id='word_1_5' title='bbox 1718 266 1774 327; x_wconf 72' lang='lat' dir='ltr'><strong>roc</strong></span> 
     </span>
    </p>
   </div>
   <div class='ocr_carea' id='block_1_2' title="bbox 464 421 1773 547">
    <p class='ocr_par' dir='ltr' id='par_1_2' title="bbox 464 421 1773 547">
     <span class='ocr_line' id='line_1_2' title="bbox 464 421 1773 547; baseline 0.005 -66"><span class='ocrx_word' id='word_1_6' title='bbox 464 460 576 547; x_wconf 61' lang='lat' dir='ltr'>XXII</span> <span class='ocrx_word' id='word_1_7' title='bbox 972 438 992 484; x_wconf 92' lang='lat' dir='ltr'><strong>a</strong></span> <span class='ocrx_word' id='word_1_8' title='bbox 1014 425 1141 501; x_wconf 82' lang='lat' dir='ltr'><strong>septem</strong></span> <span class='ocrx_word' id='word_1_9' title='bbox 1163 422 1262 486; x_wconf 90' lang='lat' dir='ltr'><strong>annis</strong></span> <span class='ocrx_word' id='word_1_10' title='bbox 1283 421 1447 486; x_wconf 84' lang='lat' dir='ltr'><strong>duntaxat</strong></span> <span class='ocrx_word' id='word_1_11' title='bbox 1464 425 1661 503; x_wconf 76' lang='lat' dir='ltr'><strong>percepisse</strong></span> <span class='ocrx_word' id='word_1_12' title='bbox 1685 424 1773 487; x_wconf 87' lang='lat' dir='ltr'><strong>deci-</strong></span> 
     </span>
    </p>
   </div>
   <div class='ocr_carea' id='block_1_3' title="bbox 220 520 1772 993">
    <p class='ocr_par' dir='ltr' id='par_1_3' title="bbox 972 520 1771 599">
     <span class='ocr_line' id='line_1_3' title="bbox 972 520 1771 599; baseline 0.005 -18"><span class='ocrx_word' id='word_1_13' title='bbox 972 536 1043 582; x_wconf 88' lang='lat' dir='ltr'><strong>mas</strong></span> <span class='ocrx_word' id='word_1_14' title='bbox 1065 521 1105 583; x_wconf 89' lang='lat' dir='ltr'><strong>de</strong></span> <span class='ocrx_word' id='word_1_15' title='bbox 1131 520 1328 599; x_wconf 84' lang='lat' dir='ltr'><strong>quibusdam</strong></span> <span class='ocrx_word' id='word_1_16' title='bbox 1351 520 1428 583; x_wconf 92' lang='lat' dir='ltr'><strong>aliis</strong></span> <span class='ocrx_word' id='word_1_17' title='bbox 1449 538 1493 583; x_wconf 84' lang='lat' dir='ltr'><strong>ex</strong></span> <span class='ocrx_word' id='word_1_18' title='bbox 1517 523 1611 584; x_wconf 89' lang='lat' dir='ltr'><strong>villis</strong></span> <span class='ocrx_word' id='word_1_19' title='bbox 1638 523 1771 598; x_wconf 92' lang='lat' dir='ltr'><strong>eisdem,</strong></span> 
     </span>
    </p>

    <p class='ocr_par' dir='ltr' id='par_1_4' title="bbox 220 619 1772 918">
     <span class='ocr_line' id='line_1_4' title="bbox 220 619 1772 698; baseline 0.004 -20"><span class='ocrx_word' id='word_1_20' title='bbox 220 632 271 691; x_wconf 63' lang='lat' dir='ltr'><strong>Aa</strong></span> <span class='ocrx_word' id='word_1_21' title='bbox 295 632 575 691; x_wconf 63' lang='lat' dir='ltr'><strong>prpprppafflnpm</strong></span> <span class='ocrx_word' id='word_1_22' title='bbox 603 631 819 693; x_wconf 55' lang='lat' dir='ltr'><strong>Apamensem</strong></span> <span class='ocrx_word' id='word_1_23' title='bbox 974 621 1006 680; x_wconf 89' lang='lat' dir='ltr'><strong>et</strong></span> <span class='ocrx_word' id='word_1_24' title='bbox 1021 619 1083 681; x_wconf 89' lang='lat' dir='ltr'><strong>hoc</strong></span> <span class='ocrx_word' id='word_1_25' title='bbox 1098 619 1198 682; x_wconf 90' lang='lat' dir='ltr'><strong>etiam</strong></span> <span class='ocrx_word' id='word_1_26' title='bbox 1214 620 1378 681; x_wconf 85' lang='lat' dir='ltr'><strong>violenter</strong></span> <span class='ocrx_word' id='word_1_27' title='bbox 1397 641 1404 679; x_wconf 92' lang='lat'>:</span> <span class='ocrx_word' id='word_1_28' title='bbox 1421 621 1453 681; x_wconf 91' lang='lat' dir='ltr'><strong>et</strong></span> <span class='ocrx_word' id='word_1_29' title='bbox 1466 636 1533 681; x_wconf 89' lang='lat' dir='ltr'><strong>non</strong></span> <span class='ocrx_word' id='word_1_30' title='bbox 1552 621 1618 683; x_wconf 93' lang='lat' dir='ltr'><strong>nisi</strong></span> <span class='ocrx_word' id='word_1_31' title='bbox 1638 622 1772 698; x_wconf 83' lang='lat' dir='ltr'><strong>triginta</strong></span> 
     </span>
     <span class='ocr_line' id='line_1_5' title="bbox 277 717 1772 798; baseline 0.005 -23"><span class='ocrx_word' id='word_1_32' title='bbox 277 727 311 788; x_wconf 69' lang='lat' dir='ltr'><strong>et</strong></span> <span class='ocrx_word' id='word_1_33' title='bbox 325 728 564 790; x_wconf 64' lang='lat' dir='ltr'><strong>scppzpsepepm</strong></span> <span class='ocrx_word' id='word_1_34' title='bbox 578 732 766 791; x_wconf 55' lang='lat' dir='ltr'><strong>Aniensem,</strong></span> <span class='ocrx_word' id='word_1_35' title='bbox 974 717 1075 778; x_wconf 90' lang='lat' dir='ltr'><strong>trium</strong></span> <span class='ocrx_word' id='word_1_36' title='bbox 1098 734 1261 779; x_wconf 90' lang='lat' dir='ltr'><strong>annorum</strong></span> <span class='ocrx_word' id='word_1_37' title='bbox 1285 718 1428 796; x_wconf 87' lang='lat' dir='ltr'><strong>spatium</strong></span> <span class='ocrx_word' id='word_1_38' title='bbox 1449 719 1633 787; x_wconf 80' lang='lat' dir='ltr'><strong>effluxisse,</strong></span> <span class='ocrx_word' id='word_1_39' title='bbox 1658 734 1772 798; x_wconf 79' lang='lat' dir='ltr'><strong>exquo</strong></span> 
     </span>
     <span class='ocr_line' id='line_1_6' title="bbox 384 816 1772 918; baseline 0.005 -44"><span class='ocrx_word' id='word_1_40' title='bbox 384 860 419 916; x_wconf 61' lang='grc' dir='ltr'><em>ῃ</em></span> <span class='ocrx_word' id='word_1_41' title='bbox 529 868 540 917; x_wconf 59' lang='lat' dir='ltr'>t</span> <span class='ocrx_word' id='word_1_42' title='bbox 569 861 637 918; x_wconf 54' lang='grc' dir='ltr'><strong>ΗΠ</strong></span> <span class='ocrx_word' id='word_1_43' title='bbox 973 816 1051 877; x_wconf 91' lang='lat' dir='ltr'><strong>dicti</strong></span> <span class='ocrx_word' id='word_1_44' title='bbox 1078 816 1289 894; x_wconf 80' lang='lat' dir='ltr'><strong>hospitalarii</strong></span> <span class='ocrx_word' id='word_1_45' title='bbox 1317 816 1463 878; x_wconf 90' lang='lat' dir='ltr'><strong>decimas</strong></span> <span class='ocrx_word' id='word_1_46' title='bbox 1487 818 1579 895; x_wconf 89' lang='lat' dir='ltr'><strong>ipsas</strong></span> <span class='ocrx_word' id='word_1_47' title='bbox 1604 818 1772 895; x_wconf 83' lang='lat' dir='ltr'><strong>percipere</strong></span> 
     </span>
    </p>

    <p class='ocr_par' dir='ltr' id='par_1_5' title="bbox 434 874 1772 993">
     <span class='ocr_line' id='line_1_7' title="bbox 434 874 1772 993; baseline 0.003 -20"><span class='ocrx_word' id='word_1_48' title='bbox 434 874 550 933; x_wconf 59' lang='lat' dir='ltr'><strong>wgus&#39;</strong></span> <span class='ocrx_word' id='word_1_49' title='bbox 641 903 648 916; x_wconf 86' lang='lat'>&#39;</span> <span class='ocrx_word' id='word_1_50' title='bbox 972 914 1191 992; x_wconf 85' lang='lat' dir='ltr'><strong>incoeperunt.</strong></span> <span class='ocrx_word' id='word_1_51' title='bbox 1216 918 1265 976; x_wconf 79' lang='lat' dir='ltr'><strong>Ex</strong></span> <span class='ocrx_word' id='word_1_52' title='bbox 1293 915 1413 991; x_wconf 91' lang='lat' dir='ltr'><strong>quibus</strong></span> <span class='ocrx_word' id='word_1_53' title='bbox 1439 915 1583 977; x_wconf 82' lang='lat' dir='ltr'><strong>insertur</strong></span> <span class='ocrx_word' id='word_1_54' title='bbox 1611 933 1657 977; x_wconf 81' lang='lat' dir='ltr'><strong>ex</strong></span> <span class='ocrx_word' id='word_1_55' title='bbox 1686 922 1772 993; x_wconf 87' lang='lat' dir='ltr'><strong>purte</strong></span> 
     </span>
    </p>
   </div>
   <div class='ocr_carea' id='block_1_4' title="bbox 119 1012 1772 1188">
    <p class='ocr_par' dir='ltr' id='par_1_6' title="bbox 119 1012 1772 1188">
     <span class='ocr_line' id='line_1_8' title="bbox 973 1012 1770 1091; baseline 0.005 -19"><span class='ocrx_word' id='word_1_56' title='bbox 973 1012 1168 1074; x_wconf 90' lang='lat' dir='ltr'><strong>monasterii</strong></span> <span class='ocrx_word' id='word_1_57' title='bbox 1192 1013 1365 1075; x_wconf 85' lang='lat' dir='ltr'><strong>memorati</strong></span> <span class='ocrx_word' id='word_1_58' title='bbox 1389 1013 1545 1075; x_wconf 80' lang='lat' dir='ltr'><strong>frivolum</strong></span> <span class='ocrx_word' id='word_1_59' title='bbox 1568 1030 1656 1085; x_wconf 86' lang='lat' dir='ltr'><strong>esse,</strong></span> <span class='ocrx_word' id='word_1_60' title='bbox 1692 1016 1770 1091; x_wconf 88' lang='lat' dir='ltr'><strong>quod</strong></span> 
     </span>
     <span class='ocr_line' id='line_1_9' title="bbox 119 1099 1772 1188; baseline -0.001 -28"><span class='ocrx_word' id='word_1_61' title='bbox 119 1103 156 1160; x_wconf 80' lang='lat' dir='ltr'><strong>Ul</strong></span> <span class='ocrx_word' id='word_1_62' title='bbox 172 1100 250 1158; x_wconf 75' lang='lat' dir='ltr'><strong>litem</strong></span> <span class='ocrx_word' id='word_1_63' title='bbox 265 1101 339 1158; x_wconf 83' lang='lat' dir='ltr'><strong>inter</strong></span> <span class='ocrx_word' id='word_1_64' title='bbox 356 1099 488 1157; x_wconf 70' lang='lat' dir='ltr'><strong>abbatem</strong></span> <span class='ocrx_word' id='word_1_65' title='bbox 504 1102 599 1159; x_wconf 88' lang='lat' dir='ltr'><strong>Sancti</strong></span> <span class='ocrx_word' id='word_1_66' title='bbox 615 1102 729 1159; x_wconf 73' lang='lat' dir='ltr'><strong>Martini</strong></span> <span class='ocrx_word' id='word_1_67' title='bbox 745 1110 773 1159; x_wconf 82' lang='lat' dir='ltr'><strong>et</strong></span> <span class='ocrx_word' id='word_1_68' title='bbox 792 1100 918 1175; x_wconf 78' lang='lat' dir='ltr'><strong>hosplltl·</strong></span> <span class='ocrx_word' id='word_1_69' title='bbox 973 1126 1073 1187; x_wconf 72' lang='lat' dir='ltr'><strong>super</strong></span> <span class='ocrx_word' id='word_1_70' title='bbox 1095 1110 1311 1185; x_wconf 73' lang='lat' dir='ltr'><strong>derogatione</strong></span> <span class='ocrx_word' id='word_1_71' title='bbox 1339 1112 1591 1188; x_wconf 71' lang='lat' dir='ltr'><strong>privilegiorum</strong></span> <span class='ocrx_word' id='word_1_72' title='bbox 1618 1114 1654 1173; x_wconf 72' lang='lat' dir='ltr'><strong>et</strong></span> <span class='ocrx_word' id='word_1_73' title='bbox 1687 1112 1772 1173; x_wconf 72' lang='lat' dir='ltr'><strong>deci.</strong></span> 
     </span>
    </p>
   </div>
   <div class='ocr_carea' id='block_1_5' title="bbox 119 1189 1770 1975">
    <p class='ocr_par' dir='ltr' id='par_1_7' title="bbox 119 1189 1770 1975">
     <span class='ocr_line' id='line_1_10' title="bbox 155 1189 1770 1291; baseline 0.004 -28"><span class='ocrx_word' id='word_1_74' title='bbox 155 1190 241 1291; x_wconf 67' lang='lat' dir='ltr'><strong>¹⁸¹J¹⁰⁸</strong></span> <span class='ocrx_word' id='word_1_75' title='bbox 258 1189 341 1291; x_wconf 36' lang='lat' dir='ltr'><strong>juxta.</strong></span> <span class='ocrx_word' id='word_1_76' title='bbox 360 1190 519 1248; x_wconf 70' lang='lat' dir='ltr'><strong>¹⁰⁰⁰0⁰¹1ffi</strong></span> <span class='ocrx_word' id='word_1_77' title='bbox 543 1192 583 1249; x_wconf 78' lang='grc' dir='ltr'><strong>ΠΙ</strong></span> <span class='ocrx_word' id='word_1_78' title='bbox 602 1189 708 1249; x_wconf 58' lang='lat' dir='ltr'><strong>bullam</strong></span> <span class='ocrx_word' id='word_1_79' title='bbox 730 1191 800 1265; x_wconf 87' lang='lat' dir='ltr'><strong>ipsis</strong></span> <span class='ocrx_word' id='word_1_80' title='bbox 824 1199 916 1249; x_wconf 62' lang='lat' dir='ltr'><strong>lim·</strong></span> <span class='ocrx_word' id='word_1_81' title='bbox 973 1225 1102 1269; x_wconf 89' lang='lat' dir='ltr'><strong>marum</strong></span> <span class='ocrx_word' id='word_1_82' title='bbox 1118 1209 1368 1285; x_wconf 74' lang='lat' dir='ltr'><strong>prascriptione</strong></span> <span class='ocrx_word' id='word_1_83' title='bbox 1384 1210 1504 1270; x_wconf 88' lang='lat' dir='ltr'><strong>asserit</strong></span> <span class='ocrx_word' id='word_1_84' title='bbox 1515 1226 1595 1287; x_wconf 87' lang='lat' dir='ltr'><strong>pars</strong></span> <span class='ocrx_word' id='word_1_85' title='bbox 1609 1210 1770 1270; x_wconf 88' lang='lat' dir='ltr'><strong>adversa:</strong></span> 
     </span>
     <span class='ocr_line' id='line_1_11' title="bbox 154 1279 1770 1384; baseline 0 -17"><span class='ocrx_word' id='word_1_86' title='bbox 154 1293 274 1337; x_wconf 70' lang='lat'>¹¹¹¹⁸⁸⁸¹¹¹</span> <span class='ocrx_word' id='word_1_87' title='bbox 289 1279 433 1337; x_wconf 56' lang='lat' dir='ltr'><strong>diffluant·</strong></span> <span class='ocrx_word' id='word_1_88' title='bbox 973 1305 1156 1384; x_wconf 77' lang='lat' dir='ltr'><strong>praesertim</strong></span> <span class='ocrx_word' id='word_1_89' title='bbox 1174 1322 1248 1366; x_wconf 91' lang='lat' dir='ltr'><strong>cum</strong></span> <span class='ocrx_word' id='word_1_90' title='bbox 1267 1306 1367 1366; x_wconf 87' lang='lat' dir='ltr'><strong>etiam</strong></span> <span class='ocrx_word' id='word_1_91' title='bbox 1387 1306 1416 1366; x_wconf 90' lang='lat' dir='ltr'><strong>si</strong></span> <span class='ocrx_word' id='word_1_92' title='bbox 1433 1322 1548 1367; x_wconf 89' lang='lat' dir='ltr'><strong>verum</strong></span> <span class='ocrx_word' id='word_1_93' title='bbox 1564 1308 1666 1379; x_wconf 90' lang='lat' dir='ltr'><strong>esset,</strong></span> <span class='ocrx_word' id='word_1_94' title='bbox 1690 1306 1770 1384; x_wconf 88' lang='lat' dir='ltr'><strong>quod</strong></span> 
     </span>
     <span class='ocr_line' id='line_1_12' title="bbox 158 1403 1769 1485; baseline 0 -18"><span class='ocrx_word' id='word_1_95' title='bbox 158 1406 327 1469; x_wconf 90' lang='lat' dir='ltr'><strong>Honorius</strong></span> <span class='ocrx_word' id='word_1_96' title='bbox 364 1406 555 1485; x_wconf 87' lang='lat' dir='ltr'><strong>episcopus,</strong></span> <span class='ocrx_word' id='word_1_97' title='bbox 596 1423 712 1468; x_wconf 89' lang='lat' dir='ltr'><strong>servus</strong></span> <span class='ocrx_word' id='word_1_98' title='bbox 746 1422 918 1468; x_wconf 86' lang='lat' dir='ltr'><strong>servorum</strong></span> <span class='ocrx_word' id='word_1_99' title='bbox 973 1403 1013 1465; x_wconf 90' lang='lat' dir='ltr'><strong>de</strong></span> <span class='ocrx_word' id='word_1_100' title='bbox 1048 1403 1314 1480; x_wconf 80' lang='lat' dir='ltr'><strong>quadragenaria</strong></span> <span class='ocrx_word' id='word_1_101' title='bbox 1355 1404 1566 1480; x_wconf 84' lang='lat' dir='ltr'><strong>possessione</strong></span> <span class='ocrx_word' id='word_1_102' title='bbox 1602 1405 1769 1482; x_wconf 90' lang='lat' dir='ltr'><strong>proponit,</strong></span> 
     </span>
     <span class='ocr_line' id='line_1_13' title="bbox 119 1501 1770 1579; baseline -0.001 -14"><span class='ocrx_word' id='word_1_103' title='bbox 119 1504 192 1576; x_wconf 90' lang='lat' dir='ltr'><strong>Dei,</strong></span> <span class='ocrx_word' id='word_1_104' title='bbox 213 1503 344 1566; x_wconf 86' lang='lat' dir='ltr'><strong>dilectis</strong></span> <span class='ocrx_word' id='word_1_105' title='bbox 359 1504 488 1576; x_wconf 86' lang='lat' dir='ltr'><strong>tiliis...,</strong></span> <span class='ocrx_word' id='word_1_106' title='bbox 506 1504 741 1565; x_wconf 86' lang='lat' dir='ltr'><strong>archidiacono</strong></span> <span class='ocrx_word' id='word_1_107' title='bbox 756 1504 918 1566; x_wconf 91' lang='lat' dir='ltr'><strong>Nitriensi</strong></span> <span class='ocrx_word' id='word_1_108' title='bbox 973 1501 1014 1561; x_wconf 88' lang='lat' dir='ltr'><strong>ad</strong></span> <span class='ocrx_word' id='word_1_109' title='bbox 1030 1502 1313 1578; x_wconf 70' lang='lat' dir='ltr'><strong>praescriptionem</strong></span> <span class='ocrx_word' id='word_1_110' title='bbox 1329 1504 1440 1564; x_wconf 88' lang='lat' dir='ltr'><strong>tamen</strong></span> <span class='ocrx_word' id='word_1_111' title='bbox 1455 1502 1647 1579; x_wconf 82' lang='lat' dir='ltr'><strong>nequiverit</strong></span> <span class='ocrx_word' id='word_1_112' title='bbox 1666 1504 1770 1579; x_wconf 87' lang='lat' dir='ltr'><strong>proie-</strong></span> 
     </span>
     <span class='ocr_line' id='line_1_14' title="bbox 119 1600 1768 1679; baseline -0.002 -16"><span class='ocrx_word' id='word_1_113' title='bbox 119 1603 189 1663; x_wconf 86' lang='lat' dir='ltr'><strong>et...</strong></span> <span class='ocrx_word' id='word_1_114' title='bbox 213 1600 389 1663; x_wconf 89' lang='lat' dir='ltr'><strong>scolastico</strong></span> <span class='ocrx_word' id='word_1_115' title='bbox 403 1601 538 1663; x_wconf 88' lang='lat' dir='ltr'><strong>Albensi</strong></span> <span class='ocrx_word' id='word_1_116' title='bbox 558 1602 816 1679; x_wconf 82' lang='lat' dir='ltr'><strong>vesprimiensis</strong></span> <span class='ocrx_word' id='word_1_117' title='bbox 840 1602 920 1663; x_wconf 73' lang='lat' dir='ltr'><strong>diua·</strong></span> <span class='ocrx_word' id='word_1_118' title='bbox 974 1600 1059 1661; x_wconf 88' lang='lat' dir='ltr'><strong>cisse</strong></span> <span class='ocrx_word' id='word_1_119' title='bbox 1076 1622 1083 1660; x_wconf 73' lang='grc' dir='ltr'>ς</span> <span class='ocrx_word' id='word_1_120' title='bbox 1100 1617 1200 1678; x_wconf 88' lang='lat' dir='ltr'><strong>quum</strong></span> <span class='ocrx_word' id='word_1_121' title='bbox 1222 1616 1283 1661; x_wconf 92' lang='lat' dir='ltr'><strong>nec</strong></span> <span class='ocrx_word' id='word_1_122' title='bbox 1301 1603 1427 1677; x_wconf 90' lang='lat' dir='ltr'><strong>justum</strong></span> <span class='ocrx_word' id='word_1_123' title='bbox 1448 1600 1605 1662; x_wconf 91' lang='lat' dir='ltr'><strong>habuerit</strong></span> <span class='ocrx_word' id='word_1_124' title='bbox 1629 1601 1768 1673; x_wconf 85' lang='lat' dir='ltr'><strong>titulum,</strong></span> 
     </span>
     <span class='ocr_line' id='line_1_15' title="bbox 121 1698 1769 1777; baseline -0.002 -16"><span class='ocrx_word' id='word_1_125' title='bbox 121 1699 222 1772; x_wconf 90' lang='lat' dir='ltr'><strong>cesis,</strong></span> <span class='ocrx_word' id='word_1_126' title='bbox 258 1700 399 1761; x_wconf 90' lang='lat' dir='ltr'><strong>salutem</strong></span> <span class='ocrx_word' id='word_1_127' title='bbox 437 1701 470 1761; x_wconf 90' lang='lat' dir='ltr'><strong>et</strong></span> <span class='ocrx_word' id='word_1_128' title='bbox 501 1700 726 1777; x_wconf 84' lang='lat' dir='ltr'><strong>Apostolicam</strong></span> <span class='ocrx_word' id='word_1_129' title='bbox 759 1698 919 1761; x_wconf 88' lang='lat' dir='ltr'><strong>benedic·</strong></span> <span class='ocrx_word' id='word_1_130' title='bbox 974 1714 1034 1759; x_wconf 90' lang='lat' dir='ltr'><strong>nec</strong></span> <span class='ocrx_word' id='word_1_131' title='bbox 1056 1698 1155 1759; x_wconf 86' lang='lat' dir='ltr'><strong>eiiam</strong></span> <span class='ocrx_word' id='word_1_132' title='bbox 1176 1698 1360 1775; x_wconf 82' lang='lat' dir='ltr'><strong>possederit</strong></span> <span class='ocrx_word' id='word_1_133' title='bbox 1380 1698 1465 1759; x_wconf 89' lang='lat' dir='ltr'><strong>bona</strong></span> <span class='ocrx_word' id='word_1_134' title='bbox 1490 1698 1566 1759; x_wconf 86' lang='lat' dir='ltr'><strong>tide.</strong></span> <span class='ocrx_word' id='word_1_135' title='bbox 1585 1701 1694 1770; x_wconf 89' lang='lat' dir='ltr'><strong>Quum</strong></span> <span class='ocrx_word' id='word_1_136' title='bbox 1710 1700 1769 1774; x_wconf 73' lang='lat' dir='ltr'><strong>ipi-</strong></span> 
     </span>
     <span class='ocr_line' id='line_1_16' title="bbox 120 1796 1768 1874; baseline -0.001 -16"><span class='ocrx_word' id='word_1_137' title='bbox 120 1798 258 1859; x_wconf 87' lang='lat' dir='ltr'><strong>tionem.</strong></span> <span class='ocrx_word' id='word_1_138' title='bbox 973 1798 1027 1857; x_wconf 87' lang='lat' dir='ltr'><strong>tur</strong></span> <span class='ocrx_word' id='word_1_139' title='bbox 1041 1797 1179 1868; x_wconf 89' lang='lat' dir='ltr'><strong>constet,</strong></span> <span class='ocrx_word' id='word_1_140' title='bbox 1196 1796 1341 1858; x_wconf 88' lang='lat' dir='ltr'><strong>decimas</strong></span> <span class='ocrx_word' id='word_1_141' title='bbox 1354 1797 1446 1873; x_wconf 89' lang='lat' dir='ltr'><strong>ipsas</strong></span> <span class='ocrx_word' id='word_1_142' title='bbox 1461 1796 1502 1858; x_wconf 91' lang='lat' dir='ltr'><strong>ab</strong></span> <span class='ocrx_word' id='word_1_143' title='bbox 1518 1796 1658 1874; x_wconf 88' lang='lat' dir='ltr'><strong>antiquo</strong></span> <span class='ocrx_word' id='word_1_144' title='bbox 1673 1797 1768 1857; x_wconf 83' lang='lat' dir='ltr'><strong>luisse</strong></span> 
     </span>
     <span class='ocr_line' id='line_1_17' title="bbox 162 1894 1767 1975; baseline -0.001 -19"><span class='ocrx_word' id='word_1_145' title='bbox 162 1896 305 1958; x_wconf 87' lang='lat' dir='ltr'><strong>Litteras</strong></span> <span class='ocrx_word' id='word_1_146' title='bbox 344 1895 440 1957; x_wconf 84' lang='lat' dir='ltr'><strong>bonae</strong></span> <span class='ocrx_word' id='word_1_147' title='bbox 484 1895 652 1958; x_wconf 77' lang='lat' dir='ltr'><strong>memoria</strong></span> <span class='ocrx_word' id='word_1_148' title='bbox 690 1894 919 1975; x_wconf 88' lang='lat' dir='ltr'><strong>(innocentii)</strong></span> <span class='ocrx_word' id='word_1_149' title='bbox 974 1910 1149 1956; x_wconf 89' lang='lat' dir='ltr'><strong>concessas</strong></span> <span class='ocrx_word' id='word_1_150' title='bbox 1179 1895 1380 1955; x_wconf 88' lang='lat' dir='ltr'><strong>monasterio</strong></span> <span class='ocrx_word' id='word_1_151' title='bbox 1410 1896 1608 1967; x_wconf 88' lang='lat' dir='ltr'><strong>memorato,</strong></span> <span class='ocrx_word' id='word_1_152' title='bbox 1642 1911 1682 1955; x_wconf 91' lang='lat' dir='ltr'><strong>ac</strong></span> <span class='ocrx_word' id='word_1_153' title='bbox 1710 1895 1767 1955; x_wconf 89' lang='lat' dir='ltr'><strong>sihi</strong></span> 
     </span>
    </p>
   </div>
   <div class='ocr_carea' id='block_1_6' title="bbox 219 983 818 1049">
    <p class='ocr_par' dir='ltr' id='par_1_8' title="bbox 219 983 818 1049">
     <span class='ocr_line' id='line_1_18' title="bbox 219 983 818 1049; baseline 0.005 -17"><span class='ocrx_word' id='word_1_154' title='bbox 219 983 349 1046; x_wconf 65' lang='lat' dir='ltr'><strong>misine,</strong></span> <span class='ocrx_word' id='word_1_155' title='bbox 364 984 476 1033; x_wconf 79' lang='lat' dir='ltr'><strong>nonum.</strong></span> <span class='ocrx_word' id='word_1_156' title='bbox 491 984 635 1047; x_wconf 67' lang='lat' dir='ltr'><strong>hungaria),</strong></span> <span class='ocrx_word' id='word_1_157' title='bbox 649 986 672 1043; x_wconf 92' lang='lat' dir='ltr'><strong>l,</strong></span> <span class='ocrx_word' id='word_1_158' title='bbox 687 984 712 1043; x_wconf 85' lang='lat'><strong>8,</strong></span> <span class='ocrx_word' id='word_1_159' title='bbox 725 996 754 1035; x_wconf 86' lang='lat' dir='ltr'><strong>n·</strong></span> <span class='ocrx_word' id='word_1_160' title='bbox 767 984 818 1049; x_wconf 70' lang='lat' dir='ltr'><strong>lit]</strong></span> 
     </span>
    </p>
   </div>
   <div class='ocr_carea' id='block_1_7' title="bbox 120 1992 1771 5705">
    <p class='ocr_par' dir='ltr' id='par_1_9' title="bbox 120 1992 1771 5705">
     <span class='ocr_line' id='line_1_19' title="bbox 120 1992 1769 2073; baseline -0.001 -19"><span class='ocrx_word' id='word_1_161' title='bbox 120 2010 216 2073; x_wconf 84' lang='lat' dir='ltr'><strong>papae</strong></span> <span class='ocrx_word' id='word_1_162' title='bbox 242 1994 488 2072; x_wconf 86' lang='lat' dir='ltr'><strong>predecessoris</strong></span> <span class='ocrx_word' id='word_1_163' title='bbox 517 1995 621 2056; x_wconf 90' lang='lat' dir='ltr'><strong>nostri</strong></span> <span class='ocrx_word' id='word_1_164' title='bbox 648 1995 744 2056; x_wconf 92' lang='lat' dir='ltr'><strong>nobis</strong></span> <span class='ocrx_word' id='word_1_165' title='bbox 769 1995 805 2056; x_wconf 91' lang='lat' dir='ltr'><strong>in</strong></span> <span class='ocrx_word' id='word_1_166' title='bbox 831 1994 920 2056; x_wconf 92' lang='lat' dir='ltr'><strong>hunc</strong></span> <span class='ocrx_word' id='word_1_167' title='bbox 974 2008 1047 2053; x_wconf 86' lang='lat' dir='ltr'><strong>esse</strong></span> <span class='ocrx_word' id='word_1_168' title='bbox 1064 2008 1122 2070; x_wconf 92' lang='lat' dir='ltr'><strong>per</strong></span> <span class='ocrx_word' id='word_1_169' title='bbox 1141 1992 1253 2069; x_wconf 86' lang='lat' dir='ltr'><strong>plures</strong></span> <span class='ocrx_word' id='word_1_170' title='bbox 1269 1995 1435 2055; x_wconf 83' lang='lat' dir='ltr'><strong>Romanos</strong></span> <span class='ocrx_word' id='word_1_171' title='bbox 1451 1993 1630 2054; x_wconf 78' lang='lat' dir='ltr'><strong>Pontifices</strong></span> <span class='ocrx_word' id='word_1_172' title='bbox 1653 1993 1769 2053; x_wconf 89' lang='lat' dir='ltr'><strong>contir-</strong></span> 
     </span>
     <span class='ocr_line' id='line_1_20' title="bbox 120 2090 1768 2170; baseline -0.002 -17"><span class='ocrx_word' id='word_1_173' title='bbox 120 2092 252 2153; x_wconf 90' lang='lat' dir='ltr'><strong>modum</strong></span> <span class='ocrx_word' id='word_1_174' title='bbox 268 2093 457 2170; x_wconf 89' lang='lat' dir='ltr'><strong>accepimus</strong></span> <span class='ocrx_word' id='word_1_175' title='bbox 472 2093 714 2170; x_wconf 76' lang='lat' dir='ltr'><strong>praesentatas:</strong></span> <span class='ocrx_word' id='word_1_176' title='bbox 975 2093 1097 2162; x_wconf 87' lang='lat' dir='ltr'><strong>maias,</strong></span> <span class='ocrx_word' id='word_1_177' title='bbox 1125 2091 1166 2151; x_wconf 90' lang='lat' dir='ltr'><strong>de</strong></span> <span class='ocrx_word' id='word_1_178' title='bbox 1190 2094 1440 2169; x_wconf 85' lang='lat' dir='ltr'><strong>procuratorum</strong></span> <span class='ocrx_word' id='word_1_179' title='bbox 1468 2090 1643 2166; x_wconf 87' lang='lat' dir='ltr'><strong>utriusque</strong></span> <span class='ocrx_word' id='word_1_180' title='bbox 1671 2092 1768 2168; x_wconf 91' lang='lat' dir='ltr'><strong>partis</strong></span> 
     </span>
     <span class='ocr_line' id='line_1_21' title="bbox 162 2187 1770 2265; baseline -0.001 -16"><span class='ocrx_word' id='word_1_181' title='bbox 162 2188 298 2251; x_wconf 76' lang='lat' dir='ltr'><strong>dilectis</strong></span> <span class='ocrx_word' id='word_1_182' title='bbox 320 2190 435 2250; x_wconf 86' lang='lat' dir='ltr'><strong>tiliis...</strong></span> <span class='ocrx_word' id='word_1_183' title='bbox 461 2188 572 2251; x_wconf 91' lang='lat' dir='ltr'><strong>abbati</strong></span> <span class='ocrx_word' id='word_1_184' title='bbox 597 2191 709 2252; x_wconf 85' lang='lat' dir='ltr'><strong>Sancti</strong></span> <span class='ocrx_word' id='word_1_185' title='bbox 729 2188 864 2251; x_wconf 89' lang='lat' dir='ltr'><strong>Martini</strong></span> <span class='ocrx_word' id='word_1_186' title='bbox 879 2189 920 2250; x_wconf 91' lang='lat' dir='ltr'><strong>de</strong></span> <span class='ocrx_word' id='word_1_187' title='bbox 975 2204 1114 2250; x_wconf 83' lang='lat' dir='ltr'><strong>assensu</strong></span> <span class='ocrx_word' id='word_1_188' title='bbox 1128 2204 1187 2264; x_wconf 90' lang='lat' dir='ltr'><strong>per</strong></span> <span class='ocrx_word' id='word_1_189' title='bbox 1200 2188 1389 2265; x_wconf 86' lang='lat' dir='ltr'><strong>Apostolica</strong></span> <span class='ocrx_word' id='word_1_190' title='bbox 1415 2187 1509 2249; x_wconf 90' lang='lat' dir='ltr'><strong>vobis</strong></span> <span class='ocrx_word' id='word_1_191' title='bbox 1531 2188 1657 2265; x_wconf 88' lang='lat' dir='ltr'><strong>scripta</strong></span> <span class='ocrx_word' id='word_1_192' title='bbox 1681 2204 1770 2248; x_wconf 90' lang='lat' dir='ltr'><strong>man-</strong></span> 
     </span>
     <span class='ocr_line' id='line_1_22' title="bbox 120 2286 1769 2365; baseline -0.002 -17"><span class='ocrx_word' id='word_1_193' title='bbox 120 2287 296 2349; x_wconf 90' lang='lat' dir='ltr'><strong>Pannonia</strong></span> <span class='ocrx_word' id='word_1_194' title='bbox 310 2289 344 2349; x_wconf 89' lang='lat' dir='ltr'><strong>et</strong></span> <span class='ocrx_word' id='word_1_195' title='bbox 356 2290 394 2349; x_wconf 85' lang='lat' dir='ltr'><strong>B.</strong></span> <span class='ocrx_word' id='word_1_196' title='bbox 411 2288 618 2364; x_wconf 85' lang='lat' dir='ltr'><strong>procuratori</strong></span> <span class='ocrx_word' id='word_1_197' title='bbox 640 2287 816 2365; x_wconf 88' lang='lat' dir='ltr'><strong>hospitalis</strong></span> <span class='ocrx_word' id='word_1_198' title='bbox 840 2288 921 2348; x_wconf 88' lang='lat' dir='ltr'><strong>Hie-</strong></span> <span class='ocrx_word' id='word_1_199' title='bbox 975 2287 1110 2358; x_wconf 79' lang='lat' dir='ltr'><strong>danius,</strong></span> <span class='ocrx_word' id='word_1_200' title='bbox 1140 2288 1303 2363; x_wconf 85' lang='lat' dir='ltr'><strong>quatenus</strong></span> <span class='ocrx_word' id='word_1_201' title='bbox 1330 2286 1394 2346; x_wconf 87' lang='lat' dir='ltr'><strong>nisi</strong></span> <span class='ocrx_word' id='word_1_202' title='bbox 1425 2286 1637 2362; x_wconf 85' lang='lat' dir='ltr'><strong>hospitalarii</strong></span> <span class='ocrx_word' id='word_1_203' title='bbox 1665 2303 1769 2362; x_wconf 86' lang='lat' dir='ltr'><strong>saepc·</strong></span> 
     </span>
     <span class='ocr_line' id='line_1_23' title="bbox 121 2383 1769 2463; baseline -0.002 -17"><span class='ocrx_word' id='word_1_204' title='bbox 121 2385 401 2463; x_wconf 84' lang='lat' dir='ltr'><strong>rosolymitaniin</strong></span> <span class='ocrx_word' id='word_1_205' title='bbox 425 2386 608 2463; x_wconf 84' lang='lat' dir='ltr'><strong>Hungaria,</strong></span> <span class='ocrx_word' id='word_1_206' title='bbox 635 2387 669 2447; x_wconf 91' lang='lat' dir='ltr'><strong>in</strong></span> <span class='ocrx_word' id='word_1_207' title='bbox 693 2387 805 2448; x_wconf 90' lang='lat' dir='ltr'><strong>nostra</strong></span> <span class='ocrx_word' id='word_1_208' title='bbox 828 2402 919 2462; x_wconf 86' lang='lat' dir='ltr'><strong>prae-</strong></span> <span class='ocrx_word' id='word_1_209' title='bbox 974 2385 1054 2447; x_wconf 91' lang='lat' dir='ltr'><strong>dicti</strong></span> <span class='ocrx_word' id='word_1_210' title='bbox 1069 2384 1224 2461; x_wconf 81' lang='lat' dir='ltr'><strong>praelatos</strong></span> <span class='ocrx_word' id='word_1_211' title='bbox 1245 2385 1345 2445; x_wconf 90' lang='lat' dir='ltr'><strong>testes</strong></span> <span class='ocrx_word' id='word_1_212' title='bbox 1369 2383 1457 2445; x_wconf 84' lang='lat' dir='ltr'><strong>inira</strong></span> <span class='ocrx_word' id='word_1_213' title='bbox 1481 2385 1624 2461; x_wconf 79' lang='lat' dir='ltr'><strong>prvatuor</strong></span> <span class='ocrx_word' id='word_1_214' title='bbox 1646 2399 1769 2445; x_wconf 89' lang='lat' dir='ltr'><strong>menses</strong></span> 
     </span>
     <span class='ocr_line' id='line_1_24' title="bbox 122 2482 1770 2559; baseline -0.001 -14"><span class='ocrx_word' id='word_1_215' title='bbox 122 2485 228 2545; x_wconf 87' lang='lat' dir='ltr'><strong>sentia</strong></span> <span class='ocrx_word' id='word_1_216' title='bbox 245 2484 444 2556; x_wconf 88' lang='lat' dir='ltr'><strong>constitutis,</strong></span> <span class='ocrx_word' id='word_1_217' title='bbox 470 2484 625 2546; x_wconf 91' lang='lat' dir='ltr'><strong>dilectum</strong></span> <span class='ocrx_word' id='word_1_218' title='bbox 650 2484 754 2544; x_wconf 85' lang='lat' dir='ltr'><strong>tilium</strong></span> <span class='ocrx_word' id='word_1_219' title='bbox 771 2485 919 2546; x_wconf 88' lang='lat' dir='ltr'><strong>nostrum</strong></span> <span class='ocrx_word' id='word_1_220' title='bbox 975 2483 1122 2557; x_wconf 66' lang='lat' dir='ltr'><strong>legitime</strong></span> <span class='ocrx_word' id='word_1_221' title='bbox 1155 2482 1409 2559; x_wconf 75' lang='lat' dir='ltr'><strong>reprobaverint</strong></span> <span class='ocrx_word' id='word_1_222' title='bbox 1442 2498 1554 2543; x_wconf 90' lang='lat' dir='ltr'><strong>coram</strong></span> <span class='ocrx_word' id='word_1_223' title='bbox 1593 2482 1707 2553; x_wconf 89' lang='lat' dir='ltr'><strong>vobis,</strong></span> <span class='ocrx_word' id='word_1_224' title='bbox 1741 2485 1770 2543; x_wconf 93' lang='lat' dir='ltr'><strong>et</strong></span> 
     </span>
     <span class='ocr_line' id='line_1_25' title="bbox 122 2578 1768 2660; baseline -0.001 -17"><span class='ocrx_word' id='word_1_225' title='bbox 122 2584 159 2643; x_wconf 86' lang='lat' dir='ltr'><strong>L.</strong></span> <span class='ocrx_word' id='word_1_226' title='bbox 178 2581 266 2644; x_wconf 89' lang='lat' dir='ltr'><strong>tituli</strong></span> <span class='ocrx_word' id='word_1_227' title='bbox 286 2583 410 2643; x_wconf 84' lang='lat' dir='ltr'><strong>sanctae</strong></span> <span class='ocrx_word' id='word_1_228' title='bbox 432 2583 547 2644; x_wconf 86' lang='lat' dir='ltr'><strong>Crucis</strong></span> <span class='ocrx_word' id='word_1_229' title='bbox 566 2582 792 2660; x_wconf 78' lang='lat' dir='ltr'><strong>presbyterum</strong></span> <span class='ocrx_word' id='word_1_230' title='bbox 810 2582 922 2644; x_wconf 90' lang='lat' dir='ltr'><strong>cardi·</strong></span> <span class='ocrx_word' id='word_1_231' title='bbox 976 2581 1260 2659; x_wconf 87' lang='lat' dir='ltr'><strong>praescriptionem</strong></span> <span class='ocrx_word' id='word_1_232' title='bbox 1275 2596 1349 2642; x_wconf 88' lang='lat' dir='ltr'><strong>cum</strong></span> <span class='ocrx_word' id='word_1_233' title='bbox 1370 2578 1533 2641; x_wconf 82' lang='lat' dir='ltr'><strong>bonafide</strong></span> <span class='ocrx_word' id='word_1_234' title='bbox 1548 2580 1768 2657; x_wconf 82' lang='lat' dir='ltr'><strong>probaverint,</strong></span> 
     </span>
     <span class='ocr_line' id='line_1_26' title="bbox 122 2678 1771 2759; baseline -0.001 -18"><span class='ocrx_word' id='word_1_235' title='bbox 122 2680 230 2741; x_wconf 88' lang='lat' dir='ltr'><strong>nalem</strong></span> <span class='ocrx_word' id='word_1_236' title='bbox 262 2681 428 2753; x_wconf 86' lang='lat' dir='ltr'><strong>dedimus,</strong></span> <span class='ocrx_word' id='word_1_237' title='bbox 462 2680 648 2742; x_wconf 89' lang='lat' dir='ltr'><strong>auditorem</strong></span> <span class='ocrx_word' id='word_1_238' title='bbox 678 2703 686 2741; x_wconf 74' lang='grc' dir='ltr'><strong><em>ε</em></strong></span> <span class='ocrx_word' id='word_1_239' title='bbox 716 2696 828 2742; x_wconf 90' lang='lat' dir='ltr'><strong>coram</strong></span> <span class='ocrx_word' id='word_1_240' title='bbox 856 2696 920 2759; x_wconf 86' lang='lat' dir='ltr'><strong>quo</strong></span> <span class='ocrx_word' id='word_1_241' title='bbox 975 2680 1108 2741; x_wconf 88' lang='lat' dir='ltr'><strong>eosdem</strong></span> <span class='ocrx_word' id='word_1_242' title='bbox 1129 2679 1170 2740; x_wconf 90' lang='lat' dir='ltr'><strong>ad</strong></span> <span class='ocrx_word' id='word_1_243' title='bbox 1197 2679 1438 2741; x_wconf 87' lang='lat' dir='ltr'><strong>restitutionem</strong></span> <span class='ocrx_word' id='word_1_244' title='bbox 1459 2678 1665 2739; x_wconf 83' lang='lat' dir='ltr'><strong>decimarum</strong></span> <span class='ocrx_word' id='word_1_245' title='bbox 1686 2679 1771 2755; x_wconf 90' lang='lat' dir='ltr'><strong>ipsa-</strong></span> 
     </span>
     <span class='ocr_line' id='line_1_27' title="bbox 121 2776 1768 2857; baseline -0.001 -18"><span class='ocrx_word' id='word_1_246' title='bbox 121 2779 292 2857; x_wconf 91' lang='lat' dir='ltr'><strong>proposuit</strong></span> <span class='ocrx_word' id='word_1_247' title='bbox 315 2779 422 2840; x_wconf 76' lang='lat' dir='ltr'><strong>(lictus</strong></span> <span class='ocrx_word' id='word_1_248' title='bbox 442 2778 557 2851; x_wconf 90' lang='lat' dir='ltr'><strong>abbas,</strong></span> <span class='ocrx_word' id='word_1_249' title='bbox 578 2779 662 2855; x_wconf 86' lang='lat' dir='ltr'><strong>quod</strong></span> <span class='ocrx_word' id='word_1_250' title='bbox 688 2794 762 2840; x_wconf 92' lang='lat' dir='ltr'><strong>cum</strong></span> <span class='ocrx_word' id='word_1_251' title='bbox 784 2778 920 2841; x_wconf 84' lang='lat' dir='ltr'><strong>decimae</strong></span> <span class='ocrx_word' id='word_1_252' title='bbox 975 2795 1047 2839; x_wconf 88' lang='lat' dir='ltr'><strong>rurn</strong></span> <span class='ocrx_word' id='word_1_253' title='bbox 1077 2778 1274 2840; x_wconf 85' lang='lat' dir='ltr'><strong>auctoritate</strong></span> <span class='ocrx_word' id='word_1_254' title='bbox 1299 2778 1412 2837; x_wconf 87' lang='lat' dir='ltr'><strong>nostra</strong></span> <span class='ocrx_word' id='word_1_255' title='bbox 1441 2776 1555 2837; x_wconf 89' lang='lat' dir='ltr'><strong>subter</strong></span> <span class='ocrx_word' id='word_1_256' title='bbox 1583 2777 1768 2854; x_wconf 82' lang='lat' dir='ltr'><strong>Apostolira</strong></span> 
     </span>
     <span class='ocr_line' id='line_1_28' title="bbox 123 2876 1770 2954; baseline -0.002 -17"><span class='ocrx_word' id='word_1_257' title='bbox 123 2876 163 2937; x_wconf 94' lang='lat' dir='ltr'><strong>de</strong></span> <span class='ocrx_word' id='word_1_258' title='bbox 185 2876 338 2938; x_wconf 91' lang='lat' dir='ltr'><strong>omnibus</strong></span> <span class='ocrx_word' id='word_1_259' title='bbox 361 2876 453 2938; x_wconf 90' lang='lat' dir='ltr'><strong>villis</strong></span> <span class='ocrx_word' id='word_1_260' title='bbox 476 2878 510 2938; x_wconf 90' lang='lat' dir='ltr'><strong>et</strong></span> <span class='ocrx_word' id='word_1_261' title='bbox 533 2876 810 2953; x_wconf 86' lang='lat' dir='ltr'><strong>possessionibus,</strong></span> <span class='ocrx_word' id='word_1_262' title='bbox 838 2893 921 2954; x_wconf 88' lang='lat' dir='ltr'><strong>quas</strong></span> <span class='ocrx_word' id='word_1_263' title='bbox 976 2877 1172 2938; x_wconf 80' lang='lat' dir='ltr'><strong>diffinitione</strong></span> <span class='ocrx_word' id='word_1_264' title='bbox 1191 2876 1427 2948; x_wconf 89' lang='lat' dir='ltr'><strong>condemnetis,</strong></span> <span class='ocrx_word' id='word_1_265' title='bbox 1454 2878 1652 2952; x_wconf 89' lang='lat' dir='ltr'><strong>perpetuum</strong></span> <span class='ocrx_word' id='word_1_266' title='bbox 1678 2890 1770 2951; x_wconf 89' lang='lat' dir='ltr'><strong>super</strong></span> 
     </span>
     <span class='ocr_line' id='line_1_29' title="bbox 123 2972 1770 3051; baseline -0.002 -16"><span class='ocrx_word' id='word_1_267' title='bbox 123 2974 224 3035; x_wconf 88' lang='lat' dir='ltr'><strong>habet</strong></span> <span class='ocrx_word' id='word_1_268' title='bbox 237 2973 401 3051; x_wconf 90' lang='lat' dir='ltr'><strong>hospitale</strong></span> <span class='ocrx_word' id='word_1_269' title='bbox 416 2973 450 3033; x_wconf 90' lang='lat' dir='ltr'><strong>in</strong></span> <span class='ocrx_word' id='word_1_270' title='bbox 466 2974 624 3036; x_wconf 90' lang='lat' dir='ltr'><strong>comitatu</strong></span> <span class='ocrx_word' id='word_1_271' title='bbox 649 2974 851 3049; x_wconf 81' lang='lat' dir='ltr'><strong>simigiensi,</strong></span> <span class='ocrx_word' id='word_1_272' title='bbox 879 2976 919 3036; x_wconf 91' lang='lat' dir='ltr'><strong>ad</strong></span> <span class='ocrx_word' id='word_1_273' title='bbox 977 2975 1039 3037; x_wconf 84' lang='lat' dir='ltr'><strong>hoc</strong></span> <span class='ocrx_word' id='word_1_274' title='bbox 1060 2974 1142 3051; x_wconf 89' lang='lat' dir='ltr'><strong>ipsis</strong></span> <span class='ocrx_word' id='word_1_275' title='bbox 1159 2972 1387 3050; x_wconf 87' lang='lat' dir='ltr'><strong>hospitalariis</strong></span> <span class='ocrx_word' id='word_1_276' title='bbox 1409 2973 1577 3034; x_wconf 88' lang='lat' dir='ltr'><strong>silentium</strong></span> <span class='ocrx_word' id='word_1_277' title='bbox 1599 2973 1770 3049; x_wconf 89' lang='lat' dir='ltr'><strong>imponen-</strong></span> 
     </span>
     <span class='ocr_line' id='line_1_30' title="bbox 123 3070 1770 3150; baseline -0.001 -18"><span class='ocrx_word' id='word_1_278' title='bbox 123 3076 196 3149; x_wconf 82' lang='lat' dir='ltr'><strong>ejus</strong></span> <span class='ocrx_word' id='word_1_279' title='bbox 209 3073 392 3134; x_wconf 89' lang='lat' dir='ltr'><strong>noscuntur</strong></span> <span class='ocrx_word' id='word_1_280' title='bbox 400 3073 637 3135; x_wconf 87' lang='lat' dir='ltr'><strong>monasterium</strong></span> <span class='ocrx_word' id='word_1_281' title='bbox 649 3073 826 3150; x_wconf 89' lang='lat' dir='ltr'><strong>pertinere,</strong></span> <span class='ocrx_word' id='word_1_282' title='bbox 837 3073 922 3135; x_wconf 89' lang='lat' dir='ltr'><strong>sicut</strong></span> <span class='ocrx_word' id='word_1_283' title='bbox 976 3073 1038 3135; x_wconf 89' lang='lat' dir='ltr'><strong>ies.</strong></span> <span class='ocrx_word' id='word_1_284' title='bbox 1055 3072 1164 3133; x_wconf 90' lang='lat' dir='ltr'><strong>Nullis</strong></span> <span class='ocrx_word' id='word_1_285' title='bbox 1178 3072 1298 3133; x_wconf 89' lang='lat' dir='ltr'><strong>litteris</strong></span> <span class='ocrx_word' id='word_1_286' title='bbox 1310 3070 1516 3132; x_wconf 87' lang='lat' dir='ltr'><strong>obstantibus</strong></span> <span class='ocrx_word' id='word_1_287' title='bbox 1530 3074 1653 3147; x_wconf 86' lang='lat' dir='ltr'><strong>praeler</strong></span> <span class='ocrx_word' id='word_1_288' title='bbox 1664 3086 1770 3132; x_wconf 85' lang='lat' dir='ltr'><strong>asseu-</strong></span> 
     </span>
     <span class='ocr_line' id='line_1_31' title="bbox 124 3168 1767 3249; baseline -0.002 -17"><span class='ocrx_word' id='word_1_289' title='bbox 124 3172 262 3249; x_wconf 87' lang='lat' dir='ltr'><strong>apparel</strong></span> <span class='ocrx_word' id='word_1_290' title='bbox 285 3186 329 3233; x_wconf 85' lang='lat' dir='ltr'><strong>ex</strong></span> <span class='ocrx_word' id='word_1_291' title='bbox 353 3171 459 3249; x_wconf 90' lang='lat' dir='ltr'><strong>ipsius</strong></span> <span class='ocrx_word' id='word_1_292' title='bbox 479 3171 663 3248; x_wconf 80' lang='lat' dir='ltr'><strong>privilegiis</strong></span> <span class='ocrx_word' id='word_1_293' title='bbox 692 3171 865 3233; x_wconf 91' lang='lat' dir='ltr'><strong>evidenter</strong></span> <span class='ocrx_word' id='word_1_294' title='bbox 890 3174 922 3234; x_wconf 92' lang='lat' dir='ltr'><strong>et</strong></span> <span class='ocrx_word' id='word_1_295' title='bbox 977 3189 1049 3232; x_wconf 91' lang='lat' dir='ltr'><strong>sum</strong></span> <span class='ocrx_word' id='word_1_296' title='bbox 1063 3171 1218 3248; x_wconf 89' lang='lat' dir='ltr'><strong>partium,</strong></span> <span class='ocrx_word' id='word_1_297' title='bbox 1241 3173 1331 3231; x_wconf 89' lang='lat' dir='ltr'><strong>etc...</strong></span> <span class='ocrx_word' id='word_1_298' title='bbox 1349 3168 1482 3241; x_wconf 77' lang='lat' dir='ltr'><strong>Quodsi</strong></span> <span class='ocrx_word' id='word_1_299' title='bbox 1500 3185 1708 3237; x_wconf 87' lang='lat' dir='ltr'><strong>nouornnes,</strong></span> <span class='ocrx_word' id='word_1_300' title='bbox 1726 3170 1767 3237; x_wconf 91' lang='lat' dir='ltr'><strong>tu,</strong></span> 
     </span>
     <span class='ocr_line' id='line_1_32' title="bbox 123 3266 1767 3346; baseline -0.002 -17"><span class='ocrx_word' id='word_1_301' title='bbox 123 3269 430 3331; x_wconf 87' lang='lat' dir='ltr'><strong>confirmationibus</strong></span> <span class='ocrx_word' id='word_1_302' title='bbox 457 3270 653 3331; x_wconf 80' lang='lat' dir='ltr'><strong>Pontificum</strong></span> <span class='ocrx_word' id='word_1_303' title='bbox 680 3273 920 3343; x_wconf 89' lang='lat' dir='ltr'><strong>Romanorum,</strong></span> <span class='ocrx_word' id='word_1_304' title='bbox 978 3269 1082 3330; x_wconf 82' lang='lat' dir='ltr'><strong>trater</strong></span> <span class='ocrx_word' id='word_1_305' title='bbox 1107 3269 1272 3346; x_wconf 88' lang='lat' dir='ltr'><strong>episcope,</strong></span> <span class='ocrx_word' id='word_1_306' title='bbox 1297 3284 1371 3328; x_wconf 90' lang='lat' dir='ltr'><strong>cum</strong></span> <span class='ocrx_word' id='word_1_307' title='bbox 1400 3282 1514 3329; x_wconf 88' lang='lat' dir='ltr'><strong>eorum</strong></span> <span class='ocrx_word' id='word_1_308' title='bbox 1538 3266 1656 3339; x_wconf 88' lang='lat' dir='ltr'><strong>altero,</strong></span> <span class='ocrx_word' id='word_1_309' title='bbox 1686 3268 1767 3328; x_wconf 85' lang='lat' dir='ltr'><strong>etc...</strong></span> 
     </span>
     <span class='ocr_line' id='line_1_33' title="bbox 123 3365 1768 3446; baseline -0.002 -18"><span class='ocrx_word' id='word_1_310' title='bbox 123 3368 254 3445; x_wconf 86' lang='lat' dir='ltr'><strong>praelati</strong></span> <span class='ocrx_word' id='word_1_311' title='bbox 269 3368 482 3445; x_wconf 88' lang='lat' dir='ltr'><strong>hospitalarii</strong></span> <span class='ocrx_word' id='word_1_312' title='bbox 497 3369 656 3446; x_wconf 87' lang='lat' dir='ltr'><strong>quasdam</strong></span> <span class='ocrx_word' id='word_1_313' title='bbox 671 3384 786 3430; x_wconf 89' lang='lat' dir='ltr'><strong>earum</strong></span> <span class='ocrx_word' id='word_1_314' title='bbox 799 3369 923 3430; x_wconf 91' lang='lat' dir='ltr'><strong>temere</strong></span> <span class='ocrx_word' id='word_1_315' title='bbox 978 3370 1096 3429; x_wconf 85' lang='lat' dir='ltr'><strong>Datum</strong></span> <span class='ocrx_word' id='word_1_316' title='bbox 1119 3366 1247 3427; x_wconf 86' lang='lat' dir='ltr'><strong>Vilerbi</strong></span> <span class='ocrx_word' id='word_1_317' title='bbox 1270 3367 1332 3427; x_wconf 86' lang='lat' dir='ltr'><strong>Xli</strong></span> <span class='ocrx_word' id='word_1_318' title='bbox 1353 3365 1421 3426; x_wconf 86' lang='lat' dir='ltr'><strong>kal.</strong></span> <span class='ocrx_word' id='word_1_319' title='bbox 1447 3365 1528 3425; x_wconf 88' lang='lat' dir='ltr'><strong>Maii</strong></span> <span class='ocrx_word' id='word_1_320' title='bbox 1554 3380 1643 3426; x_wconf 88' lang='lat' dir='ltr'><strong>anno</strong></span> <span class='ocrx_word' id='word_1_321' title='bbox 1670 3380 1768 3426; x_wconf 91' lang='lat' dir='ltr'><strong>nono·</strong></span> 
     </span>
     <span class='ocr_line' id='line_1_34' title="bbox 124 3462 1767 3545; baseline -0.004 -18"><span class='ocrx_word' id='word_1_322' title='bbox 124 3466 328 3539; x_wconf 87' lang='lat' dir='ltr'><strong>invadentes,</strong></span> <span class='ocrx_word' id='word_1_323' title='bbox 357 3466 490 3528; x_wconf 90' lang='lat' dir='ltr'><strong>illarum</strong></span> <span class='ocrx_word' id='word_1_324' title='bbox 517 3466 643 3529; x_wconf 81' lang='lat' dir='ltr'><strong>fructus</strong></span> <span class='ocrx_word' id='word_1_325' title='bbox 668 3466 797 3545; x_wconf 91' lang='lat' dir='ltr'><strong>jamdiu</strong></span> <span class='ocrx_word' id='word_1_326' title='bbox 827 3466 924 3527; x_wconf 90' lang='lat' dir='ltr'><strong>inde·</strong></span> <span class='ocrx_word' id='word_1_327' title='bbox 978 3466 1116 3527; x_wconf 89' lang='lat' dir='ltr'><strong>decimo.</strong></span> <span class='ocrx_word' id='word_1_328' title='bbox 1143 3466 1193 3525; x_wconf 91' lang='lat' dir='ltr'><strong>Ne</strong></span> <span class='ocrx_word' id='word_1_329' title='bbox 1218 3464 1331 3539; x_wconf 82' lang='lat' dir='ltr'><strong>igitur,</strong></span> <span class='ocrx_word' id='word_1_330' title='bbox 1357 3462 1398 3525; x_wconf 90' lang='lat' dir='ltr'><strong>oh</strong></span> <span class='ocrx_word' id='word_1_331' title='bbox 1417 3463 1496 3525; x_wconf 88' lang='lat' dir='ltr'><strong>dicti</strong></span> <span class='ocrx_word' id='word_1_332' title='bbox 1519 3463 1767 3539; x_wconf 89' lang='lat' dir='ltr'><strong>praedecessoris</strong></span> 
     </span>
     <span class='ocr_line' id='line_1_35' title="bbox 122 3561 1767 3643; baseline -0.004 -16"><span class='ocrx_word' id='word_1_333' title='bbox 122 3565 189 3627; x_wconf 91' lang='lat' dir='ltr'><strong>bile</strong></span> <span class='ocrx_word' id='word_1_334' title='bbox 209 3569 428 3643; x_wconf 90' lang='lat' dir='ltr'><strong>perceperunt</strong></span> <span class='ocrx_word' id='word_1_335' title='bbox 447 3566 484 3627; x_wconf 91' lang='lat' dir='ltr'><strong>in</strong></span> <span class='ocrx_word' id='word_1_336' title='bbox 508 3568 580 3643; x_wconf 79' lang='lat' dir='ltr'><strong>eJus</strong></span> <span class='ocrx_word' id='word_1_337' title='bbox 601 3565 794 3627; x_wconf 89' lang='lat' dir='ltr'><strong>monasterii</strong></span> <span class='ocrx_word' id='word_1_338' title='bbox 807 3565 922 3627; x_wconf 82' lang='lat' dir='ltr'><strong>laesio·</strong></span> <span class='ocrx_word' id='word_1_339' title='bbox 978 3564 1082 3625; x_wconf 88' lang='lat' dir='ltr'><strong>nostri</strong></span> <span class='ocrx_word' id='word_1_340' title='bbox 1099 3563 1234 3634; x_wconf 91' lang='lat' dir='ltr'><strong>obitum,</strong></span> <span class='ocrx_word' id='word_1_341' title='bbox 1256 3576 1432 3639; x_wconf 84' lang='lat' dir='ltr'><strong>processus</strong></span> <span class='ocrx_word' id='word_1_342' title='bbox 1457 3561 1561 3638; x_wconf 89' lang='lat' dir='ltr'><strong>ipsius</strong></span> <span class='ocrx_word' id='word_1_343' title='bbox 1581 3561 1705 3638; x_wconf 78' lang='lat' dir='ltr'><strong>negotii</strong></span> <span class='ocrx_word' id='word_1_344' title='bbox 1720 3578 1767 3622; x_wconf 89' lang='lat' dir='ltr'><strong>re·</strong></span> 
     </span>
     <span class='ocr_line' id='line_1_36' title="bbox 121 3660 1765 3740; baseline -0.004 -15"><span class='ocrx_word' id='word_1_345' title='bbox 121 3680 219 3725; x_wconf 88' lang='lat' dir='ltr'><strong>nem:</strong></span> <span class='ocrx_word' id='word_1_346' title='bbox 235 3664 323 3726; x_wconf 92' lang='lat' dir='ltr'><strong>unde</strong></span> <span class='ocrx_word' id='word_1_347' title='bbox 336 3664 507 3725; x_wconf 90' lang='lat' dir='ltr'><strong>humiliter</strong></span> <span class='ocrx_word' id='word_1_348' title='bbox 521 3664 711 3740; x_wconf 88' lang='lat' dir='ltr'><strong>postulavit,</strong></span> <span class='ocrx_word' id='word_1_349' title='bbox 729 3665 764 3725; x_wconf 92' lang='lat' dir='ltr'><strong>ut</strong></span> <span class='ocrx_word' id='word_1_350' title='bbox 778 3664 923 3725; x_wconf 88' lang='lat' dir='ltr'><strong>decimas</strong></span> <span class='ocrx_word' id='word_1_351' title='bbox 977 3662 1137 3734; x_wconf 88' lang='lat' dir='ltr'><strong>tardetur,</strong></span> <span class='ocrx_word' id='word_1_352' title='bbox 1163 3660 1354 3722; x_wconf 88' lang='lat' dir='ltr'><strong>discretioni</strong></span> <span class='ocrx_word' id='word_1_353' title='bbox 1373 3661 1492 3722; x_wconf 88' lang='lat' dir='ltr'><strong>vestrae</strong></span> <span class='ocrx_word' id='word_1_354' title='bbox 1506 3674 1567 3736; x_wconf 86' lang='lat' dir='ltr'><strong>per</strong></span> <span class='ocrx_word' id='word_1_355' title='bbox 1589 3660 1765 3737; x_wconf 79' lang='lat' dir='ltr'><strong>Apostolica</strong></span> 
     </span>
     <span class='ocr_line' id='line_1_37' title="bbox 124 3757 1765 3839; baseline -0.004 -17"><span class='ocrx_word' id='word_1_356' title='bbox 124 3763 214 3839; x_wconf 87' lang='lat' dir='ltr'><strong>ipsas</strong></span> <span class='ocrx_word' id='word_1_357' title='bbox 229 3777 304 3823; x_wconf 93' lang='lat' dir='ltr'><strong>cum</strong></span> <span class='ocrx_word' id='word_1_358' title='bbox 320 3762 480 3825; x_wconf 74' lang='lat' dir='ltr'><strong>fructibus</strong></span> <span class='ocrx_word' id='word_1_359' title='bbox 496 3762 573 3823; x_wconf 89' lang='lat' dir='ltr'><strong>inde</strong></span> <span class='ocrx_word' id='word_1_360' title='bbox 589 3762 752 3839; x_wconf 89' lang='lat' dir='ltr'><strong>perceptis</strong></span> <span class='ocrx_word' id='word_1_361' title='bbox 768 3762 831 3822; x_wconf 91' lang='lat' dir='ltr'><strong>sibi</strong></span> <span class='ocrx_word' id='word_1_362' title='bbox 847 3777 922 3823; x_wconf 90' lang='lat' dir='ltr'><strong>res·</strong></span> <span class='ocrx_word' id='word_1_363' title='bbox 978 3761 1101 3838; x_wconf 87' lang='lat' dir='ltr'><strong>scriptu</strong></span> <span class='ocrx_word' id='word_1_364' title='bbox 1128 3758 1350 3838; x_wconf 76' lang='lat' dir='ltr'><strong>praecipiendo</strong></span> <span class='ocrx_word' id='word_1_365' title='bbox 1377 3757 1583 3827; x_wconf 87' lang='lat' dir='ltr'><strong>mandantes,</strong></span> <span class='ocrx_word' id='word_1_366' title='bbox 1614 3762 1765 3835; x_wconf 86' lang='lat' dir='ltr'><strong>qnatenus</strong></span> 
     </span>
     <span class='ocr_line' id='line_1_38' title="bbox 124 3854 1764 3934; baseline 0 -12"><span class='ocrx_word' id='word_1_367' title='bbox 124 3861 200 3923; x_wconf 91' lang='lat' dir='ltr'><strong>litui</strong></span> <span class='ocrx_word' id='word_1_368' title='bbox 217 3860 415 3921; x_wconf 84' lang='lat' dir='ltr'><strong>taceremus.</strong></span> <span class='ocrx_word' id='word_1_369' title='bbox 442 3864 641 3922; x_wconf 89' lang='lat' dir='ltr'><strong>Procurator</strong></span> <span class='ocrx_word' id='word_1_370' title='bbox 657 3875 735 3922; x_wconf 89' lang='lat' dir='ltr'><strong>vero</strong></span> <span class='ocrx_word' id='word_1_371' title='bbox 750 3860 829 3921; x_wconf 87' lang='lat' dir='ltr'><strong>dicti</strong></span> <span class='ocrx_word' id='word_1_372' title='bbox 844 3860 925 3921; x_wconf 93' lang='lat' dir='ltr'><strong>hos·</strong></span> <span class='ocrx_word' id='word_1_373' title='bbox 978 3877 1044 3922; x_wconf 91' lang='lat' dir='ltr'><strong>non</strong></span> <span class='ocrx_word' id='word_1_374' title='bbox 1069 3859 1220 3920; x_wconf 89' lang='lat' dir='ltr'><strong>obstante</strong></span> <span class='ocrx_word' id='word_1_375' title='bbox 1241 3857 1391 3919; x_wconf 87' lang='lat' dir='ltr'><strong>absentia</strong></span> <span class='ocrx_word' id='word_1_376' title='bbox 1413 3857 1561 3933; x_wconf 81' lang='lat' dir='ltr'><strong>episcopi</strong></span> <span class='ocrx_word' id='word_1_377' title='bbox 1581 3854 1764 3934; x_wconf 74' lang='lat' dir='ltr'><strong>supradicti,</strong></span> 
     </span>
     <span class='ocr_line' id='line_1_39' title="bbox 124 3952 1764 4036; baseline -0.001 -23"><span class='ocrx_word' id='word_1_378' title='bbox 124 3958 237 4036; x_wconf 85' lang='lat' dir='ltr'><strong>pitalis</strong></span> <span class='ocrx_word' id='word_1_379' title='bbox 262 3975 304 4019; x_wconf 86' lang='lat' dir='ltr'><strong>ex</strong></span> <span class='ocrx_word' id='word_1_380' title='bbox 328 3958 468 4019; x_wconf 90' lang='lat' dir='ltr'><strong>adverso</strong></span> <span class='ocrx_word' id='word_1_381' title='bbox 493 3958 707 4035; x_wconf 72' lang='lat' dir='ltr'><strong>respondens</strong></span> <span class='ocrx_word' id='word_1_382' title='bbox 738 3957 924 4034; x_wconf 83' lang='lat' dir='ltr'><strong>privilegiis</strong></span> <span class='ocrx_word' id='word_1_383' title='bbox 979 3960 1034 4036; x_wconf 87' lang='lat' dir='ltr'><strong>qui</strong></span> <span class='ocrx_word' id='word_1_384' title='bbox 1059 3958 1144 4019; x_wconf 88' lang='lat' dir='ltr'><strong>sicut</strong></span> <span class='ocrx_word' id='word_1_385' title='bbox 1168 3956 1367 4033; x_wconf 90' lang='lat' dir='ltr'><strong>accepimus,</strong></span> <span class='ocrx_word' id='word_1_386' title='bbox 1391 3956 1461 4031; x_wconf 84' lang='lat' dir='ltr'><strong>jnrn</strong></span> <span class='ocrx_word' id='word_1_387' title='bbox 1488 3955 1552 4015; x_wconf 90' lang='lat' dir='ltr'><strong>iter</strong></span> <span class='ocrx_word' id='word_1_388' title='bbox 1577 3954 1717 4032; x_wconf 90' lang='lat' dir='ltr'><strong>arripuit</strong></span> <span class='ocrx_word' id='word_1_389' title='bbox 1737 3952 1764 4012; x_wconf 94' lang='lat' dir='ltr'><strong>in</strong></span> 
     </span>
     <span class='ocr_line' id='line_1_40' title="bbox 124 4052 1764 4131; baseline -0.002 -16"><span class='ocrx_word' id='word_1_390' title='bbox 124 4055 206 4131; x_wconf 88' lang='lat' dir='ltr'><strong>ipsis</strong></span> <span class='ocrx_word' id='word_1_391' title='bbox 230 4055 387 4130; x_wconf 88' lang='lat' dir='ltr'><strong>tanquam</strong></span> <span class='ocrx_word' id='word_1_392' title='bbox 412 4054 548 4115; x_wconf 89' lang='lat' dir='ltr'><strong>annosis</strong></span> <span class='ocrx_word' id='word_1_393' title='bbox 579 4070 651 4115; x_wconf 87' lang='lat' dir='ltr'><strong>esse</strong></span> <span class='ocrx_word' id='word_1_394' title='bbox 680 4069 739 4131; x_wconf 89' lang='lat' dir='ltr'><strong>per</strong></span> <span class='ocrx_word' id='word_1_395' title='bbox 767 4054 924 4116; x_wconf 89' lang='lat' dir='ltr'><strong>desuetu-</strong></span> <span class='ocrx_word' id='word_1_396' title='bbox 979 4055 1161 4118; x_wconf 88' lang='lat' dir='ltr'><strong>subsidium</strong></span> <span class='ocrx_word' id='word_1_397' title='bbox 1177 4056 1288 4115; x_wconf 85' lang='lat' dir='ltr'><strong>Terrae</strong></span> <span class='ocrx_word' id='word_1_398' title='bbox 1305 4055 1446 4123; x_wconf 75' lang='lat' dir='ltr'><strong>Sanctae,</strong></span> <span class='ocrx_word' id='word_1_399' title='bbox 1467 4069 1527 4113; x_wconf 93' lang='lat' dir='ltr'><strong>vos</strong></span> <span class='ocrx_word' id='word_1_400' title='bbox 1548 4052 1614 4113; x_wconf 78' lang='lat' dir='ltr'><strong>diro</strong></span> <span class='ocrx_word' id='word_1_401' title='bbox 1630 4053 1764 4114; x_wconf 86' lang='lat' dir='ltr'><strong>incausa</strong></span> 
     </span>
     <span class='ocr_line' id='line_1_41' title="bbox 126 4148 1764 4232; baseline -0.004 -19"><span class='ocrx_word' id='word_1_402' title='bbox 126 4153 237 4215; x_wconf 90' lang='lat' dir='ltr'><strong>dinem</strong></span> <span class='ocrx_word' id='word_1_403' title='bbox 265 4152 470 4227; x_wconf 82' lang='lat' dir='ltr'><strong>derogatum,</strong></span> <span class='ocrx_word' id='word_1_404' title='bbox 511 4154 622 4229; x_wconf 88' lang='lat' dir='ltr'><strong>utpote</strong></span> <span class='ocrx_word' id='word_1_405' title='bbox 651 4152 770 4229; x_wconf 88' lang='lat' dir='ltr'><strong>quibus</strong></span> <span class='ocrx_word' id='word_1_406' title='bbox 801 4152 922 4214; x_wconf 90' lang='lat' dir='ltr'><strong>dictum</strong></span> <span class='ocrx_word' id='word_1_407' title='bbox 979 4154 1050 4232; x_wconf 90' lang='lat' dir='ltr'><strong>ipsa</strong></span> <span class='ocrx_word' id='word_1_408' title='bbox 1072 4154 1170 4230; x_wconf 86' lang='lat' dir='ltr'><strong>juxta</strong></span> <span class='ocrx_word' id='word_1_409' title='bbox 1202 4152 1341 4212; x_wconf 80' lang='lat' dir='ltr'><strong>sormam</strong></span> <span class='ocrx_word' id='word_1_410' title='bbox 1367 4150 1402 4211; x_wconf 94' lang='lat' dir='ltr'><strong>in</strong></span> <span class='ocrx_word' id='word_1_411' title='bbox 1432 4150 1552 4211; x_wconf 90' lang='lat' dir='ltr'><strong>litteris</strong></span> <span class='ocrx_word' id='word_1_412' title='bbox 1579 4148 1764 4227; x_wconf 84' lang='lat' dir='ltr'><strong>supradictis</strong></span> 
     </span>
     <span class='ocr_line' id='line_1_42' title="bbox 122 4245 1764 4330; baseline -0.005 -19"><span class='ocrx_word' id='word_1_413' title='bbox 122 4249 366 4312; x_wconf 87' lang='lat' dir='ltr'><strong>monasterium</strong></span> <span class='ocrx_word' id='word_1_414' title='bbox 388 4250 524 4310; x_wconf 90' lang='lat' dir='ltr'><strong>minime</strong></span> <span class='ocrx_word' id='word_1_415' title='bbox 541 4266 635 4310; x_wconf 90' lang='lat' dir='ltr'><strong>usum</strong></span> <span class='ocrx_word' id='word_1_416' title='bbox 656 4250 718 4312; x_wconf 85' lang='lat' dir='ltr'><strong>tuit</strong></span> <span class='ocrx_word' id='word_1_417' title='bbox 736 4273 744 4311; x_wconf 91' lang='lat'>:</span> <span class='ocrx_word' id='word_1_418' title='bbox 762 4251 924 4328; x_wconf 91' lang='lat' dir='ltr'><strong>hospitale</strong></span> <span class='ocrx_word' id='word_1_419' title='bbox 979 4267 1188 4330; x_wconf 81' lang='lat' dir='ltr'><strong>expressam,</strong></span> <span class='ocrx_word' id='word_1_420' title='bbox 1227 4248 1358 4310; x_wconf 88' lang='lat' dir='ltr'><strong>sublato</strong></span> <span class='ocrx_word' id='word_1_421' title='bbox 1395 4248 1573 4326; x_wconf 78' lang='lat' dir='ltr'><strong>quuslibet</strong></span> <span class='ocrx_word' id='word_1_422' title='bbox 1607 4245 1764 4310; x_wconf 86' lang='lat' dir='ltr'><strong>dilationis</strong></span> 
     </span>
     <span class='ocr_line' id='line_1_43' title="bbox 126 4345 1764 4426; baseline -0.003 -17"><span class='ocrx_word' id='word_1_423' title='bbox 126 4348 320 4426; x_wconf 88' lang='lat' dir='ltr'><strong>praedictum</strong></span> <span class='ocrx_word' id='word_1_424' title='bbox 336 4348 489 4420; x_wconf 88' lang='lat' dir='ltr'><strong>asseruit,</strong></span> <span class='ocrx_word' id='word_1_425' title='bbox 507 4348 654 4409; x_wconf 87' lang='lat' dir='ltr'><strong>decimas</strong></span> <span class='ocrx_word' id='word_1_426' title='bbox 674 4350 764 4425; x_wconf 90' lang='lat' dir='ltr'><strong>ipsas</strong></span> <span class='ocrx_word' id='word_1_427' title='bbox 779 4366 838 4426; x_wconf 90' lang='lat' dir='ltr'><strong>per</strong></span> <span class='ocrx_word' id='word_1_428' title='bbox 858 4365 924 4411; x_wconf 90' lang='lat' dir='ltr'><strong>an·</strong></span> <span class='ocrx_word' id='word_1_429' title='bbox 979 4350 1147 4413; x_wconf 83' lang='lat' dir='ltr'><strong>corrtrurio</strong></span> <span class='ocrx_word' id='word_1_430' title='bbox 1181 4351 1213 4410; x_wconf 94' lang='lat' dir='ltr'><strong>et</strong></span> <span class='ocrx_word' id='word_1_431' title='bbox 1240 4347 1475 4423; x_wconf 87' lang='lat' dir='ltr'><strong>appellationis</strong></span> <span class='ocrx_word' id='word_1_432' title='bbox 1504 4345 1691 4417; x_wconf 87' lang='lat' dir='ltr'><strong>obstaculo,</strong></span> <span class='ocrx_word' id='word_1_433' title='bbox 1717 4360 1764 4404; x_wconf 90' lang='lat' dir='ltr'><strong>ra-</strong></span> 
     </span>
     <span class='ocr_line' id='line_1_44' title="bbox 125 4439 1763 4526; baseline -0.007 -17"><span class='ocrx_word' id='word_1_434' title='bbox 125 4464 186 4509; x_wconf 89' lang='lat' dir='ltr'><strong>nos</strong></span> <span class='ocrx_word' id='word_1_435' title='bbox 202 4447 420 4525; x_wconf 80' lang='lat' dir='ltr'><strong>quadraginta</strong></span> <span class='ocrx_word' id='word_1_436' title='bbox 435 4448 468 4508; x_wconf 88' lang='lat' dir='ltr'><strong>et</strong></span> <span class='ocrx_word' id='word_1_437' title='bbox 486 4446 629 4524; x_wconf 88' lang='lat' dir='ltr'><strong>amplius</strong></span> <span class='ocrx_word' id='word_1_438' title='bbox 651 4448 787 4524; x_wconf 88' lang='lat' dir='ltr'><strong>pacidce</strong></span> <span class='ocrx_word' id='word_1_439' title='bbox 809 4464 925 4525; x_wconf 88' lang='lat' dir='ltr'><strong>posse·</strong></span> <span class='ocrx_word' id='word_1_440' title='bbox 979 4451 1068 4511; x_wconf 88' lang='lat' dir='ltr'><strong>tione</strong></span> <span class='ocrx_word' id='word_1_441' title='bbox 1091 4447 1214 4526; x_wconf 71' lang='lat' dir='ltr'><strong>praevia</strong></span> <span class='ocrx_word' id='word_1_442' title='bbox 1236 4445 1433 4522; x_wconf 79' lang='lat' dir='ltr'><strong>procedatis.</strong></span> <span class='ocrx_word' id='word_1_443' title='bbox 1464 4446 1584 4504; x_wconf 87' lang='lat' dir='ltr'><strong>Datum</strong></span> <span class='ocrx_word' id='word_1_444' title='bbox 1611 4439 1763 4507; x_wconf 78' lang='lat' dir='ltr'><strong>Ferentini</strong></span> 
     </span>
     <span class='ocr_line' id='line_1_45' title="bbox 125 4542 1608 4623; baseline -0.003 -16"><span class='ocrx_word' id='word_1_445' title='bbox 125 4547 216 4607; x_wconf 91' lang='lat' dir='ltr'><strong>disse</strong></span> <span class='ocrx_word' id='word_1_446' title='bbox 235 4567 243 4607; x_wconf 74' lang='grc' dir='ltr'><strong><em>ε</em></strong></span> <span class='ocrx_word' id='word_1_447' title='bbox 260 4547 293 4609; x_wconf 91' lang='lat' dir='ltr'><strong>et</strong></span> <span class='ocrx_word' id='word_1_448' title='bbox 313 4546 360 4608; x_wconf 90' lang='lat' dir='ltr'><strong>ita</strong></span> <span class='ocrx_word' id='word_1_449' title='bbox 382 4561 455 4606; x_wconf 89' lang='lat' dir='ltr'><strong>esse</strong></span> <span class='ocrx_word' id='word_1_450' title='bbox 474 4546 761 4623; x_wconf 70' lang='lat' dir='ltr'><strong>praescriptionem</strong></span> <span class='ocrx_word' id='word_1_451' title='bbox 783 4547 922 4620; x_wconf 91' lang='lat' dir='ltr'><strong>unitum,</strong></span> <span class='ocrx_word' id='word_1_452' title='bbox 979 4550 1022 4609; x_wconf 81' lang='lat' dir='ltr'><strong>l&#39;i</strong></span> <span class='ocrx_word' id='word_1_453' title='bbox 1038 4546 1106 4607; x_wconf 84' lang='lat' dir='ltr'><strong>kal.</strong></span> <span class='ocrx_word' id='word_1_454' title='bbox 1123 4543 1329 4622; x_wconf 88' lang='lat' dir='ltr'><strong>septembris,</strong></span> <span class='ocrx_word' id='word_1_455' title='bbox 1346 4558 1435 4603; x_wconf 89' lang='lat' dir='ltr'><strong>anno</strong></span> <span class='ocrx_word' id='word_1_456' title='bbox 1450 4542 1608 4603; x_wconf 88' lang='lat' dir='ltr'><strong>secundo.</strong></span> 
     </span>
     <span class='ocr_line' id='line_1_46' title="bbox 127 4642 923 4723; baseline 0.003 -18"><span class='ocrx_word' id='word_1_457' title='bbox 127 4660 226 4723; x_wconf 87' lang='lat' dir='ltr'><strong>quam</strong></span> <span class='ocrx_word' id='word_1_458' title='bbox 248 4661 284 4706; x_wconf 90' lang='lat' dir='ltr'><strong>se</strong></span> <span class='ocrx_word' id='word_1_459' title='bbox 304 4642 509 4722; x_wconf 90' lang='lat' dir='ltr'><strong>inpartibus</strong></span> <span class='ocrx_word' id='word_1_460' title='bbox 533 4643 603 4704; x_wconf 87' lang='lat' dir='ltr'><strong>illis</strong></span> <span class='ocrx_word' id='word_1_461' title='bbox 622 4644 777 4705; x_wconf 89' lang='lat' dir='ltr'><strong>obtulerit</strong></span> <span class='ocrx_word' id='word_1_462' title='bbox 799 4644 923 4722; x_wconf 89' lang='lat' dir='ltr'><strong>proba-</strong></span> 
     </span>
     <span class='ocr_line' id='line_1_47' title="bbox 125 4721 1443 4821; baseline 0.002 -16"><span class='ocrx_word' id='word_1_463' title='bbox 125 4748 249 4816; x_wconf 89' lang='lat' dir='ltr'><strong>turum,</strong></span> <span class='ocrx_word' id='word_1_464' title='bbox 270 4759 310 4805; x_wconf 88' lang='lat' dir='ltr'><strong>ac</strong></span> <span class='ocrx_word' id='word_1_465' title='bbox 323 4742 577 4821; x_wconf 88' lang='lat' dir='ltr'><strong>reprobaturum</strong></span> <span class='ocrx_word' id='word_1_466' title='bbox 592 4741 811 4805; x_wconf 91' lang='lat' dir='ltr'><strong>nihilominus</strong></span> <span class='ocrx_word' id='word_1_467' title='bbox 825 4744 925 4806; x_wconf 88' lang='lat' dir='ltr'><strong>testes</strong></span> <span class='ocrx_word' id='word_1_468' title='bbox 1310 4721 1443 4808; x_wconf 79' lang='lat' dir='ltr'>XXIII</span> 
     </span>
     <span class='ocr_line' id='line_1_48' title="bbox 126 4841 1760 4953; baseline -0.009 -13"><span class='ocrx_word' id='word_1_469' title='bbox 126 4860 145 4905; x_wconf 65' lang='lat' dir='ltr'>a</span> <span class='ocrx_word' id='word_1_470' title='bbox 173 4841 367 4953; x_wconf 45' lang='lat' dir='ltr'><strong>¹¹¹⁰¹¹³⁸t⁰rffi</strong></span> <span class='ocrx_word' id='word_1_471' title='bbox 401 4844 495 4920; x_wconf 55' lang='lat' dir='ltr'><strong>pam</strong></span> <span class='ocrx_word' id='word_1_472' title='bbox 528 4841 722 4951; x_wconf 45' lang='lat' dir='ltr'><strong>pr⁰d¹¹⁰f⁰ffi</strong></span> <span class='ocrx_word' id='word_1_473' title='bbox 747 4858 816 4953; x_wconf 64' lang='lat' dir='ltr'><strong>‚W</strong></span> <span class='ocrx_word' id='word_1_474' title='bbox 843 4854 925 4949; x_wconf 49' lang='lat'><strong>‘3¹9⁸</strong></span> <span class='ocrx_word' id='word_1_475' title='bbox 980 4879 1031 4938; x_wconf 79' lang='lat' dir='ltr'><strong>Ad</strong></span> <span class='ocrx_word' id='word_1_476' title='bbox 1051 4878 1208 4949; x_wconf 82' lang='lat' dir='ltr'><strong>priorem</strong></span> <span class='ocrx_word' id='word_1_477' title='bbox 1228 4875 1262 4935; x_wconf 87' lang='lat' dir='ltr'><strong>et</strong></span> <span class='ocrx_word' id='word_1_478' title='bbox 1276 4873 1483 4937; x_wconf 65' lang='lat' dir='ltr'><strong>reviventem</strong></span> <span class='ocrx_word' id='word_1_479' title='bbox 1498 4878 1760 4937; x_wconf 79' lang='lat' dir='ltr'><strong>Ferrarlcnsem.</strong></span> 
     </span>
     <span class='ocr_line' id='line_1_49' title="bbox 127 4940 1475 5052; baseline 0.001 -57"><span class='ocrx_word' id='word_1_480' title='bbox 127 4942 301 5019; x_wconf 81' lang='lat' dir='ltr'><strong>probatum</strong></span> <span class='ocrx_word' id='word_1_481' title='bbox 317 4940 457 5014; x_wconf 79' lang='lat' dir='ltr'><strong>dicebat,</strong></span> <span class='ocrx_word' id='word_1_482' title='bbox 486 4942 725 5002; x_wconf 80' lang='lat' dir='ltr'><strong>monasterium</strong></span> <span class='ocrx_word' id='word_1_483' title='bbox 745 4956 851 5017; x_wconf 82' lang='lat' dir='ltr'><strong>ipsum</strong></span> <span class='ocrx_word' id='word_1_484' title='bbox 876 4954 926 4999; x_wconf 84' lang='lat' dir='ltr'><strong>vr·</strong></span> <span class='ocrx_word' id='word_1_485' title='bbox 1278 4996 1290 5052; x_wconf 58' lang='lat'><strong>¹</strong></span> <span class='ocrx_word' id='word_1_486' title='bbox 1408 4994 1475 5051; x_wconf 48' lang='lat'><strong>¹2¹7</strong></span> 
     </span>
     <span class='ocr_line' id='line_1_50' title="bbox 127 5001 1386 5119; baseline 0 -22"><span class='ocrx_word' id='word_1_487' title='bbox 127 5040 212 5116; x_wconf 74' lang='lat' dir='ltr'><strong>pinli</strong></span> <span class='ocrx_word' id='word_1_488' title='bbox 237 5039 335 5100; x_wconf 89' lang='lat' dir='ltr'><strong>annis</strong></span> <span class='ocrx_word' id='word_1_489' title='bbox 366 5041 443 5101; x_wconf 88' lang='lat' dir='ltr'><strong>ante</strong></span> <span class='ocrx_word' id='word_1_490' title='bbox 471 5040 609 5101; x_wconf 89' lang='lat' dir='ltr'><strong>mortem</strong></span> <span class='ocrx_word' id='word_1_491' title='bbox 644 5039 733 5114; x_wconf 79' lang='lat' dir='ltr'><strong>regis</strong></span> <span class='ocrx_word' id='word_1_492' title='bbox 761 5036 867 5107; x_wconf 88' lang='lat' dir='ltr'><strong>Belae,</strong></span> <span class='ocrx_word' id='word_1_493' title='bbox 893 5037 926 5098; x_wconf 92' lang='lat' dir='ltr'><strong>et</strong></span> <span class='ocrx_word' id='word_1_494' title='bbox 1312 5001 1386 5119; x_wconf 57' lang='grc' dir='ltr'><strong>Ψ·</strong></span> 
     </span>
     <span class='ocr_line' id='line_1_51' title="bbox 127 5110 1574 5213; baseline -0.003 -15"><span class='ocrx_word' id='word_1_495' title='bbox 127 5137 235 5199; x_wconf 88' lang='lat' dir='ltr'><strong>tribus</strong></span> <span class='ocrx_word' id='word_1_496' title='bbox 263 5136 361 5196; x_wconf 89' lang='lat' dir='ltr'><strong>annis</strong></span> <span class='ocrx_word' id='word_1_497' title='bbox 394 5139 468 5213; x_wconf 90' lang='lat' dir='ltr'><strong>post</strong></span> <span class='ocrx_word' id='word_1_498' title='bbox 495 5139 633 5199; x_wconf 91' lang='lat' dir='ltr'><strong>mortem</strong></span> <span class='ocrx_word' id='word_1_499' title='bbox 662 5134 809 5210; x_wconf 87' lang='lat' dir='ltr'><strong>ejusdem</strong></span> <span class='ocrx_word' id='word_1_500' title='bbox 836 5133 924 5195; x_wconf 88' lang='lat' dir='ltr'><strong>circa</strong></span> <span class='ocrx_word' id='word_1_501' title='bbox 1189 5110 1488 5175; x_wconf 65' lang='lat'><strong>[¹¹⁰⁸‘⁸²·¹¹¹‘·¹¹·⁶¹&#39;¹⁵¹·</strong></span> <span class='ocrx_word' id='word_1_502' title='bbox 1505 5110 1574 5175; x_wconf 52' lang='grc' dir='ltr'>δ’δ’]</span> 
     </span>
     <span class='ocr_line' id='line_1_52' title="bbox 128 5217 1736 5313; baseline -0.001 -20"><span class='ocrx_word' id='word_1_503' title='bbox 128 5234 285 5313; x_wconf 73' lang='lat' dir='ltr'><strong>praefatas</strong></span> <span class='ocrx_word' id='word_1_504' title='bbox 323 5232 469 5294; x_wconf 90' lang='lat' dir='ltr'><strong>decimas</strong></span> <span class='ocrx_word' id='word_1_505' title='bbox 499 5234 596 5296; x_wconf 87' lang='lat' dir='ltr'><strong>dictis</strong></span> <span class='ocrx_word' id='word_1_506' title='bbox 628 5231 813 5310; x_wconf 81' lang='lat' dir='ltr'><strong>privilegiis</strong></span> <span class='ocrx_word' id='word_1_507' title='bbox 852 5248 925 5294; x_wconf 89' lang='lat' dir='ltr'><strong>esse</strong></span> <span class='ocrx_word' id='word_1_508' title='bbox 1015 5217 1392 5291; x_wconf 67' lang='lat' dir='ltr'><strong>C⁰dflfm⁸ld⁸⁰i¹¹¹⁸³lflffl</strong></span> <span class='ocrx_word' id='word_1_509' title='bbox 1418 5224 1484 5274; x_wconf 67' lang='lat'><strong>⁸⁰¹⁹</strong></span> <span class='ocrx_word' id='word_1_510' title='bbox 1503 5218 1736 5291; x_wconf 54' lang='lat' dir='ltr'><strong>&amp;dimidii-</strong></span> 
     </span>
     <span class='ocr_line' id='line_1_53' title="bbox 128 5320 1459 5409; baseline -0.003 -15"><span class='ocrx_word' id='word_1_511' title='bbox 128 5350 245 5405; x_wconf 88' lang='lat' dir='ltr'><strong>usum,</strong></span> <span class='ocrx_word' id='word_1_512' title='bbox 279 5334 312 5394; x_wconf 88' lang='lat' dir='ltr'><strong>et</strong></span> <span class='ocrx_word' id='word_1_513' title='bbox 345 5332 579 5409; x_wconf 88' lang='lat' dir='ltr'><strong>hospitalarios</strong></span> <span class='ocrx_word' id='word_1_514' title='bbox 607 5331 698 5407; x_wconf 90' lang='lat' dir='ltr'><strong>ipsos</strong></span> <span class='ocrx_word' id='word_1_515' title='bbox 733 5331 925 5408; x_wconf 81' lang='lat' dir='ltr'><strong>praedictum</strong></span> <span class='ocrx_word' id='word_1_516' title='bbox 1299 5320 1459 5380; x_wconf 73' lang='lat' dir='ltr'><strong>P⁰⁸⁸⁰⁸⁵⁰⁸·</strong></span> 
     </span>
     <span class='ocr_line' id='line_1_54' title="bbox 128 5422 1769 5506; baseline -0.008 -11"><span class='ocrx_word' id='word_1_517' title='bbox 128 5431 279 5495; x_wconf 89' lang='lat' dir='ltr'><strong>abbatem</strong></span> <span class='ocrx_word' id='word_1_518' title='bbox 308 5430 457 5506; x_wconf 86' lang='lat' dir='ltr'><strong>ternpore</strong></span> <span class='ocrx_word' id='word_1_519' title='bbox 493 5429 582 5503; x_wconf 79' lang='lat' dir='ltr'><strong>repis</strong></span> <span class='ocrx_word' id='word_1_520' title='bbox 610 5427 769 5489; x_wconf 77' lang='lat' dir='ltr'><strong>himerici</strong></span> <span class='ocrx_word' id='word_1_521' title='bbox 798 5444 818 5490; x_wconf 92' lang='lat' dir='ltr'><strong>a</strong></span> <span class='ocrx_word' id='word_1_522' title='bbox 846 5428 925 5505; x_wconf 89' lang='lat' dir='ltr'><strong>qui·</strong></span> <span class='ocrx_word' id='word_1_523' title='bbox 1020 5425 1203 5495; x_wconf 90' lang='lat' dir='ltr'><strong>Honorius,</strong></span> <span class='ocrx_word' id='word_1_524' title='bbox 1230 5424 1305 5496; x_wconf 79' lang='lat' dir='ltr'><strong>etc,</strong></span> <span class='ocrx_word' id='word_1_525' title='bbox 1335 5422 1464 5485; x_wconf 90' lang='lat' dir='ltr'><strong>dilectis</strong></span> <span class='ocrx_word' id='word_1_526' title='bbox 1490 5422 1570 5484; x_wconf 86' lang='lat' dir='ltr'><strong>tiliis</strong></span> <span class='ocrx_word' id='word_1_527' title='bbox 1600 5424 1719 5503; x_wconf 91' lang='lat' dir='ltr'><strong>priori,</strong></span> <span class='ocrx_word' id='word_1_528' title='bbox 1742 5422 1769 5483; x_wconf 91' lang='lat' dir='ltr'><strong>el</strong></span> 
     </span>
     <span class='ocr_line' id='line_1_55' title="bbox 128 5522 1360 5606; baseline -0.009 -12"><span class='ocrx_word' id='word_1_529' title='bbox 128 5531 267 5595; x_wconf 89' lang='lat' dir='ltr'><strong>busdam</strong></span> <span class='ocrx_word' id='word_1_530' title='bbox 279 5545 323 5591; x_wconf 84' lang='lat' dir='ltr'><strong>ex</strong></span> <span class='ocrx_word' id='word_1_531' title='bbox 341 5528 421 5600; x_wconf 90' lang='lat' dir='ltr'><strong>illis,</strong></span> <span class='ocrx_word' id='word_1_532' title='bbox 440 5527 614 5606; x_wconf 88' lang='lat' dir='ltr'><strong>dequibus</strong></span> <span class='ocrx_word' id='word_1_533' title='bbox 634 5527 755 5601; x_wconf 80' lang='lat' dir='ltr'><strong>agitur,</strong></span> <span class='ocrx_word' id='word_1_534' title='bbox 778 5542 838 5603; x_wconf 87' lang='lat' dir='ltr'><strong>per</strong></span> <span class='ocrx_word' id='word_1_535' title='bbox 853 5526 927 5589; x_wconf 93' lang='lat' dir='ltr'><strong>vio-</strong></span> <span class='ocrx_word' id='word_1_536' title='bbox 981 5524 1158 5590; x_wconf 90' lang='lat' dir='ltr'><strong>conventui</strong></span> <span class='ocrx_word' id='word_1_537' title='bbox 1173 5522 1360 5585; x_wconf 83' lang='lat' dir='ltr'><strong>Ferrarien.</strong></span> 
     </span>
     <span class='ocr_line' id='line_1_56' title="bbox 129 5618 1771 5705; baseline -0.014 -12"><span class='ocrx_word' id='word_1_538' title='bbox 129 5629 264 5693; x_wconf 87' lang='lat' dir='ltr'><strong>lentiam</strong></span> <span class='ocrx_word' id='word_1_539' title='bbox 288 5627 452 5705; x_wconf 86' lang='lat' dir='ltr'><strong>ejecisse:</strong></span> <span class='ocrx_word' id='word_1_540' title='bbox 476 5643 515 5688; x_wconf 90' lang='lat' dir='ltr'><strong>ac</strong></span> <span class='ocrx_word' id='word_1_541' title='bbox 538 5624 670 5688; x_wconf 89' lang='lat' dir='ltr'><strong>eosdem</strong></span> <span class='ocrx_word' id='word_1_542' title='bbox 692 5623 927 5700; x_wconf 84' lang='lat' dir='ltr'><strong>hospitalarios</strong></span> <span class='ocrx_word' id='word_1_543' title='bbox 1020 5624 1124 5689; x_wconf 79' lang='lat' dir='ltr'><strong>iustis</strong></span> <span class='ocrx_word' id='word_1_544' title='bbox 1149 5621 1329 5701; x_wconf 86' lang='lat' dir='ltr'><strong>petentium</strong></span> <span class='ocrx_word' id='word_1_545' title='bbox 1353 5618 1538 5689; x_wconf 86' lang='lat' dir='ltr'><strong>desideriis,</strong></span> <span class='ocrx_word' id='word_1_546' title='bbox 1555 5620 1631 5689; x_wconf 64' lang='lat' dir='ltr'><strong>etr„</strong></span> <span class='ocrx_word' id='word_1_547' title='bbox 1649 5634 1771 5697; x_wconf 69' lang='lat' dir='ltr'><strong>usque,-</strong></span> 
     </span>
    </p>
   </div>
   <div class='ocr_carea' id='block_1_8' title="bbox 0 0 1908 6164">
    <p class='ocr_par' dir='ltr' id='par_1_10' title="bbox 0 0 1908 6164">
     <span class='ocr_line' id='line_1_57' title="bbox 0 0 1908 6164; baseline 0 0"><span class='ocrx_word' id='word_1_548' title='bbox 0 0 1908 6164; x_wconf 95' lang='lat' dir='ltr'><strong> </strong></span> 
     </span>
    </p>
   </div>
  </div>
 </body>
</html>
