3794 6166
122 258 163 319 33
497 260 544 321 111
576 288 617 305 -
637 258 683 321 IN
703 256 1055 320 ANNUNTIarlon'E
1075 257 1226 349 BEATAE
1247 258 1408 320 MARIAE.
1731 259 1772 319 34
1893 278 1896 283 ·

118 418 302 495 corasorpet
324 419 617 496 etrpaearlsroel.
636 420 692 482 Sol
706 418 741 481 in
753 417 916 497 praesepio
972 416 1049 479 dum
1068 418 1154 496 quod
1174 418 1214 479 de
1236 434 1276 480 ea
1296 417 1544 495 scriptumest:
1561 419 1672 493 arona
1693 432 1793 491 com¹
1870 448 1889 509 ,-

120 513 157 575 de
185 530 251 591 quo
282 516 416 593 reprobi
450 517 632 579 secundnm
658 518 743 594 quod
770 516 804 576 in
831 515 916 577 libro
973 519 1064 577 Dens
1083 517 1116 577 et
1133 518 1309 592 praerepta
1329 532 1406 577 corn
1420 519 1453 579 et
1470 515 1704 577 haereticorum
1718 517 1772 579 te-

122 612 298 688 Sapientiae
334 614 474 689 legitur,
510 616 632 677 dicturi
670 617 746 677 sunt
785 615 821 675 iu
860 616 916 673 lu-
970 614 1091 675 nebras
1121 616 1253 691 penitus
1283 616 1442 691 etl'ugarit
1474 614 1655 677 secumlnm
1684 615 1770 691 qumi

121 714 191 771 turo
209 730 216 768 ε
234 714 446 773 bracciacus
472 730 493 773 a
513 717 572 774 aio
601 714 776 784 ueritatis,
806 713 840 773 et
866 718 917 774 sot
971 712 1770 790 scriptumestdoipsa:chaecunctaslraeres'es

116 808 261 881 justitiae
283 823 352 870 nou
376 812 491 871 aalma
511 815 607 873 anobis
630 809 722 890 (Sap.
751 828 783 882 v,
806 808 852 888 6),
876 809 915 870 de
971 811 1041 872 sola
1064 810 1263 872 interemisti
1284 812 1320 872 iu
1342 811 1498 872 universo
1517 811 1650 871 mundo.
1673 814 1771 872 »Por

123 921 180 982 quo
196 907 378 982 Apostolus
395 929 402 967 :
418 911 474 970 Sol
489 924 557 971 uon
571 911 701 971 occidat
714 924 820 983 stipor
837 912 913 969 tro·
970 909 1068 969 tidem
1083 910 1172 969 enim
1188 909 1429 971 incarnationis
1445 910 1613 970 destructa
1631 910 1681 969 est
1696 926 1771 970 om-

123 1006 279 1063 noadiom
304 1007 458 1066 cestrum
481 1004 615 1083 (Eplres.
636 1023 683 1075 rr,
703 1004 768 1085 26).
785 1008 835 1066 An
848 1021 915 1067 non
971 1008 1022 1069 nis
1043 1008 1196 1069 haeresis.
1216 1009 1307 1068 Unde
1323 1023 1400 1067 caro
1416 1007 1539 1068 Christi
1561 1007 1683 1067 dicitur
1697 1008 1771 1083 glo-

124 1101 186 1177 ipso
210 1103 339 1178 estqui
366 1103 400 1163 in
429 1104 499 1164 sole
522 1105 633 1181 posuit
662 1104 914 1166 tabernaculum
969 1106 1070 1178 riosa,
1091 1107 1178 1166 sicut
1199 1107 1357 1181 scriptum
1379 1105 1429 1166 est
1445 1126 1452 1163 :
1468 1109 1633 1181 Εεενινθε
1658 1108 1770 1180 gioria

125 1199 227 1258 carnis
250 1216 331 1271 suae,
358 1202 488 1277 quaudo
508 1202 571 1264 luit
588 1204 757 1280 tamquam
772 1218 914 1279 sponsus
969 1219 1048 1264 lateo
1063 1201 1132 1282 (l's.
1151 1205 1218 1275 107,
1234 1202 1281 1282 3).
1298 1203 1410 1263 Gloria
1424 1217 1485 1263 sua
1501 1205 1551 1264 est
1567 1203 1600 1262 in
1617 1220 1681 1280 qua
1696 1203 1771 1279 glo·
1852 1196 1855 1201 ’

126 1295 298 1371 procedens
314 1298 354 1358 de
368 1299 516 1361 thalamo
532 1302 616 1361 suoi
969 1302 1079 1363 riosus
1099 1301 1263 1378 apparuit,
1280 1302 1378 1377 juxta
1397 1299 1478 1360 illud
1496 1322 1503 1360 :
1525 1303 1678 1361 Vidamas
1693 1307 1769 1377 glo-

158 1395 192 1452 ln
207 1394 305 1456 stella
325 1397 447 1469 autem,
467 1397 598 1469 fratres,
616 1399 759 1475 quatuor
782 1399 914 1476 priuci—
968 1404 1062 1461 riom
1077 1403 1163 1473 rjus,
1174 1401 1432 1476 olortomgaosi
1449 1398 1771 1475 clrttgeraittoPotre

128 1491 235 1567 paliter
255 1494 482 1557 attenduntur.
510 1496 613 1558 Stella
637 1514 781 1575 namquo
807 1498 914 1573 igneae
970 1495 1365 1589 (Joan.1,1i).Etbaeo
1389 1495 1521 1572 quidem
1546 1512 1623 1556 caro
1646 1495 1768 1557 Christi

129 1589 245 1650 nnmae
263 1592 330 1667 est3
350 1592 447 1654 stella
461 1592 496 1653 iu
509 1609 545 1655 se
562 1593 673 1656 lucida
687 1597 737 1656 est
752 1597 785 1656 et
801 1594 912 1672 clara3
969 1595 1198 1673 multipliciter
1212 1594 1375 1655 mirabilis
1390 1594 1462 1655 luit.
1479 1594 1513 1655 et
1526 1593 1681 1671 apparuit
1695 1594 1769 1669 glo-

132 1686 214 1747 slella
233 1704 277 1749 ex
293 1705 329 1750 εθ
344 1690 474 1751 radium
495 1691 632 1767 emittit;
656 1692 752 1754 stella
767 1694 801 1753 in
817 1693 914 1754 nocte
969 1694 1069 1755 riosa.
1091 1693 1255 1755 Mirabilis
1279 1693 1366 1753 enim
1390 1691 1452 1753 luit
1471 1693 1503 1753 et
1522 1691 1667 1767 gloriosa
1689 1680 1776 1752 caro

131 1783 216 1847 lucet.
237 1788 316 1847 llaec
337 1787 452 1849 eadem
472 1789 507 1849 in
526 1789 622 1850 stella
644 1791 757 1851 nostra
777 1791 914 1867 Virgine
969 1793 1090 1854 Christi
1108 1792 1142 1852 in
1159 1792 1373 1869 conceptione
1382 1793 1479 1867 juxta
1495 1789 1577 1850 illud
1591 1788 1765 1851 ieremiae:

130 1883 221 1944 llaria
261 1900 436 1960 possumus
473 1885 635 1948 invenire.
678 1887 781 1948 Stella
822 1888 912 1949 enim
967 1892 1136 1953 «Novum
1157 1890 1209 1951 vel
1233 1889 1353 1951 mirum
1373 1888 1473 1949 saciet
1491 1888 1650 1948 Dominus
1665 1902 1766 1964 snper

130 1979 220 2055 igneae
235 1984 363 2043 naturae
378 1984 443 2055 est,
460 1984 493 2044 et
511 1984 584 2061 ipsa
599 1985 700 2060 Virgo
723 1985 829 2060 igneae
851 1986 914 2048 luit
967 1989 1101 2062 terram,
1128 2005 1146 2048 ε
1171 1987 1248 2064 quia
1272 1988 1312 2047 de
1339 1987 1442 2047 latere
1467 1985 1564 2062 primi
1586 1985 1665 2047 Adae
1689 1986 1768 2046 dor-

131 2080 253 2139 naturae.
271 2082 348 2156 Ipsa
362 2082 413 2142 est
427 2097 569 2159 namque
588 2081 691 2143 rubus
708 2083 765 2143 ille
781 2083 910 2159 igneus,
967 2087 1100 2147 mientis
1114 2085 1255 2147 formata
1269 2085 1319 2146 est
1334 2087 1436 2155 Hera,
1454 2084 1494 2144 de
1510 2084 1615 2145 latere
1630 2082 1768 2144 secundi

131 2175 228 2253 inquo
252 2179 407 2255 apparuit
426 2180 585 2240 Dominus
603 2181 721 2257 Moysi,
736 2180 792 2258 qui
813 2181 911 2243 vide·
965 2184 1045 2245 Adae
1055 2184 1195 2245 formata
1206 2184 1257 2245 est
1266 2182 1424 2243 Ecclesia.
1436 2181 1541 2242 Adam
1552 2183 1585 2242 θῖ
1595 2182 1686 2241 Hera
1699 2180 1767 2241 sue·

131 2271 211 2334 batur
238 2275 371 2352 quidem
400 2277 528 2348 ardere,
553 2278 610 2338 sed
643 2294 710 2339 non
738 2279 914 2340 combure-
966 2284 1045 2342 runt
1056 2283 1121 2342 duo
1136 2282 1170 2341 iu
1186 2296 1286 2341 carne
1306 2295 1384 2349 uua,
1404 2279 1553 2339 Christus
1569 2280 1602 2338 et
1617 2278 1765 2339 Ecclesia

130 2368 227 2446 batur3
240 2374 327 2450 quod
339 2375 477 2451 gravida
488 2375 620 2452 quidem
633 2376 910 2453 apparuitVirgo,
966 2378 1101 2439 luerunt
1118 2378 1180 2438 duo
1198 2379 1233 2438 in
1251 2392 1388 2452 corpore
1404 2392 1481 2436 uno.
1496 2375 1548 2435 Illi
1561 2374 1626 2436 dno
1648 2375 1684 2435 in
1700 2391 1767 2437 una
1883 2386 1886 2393 '

130 2471 245 2545 pando
271 2471 408 2534 iuventa
432 2474 483 2534 est
507 2474 543 2533 in
567 2475 662 2535 utero
686 2472 832 2550 habeus3
854 2475 911 2536 sed
966 2479 1096 2547 natura,
1113 2475 1169 2537 isti
1190 2474 1255 2536 duo
1273 2475 1309 2535 in
1329 2490 1395 2534 una
1415 2488 1569 2549 persona.
1596 2474 1681 2533 Nam
1695 2473 1768 2551 pri-

130 2664 241 2740 Spiritu
266 2667 398 2727 Sancto.
425 2667 528 2729 Stella
553 2669 661 2730 estin
685 2684 721 2729 se
745 2669 856 2731 luc-ida
879 2672 912 2732 θῖ
966 2672 1093 2733 condus
1107 2672 1212 2734 Adam
1225 2670 1287 2733 suit
1299 2669 1405 2731 sactus
1418 2670 1458 2730 de
1472 2669 1603 2743 virgine
1616 2668 1764 2730 scamina.

130 2760 220 2836 clara,
236 2765 268 2825 θῖ
279 2766 381 2826 Beata
394 2765 496 2841 Virgo
513 2766 621 2827 Maria
640 2767 675 2827 in
688 2783 724 2828 se
739 2767 911 2844 splendida
966 2771 1097 2832 Primus
1110 2770 1214 2831 Adam
1230 2768 1292 2830 suit
1303 2768 1356 2830 vir
1368 2769 1403 2827 in
1423 2767 1494 2843 ipsa
1510 2767 1689 2839 creatione,
1706 2783 1764 2828 se-

129 2857 189 2933 ruit,
205 2864 239 2923 et
253 2862 344 2924 clara
359 2862 455 2934 adeo,
474 2865 511 2925 ut
524 2863 565 2925 da
583 2880 622 2926 ea
643 2864 801 2942 scriptum
816 2850 865 2928 sit¹
876 2866 911 2927 in
966 2869 1094 2929 condus
1113 2868 1216 2929 Atiam
1239 2867 1299 2929 luit
1315 2866 1368 2927 vir
1382 2866 1416 2926 in
1432 2866 1504 2942 ipsa
1524 2866 1739 2942 conceptione
1757 2887 1764 2925 :

128 2958 251 3021 Cantica
280 2960 491 3022 canticorum
519 2983 526 3021 :
555 2965 637 3029 Oula
664 2965 715 3024 cst
742 2966 811 3026 tata
835 2980 912 3039 quae
964 2970 1093 3028 Madtcr
1110 2965 1335 3026 circumdabit
1353 2968 1469 3025 rtrum
1485 2961 1565 3043 (Jer.
1587 2980 1682 3031 xxm,
1698 2963 1764 3041 22).
1850 3022 1855 3027 .

121 3059 336 3133 progreditur
376 3062 477 3132 quasi
514 3074 647 3122 aurora
682 3076 910 3139 coaasurgeas,
966 3064 1130 3125 Mirabilis
1141 3065 1174 3124 in
1185 3063 1370 3134 nativitate,
1386 3063 1463 3139 quia
1475 3062 1515 3122 de
1526 3062 1663 3138 Virgine
1673 3063 1766 3123 ortus

121 3160 254 3225 palcina
267 3157 306 3217 ut
318 3162 437 3218 laerta...
453 3158 555 3219 Stella
571 3174 662 3220 exse
675 3160 805 3221 radium
821 3161 912 3223 emit·
961 3166 1059 3240 juxta
1075 3163 1156 3222 illud
1172 3162 1269 3223 lsaiae
1288 3183 1295 3221 :
1318 3165 1403 3222 Ecca
1417 3164 1517 3238 otigo
1532 3161 1709 3232 concipiet,
1733 3160 1767 3220 ct

123 3250 163 3321 tit,
174 3255 206 3314 et
217 3256 321 3315 Beata
334 3255 436 3330 Virgo
449 3257 555 3317 Maria
569 3274 612 3317 ex
624 3273 660 3318 se
673 3258 803 3319 radium
816 3259 911 3320 illum
960 3262 1079 3335 portat
1093 3262 1202 3333 lilium
1215 3258 1272 3339 (ls.
1287 3275 1345 3331 vn,
1363 3256 1426 3337 11).
1443 3257 1607 3319 Mirabilis
1617 3257 1663 3318 in
1683 3257 1767 3334 bap-

123 3350 221 3412 emisit
244 3353 302 3428 qui
327 3354 513 3429 penetravit
536 3371 640 3432 usque
662 3356 704 3416 ad
726 3357 835 3418 cordis
857 3374 912 3419 se-
965 3362 1074 3432 tismo,
1098 3358 1184 3436 quod
1215 3356 1321 3435 aperti
1348 3360 1426 3417 sunt
1451 3356 1538 3427 coeli,
1566 3360 1599 3417 et
1621 3355 1765 3431 Spiritus

122 3452 213 3510 creta.
231 3452 405 3512 scrutatus
419 3453 470 3514 est
481 3453 582 3514 eorda
601 3455 634 3514 θῖ
649 3470 759 3522 εθεθε,
772 3471 811 3515 θο
824 3456 909 3532 quod
967 3458 1108 3519 Sanctus
1118 3455 1284 3533 corporali
1302 3454 1411 3530 specie
1424 3453 1584 3515 columbae
1596 3452 1768 3513 descendit

121 3546 208 3608 airus
228 3548 280 3611 est
301 3564 410 3611 sermo
432 3550 492 3611 Dei
515 3553 547 3612 et
570 3550 699 3623 efficax,
714 3554 748 3613 θῖ
761 3554 912 3628 penetrat
966 3569 1161 3630 supereum,
1179 3558 1289 3614 atrox
1302 3551 1411 3612 Patris
1425 3550 1618 3611 auditaest:
1632 3552 1700 3613 Hic
1713 3551 1766 3613 est

121 3646 224 3707 omnia
238 3645 351 3721 gladio
372 3648 520 3724 ancipiti,
538 3649 729 3726 pertingens
749 3651 909 3727 usquead
964 3654 1056 3725 sitires
1076 3666 1174 3712 uteros
1195 3650 1372 3711 dilectus...
1396 3646 1559 3709 Mirabilis
1576 3647 1609 3707 in
1620 3647 1762 3725 jejunio,

120 3741 310 3806 divisionem
324 3745 444 3807 animae
457 3748 491 3809 et
502 3747 650 3824 spiritus.
966 3750 1051 3828 quod
1063 3748 1228 3827 jejunavit
1246 3747 1465 3825 quadraginta
1490 3745 1606 3807 diebus
1625 3747 1658 3807 et
1676 3760 1763 3824 qua-

153 3842 246 3903 linde
267 3844 301 3903 et
322 3844 476 3919 congruit
499 3846 643 3906 nominis
667 3846 909 3923 interpretatio.
966 3849 1119 3925 draginta
1145 3845 1306 3907 noctibus.
1334 3844 1498 3907 Mirabilis
1521 3844 1574 3906 vel
1598 3843 1765 3919 gloriosus

118 3938 263 4017 Namque
285 3941 392 4002 Maria
416 3942 512 4003 stella
535 3943 639 4004 maris
660 3944 909 4020 interpretatur.
965 3946 1001 4007 in
1026 3945 1263 4007 miraculorum
1289 3942 1497 4020 operatione,
1521 3942 1620 4018 Juxta
1647 3940 1762 4003 illud:

119 4037 204 4100 liare
219 4039 364 4100 mundus
379 4041 438 4113 est,
456 4042 636 4102 secuudum
652 4042 737 4119 quod
751 4044 911 4121 scriptum
971 4047 1123 4105 Vidimus
1145 4044 1318 4103 nairobiiiu
1338 4043 1435 4101 laodic
1457 4038 1551 4118 (Luc.
1576 4054 1609 4108 r,
1633 4037 1699 4118 26).
1725 4039 1765 4100 ut

119 4139 194 4198 est:
225 4141 301 4199 Hoc
330 4153 430 4199 orare
456 4154 623 4215 irrogatam
655 4141 688 4202 et
720 4144 912 4215 spatiosiora
965 4142 1151 4205 itemzlioo
1163 4140 1244 4214 fecit
1260 4140 1398 4199 initium
1412 4140 1716 4214 signorumlcsns,
1731 4137 1766 4197 ct

119 4232 183 4312 (Ps.
202 4238 271 4307 103,
285 4237 351 4314 25).
366 4236 483 4297 Merito
499 4253 578 4311 ergo
594 4238 690 4299 stella
705 4240 807 4300 maris
822 4240 910 4301 dici·
965 4238 1202 4314 ottoniscstovtt
1222 4239 1371 4313 gloriam
1390 4251 1491 4297 suoru
1514 4233 1624 4313 (toan.
1640 4236 1682 4301 ll,
1697 4232 1762 4313 11).

120 4334 177 4404 tur,
194 4335 273 4411 quia
297 4336 330 4394 et
351 4333 423 4410 ipsa
441 4334 609 4411 tamquam
625 4336 717 4396 sidus
741 4337 911 4413 singulare
966 4336 1130 4399 Mirabilis
1146 4336 1180 4396 in
1197 4333 1431 4412 praedicatione
1446 4334 1543 4410 juxta
1564 4332 1644 4394 illud
1661 4353 1669 4393 ε
1685 4336 1766 4397 lom

118 4431 244 4493 refulsit
257 4431 292 4492 in
306 4431 447 4505 mundo;
464 4434 560 4510 cujus
575 4434 730 4509 splendor
746 4436 912 4498 illuminat
965 4452 1025 4498 cos
1044 4437 1164 4496 peiraco·
1185 4433 1269 4494 catis
1286 4432 1433 4506 propter
1453 4446 1651 4493 serationem
1663 4446 1765 4507 prce-m

118 4530 283 4602 mundum,
302 4532 335 4590 et
350 4546 391 4590 ex
406 4546 442 4590 se
458 4530 586 4592 radium
603 4531 695 4592 illum
717 4534 838 4607 ernisit,
855 4534 910 4612 qui
964 4535 1096 4597 locutus
1116 4548 1193 4593 saltu
1215 4533 1309 4591 colata
1331 4528 1441 4608 (toan.
1458 4545 1513 4599 ur,
1529 4527 1575 4605 3).
1598 4531 1637 4589 Et
1657 4529 1763 4591 itamz

118 4628 911 4700 cumsitluxvera,illuminatomnemhommem
965 4635 1151 4705 Nunquam
1173 4633 1223 4691 stc
1247 4630 1378 4690 locutus
1402 4626 1454 4689 eat
1481 4630 1606 4689 belno?
1626 4624 1761 4704 (toanu.

118 4726 302 4788 seuientem
325 4727 359 4786 in
384 4727 471 4788 bunc
492 4729 661 4789 mundum.
684 4732 723 4791 Et
746 4731 832 4792 sicut
855 4748 913 4792 ra·
966 4747 1023 4801 vu,
1041 4728 1106 4807 ld).

118 4822 188 4885 dius
202 4825 353 4901 procedit
375 4841 418 4886 ox
441 4826 549 4897 stella,
569 4828 665 4888 stella
687 4829 815 4903 integra
835 4846 913 4906 per·
1006 4825 1169 4887 Mirabilis
1198 4825 1232 4885 in
1259 4820 1563 4895 transfiguratione,
1589 4819 1668 4899 quia
1691 4835 1766 4881 res-

118 4926 281 4993 mauente‚
308 4923 356 4983 sio
378 4923 466 4983 tilius
490 4940 533 4985 ex
553 4925 699 5001 Virgine,
719 4927 911 5001 virginitate
965 4924 1115 5001 pienduit
1129 4922 1230 4982 iacies
1246 4923 1317 4996 ejus
1333 4918 1419 4978 sicut
1438 4917 1499 4986 sol,
1520 4919 1553 4978 et
1566 4918 1763 4981 vestimenta

118 5017 303 5081 inviolabili
337 5023 536 5097 perdurante
565 5024 745 5084 secundum
769 5026 854 5101 quod
879 5028 912 5087 θῖ
965 5024 1037 5099 ejus
1053 5020 1139 5081 tacta
1155 5016 1387 5079 suntcandida
1407 5015 1492 5077 siout
1507 5014 1576 5075 nix.
1599 5015 1764 5076 Mirabilis

117 5118 276 5195 propbeta
290 5119 442 5179 Ezechiel
457 5120 565 5197 inquit
581 5143 588 5180 :
604 5123 716 5183 Porto
730 5127 802 5184 brec
818 5129 913 5185 otoo-
966 5120 1000 5179 in
1014 5118 1179 5196 passione,
1194 5115 1272 5192 quia
1287 5114 1336 5175 sol
1352 5112 1548 5175 obscuratus
1560 5114 1621 5183 est,
1634 5114 1666 5173 et
1676 5115 1767 5173 tene·
1809 5136 1814 5143 ·

116 5230 153 5277 ao
169 5218 240 5277 erit
254 5218 289 5277 et
313 5234 380 5278 lom
398 5221 627 5291 appropiaret
648 5224 704 5281 eir
723 5223 910 5283 taorttauu-
966 5216 1034 5278 brae
1063 5215 1158 5276 iactae
1187 5214 1264 5274 sunt
1288 5228 1389 5289 super
1414 5211 1605 5271 nniversam
1628 5212 1766 5274 terram.

115 5316 191 5375 sibit
204 5329 374 5389 perrona,
395 5318 636 5379 aediluualdus
656 5324 748 5379 solata
768 5320 912 5380 introbit
966 5314 1131 5377 Mirabilis
1166 5313 1200 5374 in
1233 5311 1395 5372 descensu
1430 5309 1469 5369 ad
1504 5308 1640 5379 interos,
1678 5308 1764 5389 quod

115 5426 177 5483 prr
191 5428 272 5473 craia
287 5410 419 5489 (Erech.
434 5430 527 5484 xurv,
543 5414 590 5494 2).
966 5414 1076 5474 vectas
1090 5411 1216 5475 ferreos
1231 5407 1405 5484 confregit.
1423 5406 1586 5466 Mirabilis
1603 5405 1636 5465 in
1652 5420 1767 5467 resur-

154 5510 258 5571 Stella
283 5510 319 5569 in
345 5514 440 5572 nocte
466 5512 568 5585 lucet,
592 5515 624 5575 et
650 5515 722 5591 ipsa
748 5516 849 5591 Virgo
874 5516 910 5576 in
966 5511 1124 5580 rectione,
1140 5507 1336 5588 qnodterrae
1357 5506 1464 5566 motus
1479 5504 1584 5565 lactus
1605 5507 1656 5563 est
1673 5517 1768 5577 mag-

117 5610 210 5671 uocte
223 5608 325 5684 nujus
340 5610 453 5671 sacculi
467 5612 682 5689 singulariter
694 5613 786 5677 fulsit
798 5631 913 5679 secnn·
967 5625 1041 5671 nus
1058 5607 1222 5673 Mirabilis
1244 5606 1345 5666 etiam
1363 5603 1414 5664 vel
1434 5602 1580 5679 gloriosa
1596 5600 1630 5660 in
1646 5615 1765 5661 ascen-

244 5780 361 5823 rnruor..
381 5782 455 5825 rone
466 5770 501 5825 11.
1626 5760 1682 5821 tt.
