3802 6166
105 310 168 375 279

103 474 180 539 licis
207 471 447 537 recordationis
476 472 501 532 l.
531 474 622 546 Papa
656 470 901 548 praedecessore

105 575 231 646 nostro,
255 573 297 634 ad
319 571 473 632 dilectum
497 570 601 631 fllium
624 569 775 632 abbatem
793 571 900 631 blari-

6 752 10 757 ¹
105 668 473 746 montisetconjndices
488 669 707 736 suessonica
723 668 817 730 bonae
833 685 901 729 ure·

105 771 220 833 moriae
259 767 511 829 Laudunensem
551 766 759 845 episcopum,
801 782 902 844 super

103 867 327 947 provisionem
362 881 472 938 suam,
509 865 638 927 litteras
677 866 898 942 impetrasset,

104 966 192 1027 idem
205 966 379 1042 episcopus
394 963 435 1025 ad
450 964 739 1027 commonitionem
750 963 899 1040 judicum

103 1063 349 1143 praedictorum,
384 1062 557 1139 praelatum
592 1061 829 1123 subdiaconum
864 1061 900 1121 in

105 1178 167 1223 sua
190 1160 379 1238 provisione
403 1160 579 1236 recipiens,
604 1160 677 1221 octo
705 1159 769 1220 sibi
797 1158 900 1219 libras

100 1258 331 1321 laudunenses
363 1257 560 1333 assignarit,
589 1257 693 1319 donec
726 1257 833 1319 eidem
866 1257 900 1319 in

102 1356 302 1434 competenti
313 1355 476 1417 beneficio
485 1355 814 1433 provideretl'erum
824 1358 901 1418 tem·

103 1472 185 1533 poro
198 1454 405 1532 procedente,
430 1471 529 1531 quum
552 1454 676 1531 pluries
700 1470 800 1530 super
823 1471 902 1532 pro·

103 1553 234 1615 visione
268 1568 329 1613 sua
364 1552 521 1613 obtulerit
546 1568 582 1613 se
611 1552 763 1625 facultas,
793 1552 900 1615 eidem

103 1651 211 1713 noluit
223 1650 407 1728 providere.
423 1650 515 1711 Unde
526 1650 604 1711 dicti
611 1651 741 1726 judices
754 1652 900 1728 episcopi

104 1748 211 1827 ipsius
234 1749 492 1810 inobedientiam
515 1748 733 1820 attendentes
751 1750 901 1810 eumdem

104 1846 306 1924 apotestate
329 1846 521 1908 conserendi
543 1845 705 1907 beneficia
719 1848 902 1922 suspende-

104 1945 195 2006 runt.
212 1948 317 2015 Quum
341 1945 451 2005 autem
462 1952 533 2021 'per
551 1943 683 2004 modum
697 1947 831 2006 vacaret
843 1944 902 2006 be-

105 2042 261 2103 netlcium
282 2037 318 2101 in
339 2042 480 2103 ecclesia
496 2042 719 2115 Laudunensi,
737 2042 824 2103 idern
840 2046 900 2121 ju-

104 2139 195 2201 dices
232 2140 310 2216 quia
345 2156 525 2217 suspensus
563 2140 635 2202 erat
669 2157 688 2201 a
724 2140 900 2202 collatione

103 2235 340 2299 beneficiorum
355 2238 530 2315 episcopus
540 2240 752 2306 memoratus,
764 2254 803 2299 eo
815 2238 899 2315 quod

104 2336 249 2399 monitus
273 2337 464 2399 multotiens
492 2336 659 2399 antedicto
686 2336 899 2407 subdiacono,

105 2450 179 2495 cum
195 2434 367 2511 potuisset,
383 2434 490 2496 noluit
504 2435 678 2512 providere
694 2435 734 2495 de
753 2434 900 2512 pruden-

103 2531 186 2593 tium
214 2533 362 2593 virorum
398 2532 549 2603 consilio,
581 2532 668 2592 idem
705 2531 901 2593 beneficium

103 2630 301 2691 auctoritato
340 2629 405 2691 sibi
444 2630 632 2705 apostolica
674 2629 899 2699 contulerunt,

103 2726 240 2787 stallum
255 2728 290 2787 in
304 2726 406 2789 choro
428 2729 460 2788 et
476 2727 585 2786 locum
599 2727 634 2786 in
650 2726 794 2804 capitulo
814 2729 902 2787 assi-

104 2825 256 2899 gnantes.
287 2825 377 2895 Quod
407 2824 550 2884 ministri
576 2824 723 2901 episcopi
748 2840 787 2885 eo
815 2825 900 2901 apud

39 2974 45 2984 .
106 2921 284 2981 consilium
297 2922 486 2993 constituto,
504 2920 657 2981 manibus
674 2922 709 2981 in
725 2921 832 2998 ipsum
847 2922 902 2982 in-

100 3018 203 3095 jectis
228 3018 351 3079 tenrere
375 3018 544 3091 violentis,
571 3019 793 3095 praetermisso
813 3021 901 3096 juris

105 3115 237 3187 ordine,
266 3116 452 3194 spoliarunt
482 3116 517 3177 in
550 3119 772 3194 contemptum
806 3116 901 3178 Sedis

104 3214 304 3291 apostolicae
330 3229 369 3275 ac
395 3214 500 3291 ipsius
524 3213 639 3276 clerici
670 3216 901 3292 praejudicium

105 3326 173 3373 non
190 3311 354 3373 modicum
370 3313 403 3374 et
417 3328 609 3388 gravamen.
624 3316 728 3374 Porro
741 3329 815 3374 cum
831 3313 902 3374 dic-

104 3410 159 3471 tus
180 3410 323 3472 clericus
338 3412 517 3488 potentiam
532 3412 678 3489 episcopi
695 3410 899 3485 formidaret,

13 3572 16 3577 ,
105 3522 149 3569 en
163 3523 203 3569 eo
218 3508 304 3586 quod
326 3510 505 3587 potentiori
520 3526 582 3587 par
602 3526 675 3571 esse
697 3526 762 3571 non
777 3512 899 3588 posset,

103 3606 302 3669 auctoritate
314 3608 465 3685 judicum
488 3609 721 3685 praedictorum
736 3626 810 3671 cum
823 3625 902 3687 pro·

103 3706 258 3767 curatore
284 3706 413 3782 praelati
440 3707 603 3784 episcopi,
630 3707 726 3784 quasi
753 3710 898 3780 coactus,

103 3802 200 3866 duxit
232 3805 345 3866 taliter
377 3805 651 3881 componendum,
679 3804 765 3883 quod
793 3807 900 3882 prima

103 3904 177 3965 octo
201 3901 362 3963 librarum
384 3902 578 3963 Laudunen.
599 3902 746 3979 provisio
768 3903 902 3965 deberet

104 3998 141 4059 in
169 4015 297 4060 summa
328 4000 441 4061 decem
475 3999 636 4061 librarum
667 4000 900 4075 parisiensium

103 4098 324 4171 augmentari,
340 4112 511 4175 quousque
524 4098 589 4175 ipsi
601 4098 721 4159 clerico
732 4098 899 4161 tuissetde

103 4192 265 4255 beneflcio
278 4195 396 4270 viginti
411 4196 551 4255 duarum
566 4194 726 4256 librarum
741 4196 901 4273 parisien·

102 4291 189 4353 sium
209 4292 244 4353 in
261 4292 453 4370 episcopatu
477 4293 690 4353 Laudunensi
716 4293 898 4370 provisum.

103 4392 144 4454 iit
177 4391 255 4453 licet
294 4390 566 4468 compositionem
601 4392 707 4468 ipsam
748 4391 899 4452 odicialis

103 4490 251 4569 episcopi
271 4490 438 4551 redactam
453 4490 488 4550 in
504 4489 636 4567 scriptis
660 4489 769 4565 sigillo
785 4490 901 4551 fecerit

104 4588 336 4651 laudunensis
360 4588 462 4649 curiae
489 4587 697 4655 communiri,
721 4587 827 4648 dictus
848 4589 901 4649 ta-

104 4703 180 4749 men
196 4687 370 4763 episcopus
383 4702 403 4747 a
418 4685 564 4746 Concilio
580 4684 713 4746 rediens
725 4685 760 4745 in
774 4684 900 4746 elusio-

104 4801 180 4847 nem
210 4786 355 4846 mandati
387 4783 570 4861 apostolici
604 4798 664 4860 per
697 4782 826 4847 litteras
858 4783 900 4844 ad

104 4884 318 4959 praepositum
341 4882 615 4943 suessionensem
631 4881 664 4942 et
683 4896 761 4942 suos
783 4882 902 4958 conju-

105 4978 196 5039 dices
217 4980 423 5055 impetratas,
438 4996 522 5057 pene
540 4979 665 5039 nullam
685 4979 844 5041 iacientes
859 4979 900 5040 de

104 5092 263 5155 processu
286 5079 411 5154 negotii
432 5078 644 5149 mentionem,
667 5078 777 5155 ipsum
798 5078 901 5139 traxit

104 5175 140 5236 in
165 5191 300 5235 causam
322 5176 496 5237 intendens
520 5178 587 5238 tem
610 5176 717 5253 prima
732 5192 831 5253 quana
846 5192 902 5237 se-

104 5273 214 5334 cunda
236 5273 426 5348 provisione
448 5273 571 5334 dictum
593 5274 751 5335 clericum
767 5272 902 5335 defrau-

104 5370 196 5433 dare.
217 5372 379 5431 Caeterum
395 5387 495 5448 quum
518 5373 618 5433 iidem
635 5372 766 5449 judices
785 5372 900 5447 legiti-

105 5486 177 5531 mas
193 5469 405 5545 exceptiones
425 5469 572 5547 ejusdem
594 5470 707 5531 clerici
727 5470 901 5533 admittere

105 5569 310 5640 recusarent,
343 5583 443 5645 quum
480 5583 582 5644 penes
616 5568 740 5645 primos
770 5568 901 5646 judices

101 5666 293 5769 jupisdic-tio
317 5665 489 5738 resideret,
504 5666 539 5727 in
553 5662 596 5729 iis
610 5668 643 5729 ot
657 5665 734 5729 aliis
752 5666 901 5731 sentiens

733 304 910 368 HONORII
932 307 977 368 111
998 308 1146 371 OPERA.

955 483 992 531 se
1006 470 1151 546 gravari,
1169 468 1211 531 ad
1227 468 1346 533 Sedem
1360 471 1586 550 apostolicam
1605 475 1751 553 appella·

954 568 1014 628 vit.
1035 568 1169 629 ludices
1191 584 1282 639 vero,
1298 568 1406 646 ipsius
1429 571 1656 649 appellatione
1671 590 1750 635 con·

954 666 1093 742 tempta,
1114 667 1150 726 in
1169 665 1277 743 ipsum
1298 669 1658 731 excommunicationis
1679 688 1751 733 sen-

955 763 1091 825 tentiam
1113 764 1333 841 protulerunt,
1347 782 1367 827 a
1383 782 1447 843 qua
1463 768 1631 829 sententia
1647 769 1751 846 ipsum

955 861 996 922 ad
1028 862 1191 923 cautelam
1227 864 1326 939 primi
1356 865 1489 940 judices
1524 866 1748 951 absolverunt
1785 930 1791 947 ,

956 960 1049 1021 Unde
1069 961 1268 1037 supplicavit
1288 961 1384 1023 nobis
1406 963 1548 1024 clericus
1575 965 1750 1042 praedictus

955 1058 991 1120 ut
1010 1058 1179 1119 laboribus
1194 1059 1226 1121 et
1241 1060 1397 1137 expensis
1420 1061 1490 1121 suis
1507 1064 1650 1138 paterno
1665 1079 1751 1125 com-

955 1156 1117 1233 patientes
1146 1156 1268 1219 affectu
1299 1158 1334 1219 iu
1368 1158 1509 1221 ecclesia
1539 1161 1750 1223 Laudunensi

955 1253 1140 1316 taceremus
1168 1254 1275 1316 eidem
1302 1256 1338 1317 in
1367 1258 1567 1335 competenti
1591 1259 1749 1321 beneficio

954 1354 1134 1432 provideri.
1150 1355 1219 1415 Nos
1234 1354 1338 1429 igitur
1360 1372 1418 1432 per
1436 1356 1569 1417 fidelem
1585 1358 1749 1419 narratio·

955 1468 1030 1513 nem
1054 1452 1204 1528 magistri
1226 1453 1343 1528 gratiae
1370 1454 1535 1531 capellani
1557 1456 1679 1528 nostri,
1700 1457 1749 1517 cui

955 1550 1103 1628 eJusdem
1124 1551 1237 1612 clerici
1264 1551 1304 1613 de
1330 1551 1485 1614 mandato
1511 1556 1628 1615 nostro
1655 1568 1749 1631 super

954 1650 1022 1711 toto
1047 1650 1179 1723 negotio
1201 1649 1350 1710 exhibita
1365 1650 1587 1712 instrumenta
1608 1649 1746 1725 fuerunt,

954 1746 1143 1808 demeritis
1167 1747 1273 1824 ipsius
1298 1747 1476 1823 diligenter
1499 1748 1669 1818 instructi,
1690 1766 1747 1811 no·

955 1845 1061 1906 lentes
1083 1846 1235 1906 eumdem
1250 1846 1408 1906 clericum
1433 1847 1488 1923 qui
1510 1863 1604 1923 spem
1628 1847 1671 1908 de
1694 1864 1748 1909 sua

955 1944 1145 2021 provisione
1169 1944 1320 2020 concepit
1348 1944 1505 2006 frustrari
1534 1944 1662 2007 diutius
1687 1962 1747 2007 suae

955 2042 1149 2103 intentionis
1182 2041 1317 2114 effectu,
1344 2058 1419 2104 cum
1448 2059 1516 2104 non
1547 2043 1667 2106 deceat
1695 2060 1747 2105 nos

955 2139 1120 2201 dimittere
1151 2139 1376 2217 inexpletum,
1409 2141 1495 2217 quod
1528 2142 1749 2218 praedecessor

955 2238 1068 2299 noster
1094 2238 1134 2299 de
1162 2238 1234 2315 ipso
1265 2238 1527 2300 misericorditer
1554 2239 1746 2315 inchoatum

955 2335 1148 2398 discretioni
1173 2338 1292 2397 restrae
1319 2352 1378 2413 per
1405 2335 1597 2412 Apostolica
1617 2338 1746 2415 scripta,

955 2434 1043 2495 etc...
1058 2433 1143 2511 quod
1164 2435 1192 2494 si
1206 2432 1371 2510 'praefatus
1393 2433 1618 2495 subdiaconus
1633 2434 1676 2496 ad
1691 2435 1747 2496 boc

954 2532 1093 2593 idoneus
1127 2532 1236 2604 luerit,
1266 2533 1300 2593 et
1331 2531 1557 2594 ecclesiastico
1589 2531 1746 2594 beneficio

955 2646 1021 2690 non
1036 2630 1203 2705 indignus,
1229 2630 1264 2690 in
1286 2630 1397 2706 aliqua
1422 2630 1643 2691 ecclesiarum
1665 2632 1748 2691 Lau·

955 2727 1099 2800 dunen,
1138 2728 1173 2788 in
1210 2729 1409 2804 competenti
1453 2726 1617 2791 beneficio
1660 2744 1745 2806 prae-

955 2824 1088 2886 bendali
1120 2825 1183 2887 sibi
1209 2827 1406 2887 auctoritate
1434 2830 1548 2887 nostra
1576 2827 1746 2903 providere

955 2923 1079 2985 curetis
1096 2922 1137 2983 de
1158 2940 1222 2999 quo
1245 2923 1356 2986 valeat
1374 2923 1545 2985 commode
1557 2925 1744 2995 sustentari,

956 3020 1215 3082 contradictores
1241 3024 1274 3083 et
1297 3021 1437 3082 rebelles
1456 3037 1516 3097 per
1535 3036 1696 3083 censuras
1718 3021 1747 3083 et

955 3118 1177 3196 appellatione
1193 3119 1374 3195 postposita
1392 3120 1642 3195 compescendo.
1660 3117 1745 3191 Quod

955 3217 1061 3277 sinon
1078 3231 1203 3288 omnes,
1216 3217 1304 3278 etc...
1314 3216 1379 3277 dno
1390 3232 1516 3287 eorum,
1531 3218 1622 3277 etc...
1634 3218 1745 3278 Datum

956 3314 1123 3386 Laterani,
1142 3316 1202 3375 Xll
1217 3314 1378 3375 kalendas
1399 3314 1522 3387 martii,
1539 3314 1744 3392 pontificatus

955 3413 1062 3475 nostri
1072 3428 1160 3474 anno
1172 3412 1290 3490 primo.

1245 3644 1453 3732 dcxxiii

954 3819 1006 3879 Ad
1026 3817 1180 3877 adbotcrrr
1194 3815 1227 3877 ct
1241 3816 1447 3877 correctricem
1460 3815 1580 3876 Sancti
1600 3814 1742 3875 erretur

994 3918 1035 3977 dc
1049 3916 1166 3976 Morrtc
1186 3915 1418 3982 Viterlricrrsr's,
1431 3913 1671 3976 Cistercicrrsr's
1684 3926 1742 3973 or-

995 4016 1096 4074 dium.

1239 4196 1272 4253 la
1292 4193 1361 4253 iebr.
1383 4196 1462 4253 1217.

1103 4310 1255 4378 [Bullatium
1267 4311 1428 4363 Vaticanum.
1447 4316 1467 4360 t.
1478 4310 1498 4368 1,
1509 4325 1535 4374 p.
1545 4309 1597 4375 99].

954 4475 1175 4536 concessionem
1200 4472 1437 4545 jurispatronatus
1462 4469 1649 4530 ecclesiastici
1669 4470 1747 4529 bene

989 4565 1047 4622 licii
1064 4565 1092 4621 in
1114 4562 1235 4621 ccclesia
1249 4561 1286 4618 de
1297 4559 1446 4629 llolcbum,
1463 4574 1479 4616 a
1494 4559 1627 4619 lolianus
1639 4560 1746 4634 buglis

990 4669 1060 4727 rege
1085 4652 1187 4710 iactam
1210 4650 1307 4708 lavore
1326 4650 1493 4706 monasterii
1518 4650 1614 4707 Sancti
1639 4648 1747 4708 blurtini

990 4742 1025 4800 de
1038 4744 1144 4811 llontc,
1158 4748 1242 4813 atque
1251 4738 1286 4795 ab
1301 4739 1470 4797 Innocentio
1483 4740 1524 4797 lll
1539 4740 1746 4808 continuatam,

991 4847 1066 4890 novo
1088 4831 1252 4888 corroboret
1266 4828 1424 4901 privilegio.
1444 4830 1498 4900 (Ex
1515 4827 1632 4886 Archiv.
1654 4830 1746 4902 Apost.

990 4920 1082 4979 Vallo.
1114 4920 1144 4975 in
1174 4920 1279 4989 chrst.
1305 4917 1330 4974 l.
1354 4917 1472 4973 lionorii
1494 4917 1545 4975 lIl.
1567 4919 1659 4990 Epist.
1689 4916 1748 4985 278,

991 5007 1039 5069 iol.
1051 5007 1109 5081 37).

995 5170 1163 5234 Honorius
1174 5169 1349 5247 episcopus
1360 5184 1488 5240 servus,
1499 5183 1673 5230 servorum
1683 5167 1750 5237 Dei,

956 5270 1085 5333 dilectis
1120 5268 1199 5328 tlliis
1232 5266 1343 5328 abbati
1370 5266 1403 5327 ot
1428 5267 1607 5327 conventui
1642 5267 1751 5330 Sancti

956 5369 1092 5430 Martini
1106 5366 1147 5427 de
1162 5367 1273 5426 Monte
1284 5363 1478 5435 viterbien„
1492 5364 1688 5427 Cistercieu.
1705 5382 1754 5428 or·

956 5467 1059 5539 dinis,
1081 5465 1223 5526 salutem
1247 5464 1280 5523 et
1302 5461 1525 5538 apostolicam
1549 5462 1754 5527 benedictio·

956 5582 1099 5727 nettlrstis
1123 5658 1305 5741 petentium
1333 5656 1512 5720 desideriis
1545 5658 1684 5737 dignum
1704 5662 1755 5725 est
