3802 6166
109 310 169 373 357
291 306 468 370 11111-
490 307 535 369 IN
558 306 687 369 FESTO
711 298 1017 371 conbusserunt
1040 306 1284 371 SUMMORUM
1306 304 1577 371 Pon’rrl'lcum.

106 467 282 554 justorum,
312 466 536 530 damnationis
561 467 595 530 et
621 458 813 543 ¹ignominiae
842 464 910 528 lni-

107 580 259 643 quorum,
289 565 476 628 dulcedinis
510 566 544 627 et
570 565 696 626 amoris
727 566 907 642 justorum.

109 664 352 725 Remuneratur
365 666 476 725 autem
491 662 623 741 justitia
638 664 748 739 operis
763 665 797 726 et
811 664 910 741 puri-

108 761 160 822 tas
172 759 295 822 cordis.

149 858 277 919 Redeat
304 856 445 936 quisque
468 854 510 918 ad
534 857 773 920 conscientiam
799 872 904 919 suam.

108 956 183 1027 Sed,
198 971 218 1016 o
231 970 290 1016 vos
302 957 505 1032 peccatores,
518 956 622 1017 redite
633 955 674 1017 ad
690 972 765 1031 cor;
780 955 910 1033 quaerat

110 1052 337 1130 unusquisque
354 1052 498 1114 latebras
518 1054 756 1129 cogitationum
772 1069 908 1114 suarum

110 1152 141 1212 et
152 1150 275 1211 seriem
292 1150 454 1212 factorum
471 1168 619 1224 suorum,
642 1168 709 1213 non
725 1152 802 1229 quid
821 1151 909 1213 sitsi

105 1252 176 1325 jam
185 1249 310 1326 aliquid
318 1251 379 1321 est,
392 1250 449 1311 sed
460 1250 516 1327 qui
526 1249 905 1327 fueriiutassetaliquid,

110 1348 142 1408 et
153 1347 300 1408 inveniet
314 1363 381 1409 non
398 1363 433 1408 se
448 1347 584 1423 dignum
598 1347 663 1408 nisi
676 1348 850 1425 supplicio.
868 1348 904 1409 Si

109 1460 187 1520 ergo
214 1444 376 1521 supplicio
398 1444 517 1521 dignus
541 1441 633 1507 fuisti
657 1446 690 1507 et
714 1445 907 1507 misericors

107 1542 195 1602 Deus
207 1557 274 1602 non
285 1541 415 1619 punivit
422 1542 604 1618 peccatum,
617 1542 675 1602 sed
686 1541 823 1604 donavit
832 1559 907 1618 gra·

108 1639 201 1710 tiam,
212 1639 319 1715 gratia
327 1638 388 1700 tibi
398 1638 474 1701 data
482 1642 543 1711 est,
556 1654 756 1701 nonmerces
765 1640 905 1702 reddita.

110 1735 204 1797 Unde
219 1738 361 1798 vocatur
380 1736 499 1812 gratia,
513 1737 590 1814 quia
603 1737 708 1812 gratis
722 1737 810 1799 data.
831 1740 906 1800 Non

109 1833 196 1894 enim
209 1833 472 1911 praecedentibus
482 1834 609 1896 meritis
618 1835 731 1897 emisti
742 1835 829 1913 quod
843 1851 905 1897 ac-

109 1931 237 2007 cepisti,
264 1930 322 1992 sed
345 1945 405 2009 per
427 1931 606 1993 indebitam
632 1932 774 2009 gratiam
800 1933 906 1995 bonus

109 2029 196 2090 Deus
206 2027 266 2089 tibi
277 2028 412 2089 donavit
426 2029 483 2105 qui
497 2029 583 2090 dona
596 2045 656 2090 sua
670 2030 704 2090 in
713 2031 747 2092 te
761 2046 906 2092 corona-

109 2127 166 2188 vit
181 2126 325 2187 Coronat
340 2125 430 2186 euim
451 2128 539 2187 Deus
553 2127 589 2187 in
601 2126 697 2188 nobis
711 2127 797 2189 dona
812 2129 908 2189 mise·

109 2223 263 2285 ricordiae
279 2239 360 2295 suae,
379 2223 408 2283 si
427 2223 588 2285 tamenin
607 2225 715 2300 gratia
732 2241 830 2302 quarn
850 2241 909 2287 ac-

108 2321 277 2397 cepimus,
322 2322 575 2398 perseveranter
613 2321 905 2384 ambulaverimus.

109 2419 203 2481 Unde
223 2418 422 2493 Apostolus:
444 2419 568 2480 Gratia
583 2421 648 2481 Dci
670 2423 706 2480 ia
722 2435 778 2482 ale
796 2435 908 2483 oacaa

108 2531 178 2578 aaa
195 2517 262 2590 rati
282 2513 311 2594 (l
335 2518 408 2577 Cor.
425 2532 480 2587 xv,
505 2514 568 2595 10).
588 2517 692 2579 Nemo
712 2518 800 2578 enim
825 2518 905 2578 mit·

107 2613 182 2674 tens
196 2628 330 2673 manum
345 2612 386 2673 ad
401 2613 549 2673 aratrum
564 2614 597 2674 et
615 2613 797 2691 respiciens
817 2616 906 2675 retro

109 2712 206 2787 aptus
230 2711 280 2771 est
305 2725 407 2785 regno
427 2709 497 2782 Dei,
523 2710 581 2770 sed
607 2710 665 2787 qui
684 2711 904 2788 posteriorum

108 2805 232 2869 oblitus
246 2806 282 2869 in
292 2807 460 2869 anteriora
473 2823 509 2868 sa
520 2806 674 2879 ostendit,
690 2808 723 2870 θῖ
735 2808 792 2887 qui
802 2811 906 2871 multa

110 2903 189 2966 fecit
203 2903 295 2966 nulla
309 2902 428 2966 fecisse
443 2903 506 2965 sibi
522 2904 684 2978 videatur,
701 2907 784 2967 etse
800 2907 904 2969 inuti-

110 3003 173 3063 lem
190 3018 322 3064 servum
338 3002 469 3079 reputet
479 3002 660 3063 secundum
671 3003 753 3065 illud
768 3020 776 3059 ε
792 3021 810 3064 a
825 3006 906 3065 Cum

106 3101 223 3162 omnia
254 3098 486 3161 benefeceritis
509 3099 621 3168 dicite,
649 3100 739 3161 servi
768 3100 905 3163 inutiles

109 3213 235 3269 sumus,
245 3196 330 3274 quod
342 3196 514 3258 debuimus
526 3197 637 3259 facere
651 3214 712 3259 nos
726 3197 906 3261 fecimus.»

109 3294 204 3374 (Luc.
226 3310 308 3366 xvu,
337 3293 402 3374 10.)
423 3296 499 3355 Non
523 3295 612 3356 enirn
637 3300 714 3356 sunt
733 3296 906 3373 condignae

108 3393 282 3471 passiones
303 3391 403 3470 bup‘us
424 3393 584 3470 temporis
605 3391 647 3453 ad
667 3392 812 3455 futuram
833 3394 907 3469 glo-

108 3488 205 3550 riam.
226 3490 331 3550 Nemo
349 3489 452 3565 igitur
476 3490 579 3566 jactet
595 3490 714 3551 merita
743 3507 820 3565 sua3
840 3506 906 3552 non

109 3586 324 3665 supercilium
341 3602 453 3647 sumas
474 3587 513 3647 de
533 3586 736 3663 perfectione
753 3589 823 3659 tua,
849 3588 906 3648 sed

109 3686 231 3761 quanto
255 3686 374 3758 major,
400 3683 494 3755 idest,
521 3684 699 3762 perfectior
725 3701 773 3756 es,
796 3685 908 3746 bumi-

107 3781 154 3842 lia
174 3783 208 3843 te
223 3783 258 3843 in
275 3780 445 3856 omnibns3
461 3781 633 3843 humilitas
652 3781 741 3844 enim
763 3784 814 3844 est
829 3799 907 3861 per-

108 3877 263 3941 fectionis
278 3878 423 3941 alumna.

149 3977 245 4039 Unde
258 3978 300 4038 ad
313 3992 386 4038 eam
397 3993 457 4038 nos
470 3976 659 4053 specialiter
671 3977 827 4039 admonet
836 3981 904 4040 Do-

109 4075 231 4146 minus,
243 4075 357 4135 dicens
371 4096 378 4135 :
395 4076 523 4136 Discite
533 4091 555 4136 a
566 4079 710 4149 mcpma
719 4078 907 4138 mitiacum

110 4173 144 4233 ei
159 4176 297 4235 isaaritis
311 4175 412 4233 corde
428 4170 558 4250 (matth.
581 4189 629 4244 ru,
648 4172 714 4249 29).
736 4174 776 4236 Εῖ
800 4173 904 4235 item:

108 4272 353 4332 Hamiltamiat
369 4273 431 4331 aab
443 4269 576 4344 potenti
589 4285 696 4331 marva
711 4275 775 4332 Dat
790 4270 820 4350 (l
834 4274 903 4333 Pet.

106 4382 140 4438 v,
157 4366 203 4445 6).
218 4370 312 4428 Hauc
327 4367 467 4444 requirit
481 4383 500 4427 a
515 4367 547 4429 te
569 4370 656 4428 Deus
671 4384 746 4428 cum
766 4368 905 4431 fioribus

107 4463 251 4525 aliarum
266 4465 435 4535 virtutum,
455 4464 544 4532 fidei,
564 4464 647 4541 spei,
669 4466 703 4526 et
717 4465 902 4533 charitatis.

107 4565 140 4624 et
160 4562 364 4639 hujusmodi.
389 4562 431 4623 Hi
446 4564 524 4623 sunt
539 4562 639 4623 flores
659 4563 716 4640 qui
734 4578 904 4641 apparue-

107 4662 185 4721 runt
198 4660 335 4721 interra
350 4661 475 4731 nostra,
488 4659 585 4731 idest,
607 4659 642 4721 in
662 4662 771 4722 mente
784 4660 904 4723 humili

106 4758 140 4819 et
153 4757 283 4819 devota.
300 4758 379 4817 Haec
394 4757 470 4817 sunt
482 4757 661 4818 medullata
671 4758 848 4830 sacrificia,
863 4758 903 4819 de

106 4854 225 4933 quibus
241 4853 430 4930 Propheta:
447 4870 465 4913 s
483 4854 662 4916 Medullata
677 4855 843 4916 sacrificia
858 4856 905 4917 of·

107 4951 211 5013 feram
226 4950 285 5013 tibi
299 4950 368 5030 (Ρε.
385 4951 435 5021 65,
461 4949 524 5029 15).
540 4953 620 5012 Haec
639 4953 716 5013 sunt
735 4954 903 5029 unguenta

963 470 1056 529 ctum
1074 469 1185 530 masaa
1208 468 1445 540 borzorillcabit
1459 483 1525 529 aaa.
1551 466 1625 529 Non
1641 470 1761 547 quaerit

966 564 1123 625 Dominus
1136 565 1295 626 animalia
1309 564 1368 626 illa
1384 582 1457 642 quae
1477 565 1703 627 offerebantur
1716 567 1759 630 ad

965 677 1041 722 aras
1056 662 1245 738 aliquando.
1272 662 1326 722 Nil
1348 664 1415 724 tale
1441 662 1575 725 offeras.
1594 666 1631 724 ln
1652 666 1685 726 te
1710 664 1761 727 θεῖ

965 759 1050 835 quod
1065 760 1185 820 reddas
1200 761 1234 822 et
1248 760 1380 821 offeras.
1402 762 1449 821 De
1472 760 1583 822 cordis
1603 777 1663 822 ara
1678 778 1760 839 pro·

964 856 1031 917 fers
1041 856 1150 918 laudis
1161 858 1344 920 incensum.
1355 858 1546 921 becellaria
1556 859 1761 922 bonaecons-

964 954 1095 1018 cientiae
1109 955 1239 1033 profers
1261 956 1338 1018 fidei
1357 956 1569 1017 sacrificium.
1596 958 1760 1036 Quidquid

964 1052 1111 1129 profers,
1137 1055 1283 1115 accende
1311 1054 1526 1127 charitatem,
1552 1070 1629 1116 ama
1657 1059 1769 1117 Deum·

963 1152 1067 1222 tuum,
1084 1166 1181 1212 nemo
1196 1151 1257 1213 tibi
1271 1151 1333 1213 boc
1348 1152 1458 1229 eripit,
1470 1153 1548 1229 quia
1563 1154 1599 1214 tu
1609 1152 1693 1214 illud
1708 1169 1756 1226 es,

963 1263 1061 1309 namo
1074 1248 1194 1321 aufert,
1211 1249 1289 1327 quia
1303 1250 1394 1311 cordi
1409 1249 1574 1311 inclusum
1587 1253 1647 1313 est.

1002 1345 1051 1407 Ad
1064 1345 1152 1408 hunc
1175 1347 1308 1407 modum
1322 1346 1441 1424 vigilat
1454 1347 1488 1409 et
1507 1349 1649 1424 vigilare
1664 1346 1761 1411 debet

963 1441 1073 1513 borno,
1104 1443 1248 1504 maxime
1277 1443 1466 1504 sacerdotes
1492 1444 1525 1505 et
1552 1444 1677 1516 clerici,
1703 1444 1761 1522 qui

963 1540 1047 1600 alios
1060 1539 1121 1601 sub
1136 1557 1172 1602 se
1190 1540 1323 1602 babent.
1337 1544 1415 1613 Quae
1431 1540 1519 1601 enirn
1534 1545 1643 1618 major
1657 1542 1760 1603 mise-

962 1637 1108 1698 ricordia
1130 1638 1187 1701 aut
1208 1638 1326 1715 pictas,
1344 1654 1442 1715 quam
1457 1639 1588 1699 animas
1608 1640 1759 1700 morien·

962 1734 1045 1794 tium
1072 1735 1278 1797 subditorum
1311 1736 1506 1805 vivificare,
1536 1736 1687 1798 errantes
1717 1736 1761 1799 ad

962 1831 1051 1892 viam
1064 1833 1201 1910 justitiae
1214 1833 1384 1905 reducere,
1399 1832 1522 1895 fractos
1536 1834 1757 1906 consolidare,

963 1931 1096 1991 moestos
1112 1931 1145 1991 et
1168 1947 1332 2008 pauperes
1356 1931 1542 1992 consolarit
1569 1931 1757 1994 Sacerdotis

962 2025 1109 2087 officium
1124 2028 1175 2090 θεῖ
1188 2028 1332 2090 hostiam
1346 2028 1467 2090 offerre
1483 2031 1562 2097 Deo,
1578 2029 1761 2090 secundum

961 2122 1100 2183 verbum
1115 2124 1265 2201 Apostoli
1281 2124 1421 2186 dicentis
1438 2146 1445 2185 :
1463 2126 1582 2186 Omma
1597 2127 1760 2199 pontisas·

962 2234 1008 2281 aa
1022 2224 1214 2282 leonantius
1224 2223 1423 2297 assumptas
1434 2222 1658 2283 corastitaitar
1671 2225 1707 2283 ia
1717 2225 1761 2284 its

961 2332 1038 2391 aaa
1049 2318 1132 2378 ararit
1143 2322 1187 2379 ad
1203 2323 1314 2380 Daam
1333 2320 1370 2380 at
1390 2319 1515 2394 optarat
1533 2321 1708 2391 sacrificia
1726 2319 1761 2380 ei

963 2415 1146 2476 ablationes
1162 2414 1275 2494 (Hebr.
1292 2434 1323 2488 v,
1340 2415 1383 2495 1).
1409 2416 1596 2478 Sacerdotis
1612 2415 1758 2477 officium

962 2511 1012 2571 est
1026 2512 1129 2571 Deum
1140 2511 1286 2588 quotidie
1301 2529 1360 2590 pro
1376 2513 1497 2589 populo
1507 2512 1570 2573 sibi
1582 2512 1758 2574 commisso

962 2622 1113 2679 exorare,
1131 2608 1406 2686 secundumquod
1428 2609 1575 2686 legitur:
1596 2612 1757 2671 ‹Exora-

961 2701 1240 2777 vitAltissimum,
1266 2708 1299 2767 et
1320 2707 1476 2768 iuventus
1499 2708 1550 2767 ast
1563 2706 1598 2766 in
1619 2722 1757 2769 numero

961 2803 1195 2872 sanctorum.»
1217 2803 1405 2865 Sacerdotis
1429 2803 1576 2865 officium
1596 2806 1646 2866 est
1660 2804 1758 2882 judi·
1888 2852 1893 2865 .

961 2913 1039 2961 care
1051 2898 1138 2961 inter
1153 2899 1280 2977 lepram
1295 2901 1327 2964 θῖ
1346 2901 1484 2978 lepram,
1499 2902 1532 2963 et
1551 2901 1639 2963 inter
1659 2916 1760 2963 sanct-

961 2997 1030 3057 tum
1045 2998 1078 3059 θῖ
1091 2999 1311 3075 prophanum.
1329 3000 1422 3060 Unde
1437 2999 1563 3061 dictum
1581 3000 1633 3061 est
1647 3000 1759 3076 lepro-

962 3093 1031 3154 sis:
1054 3096 1107 3156 fte
1126 3097 1294 3158 ostcadite
1317 3112 1378 3158 vos
1402 3097 1637 3159 sacerdotibus
1663 3095 1756 3175 (Luc.

961 3206 1044 3263 xvir,
1063 3190 1127 3271 14).
1152 3193 1339 3255 Sacerdotis
1355 3194 1501 3255 officium
1516 3196 1566 3256 est
1587 3195 1758 3256 discordes
1883 3248 1888 3259 .

961 3288 1003 3349 ad
1019 3291 1230 3353 concordiam
1247 3292 1477 3359 reconciliare,
1494 3292 1650 3368 quoniam
1668 3292 1756 3354 dici-

961 3389 1015 3448 tur
1038 3388 1123 3463 quod
1151 3388 1185 3448 in
1208 3391 1355 3465 tempore
1370 3388 1553 3450 iracundiae
1577 3388 1683 3451 factus
1708 3391 1759 3453 est

961 3485 1200 3556 reconciliatio,
1217 3488 1250 3546 et
1263 3486 1338 3547 ideo
1359 3486 1449 3546 dedit
1469 3486 1503 3546 ei
1521 3488 1680 3547 Dominus
1695 3487 1758 3548 be-

961 3581 1182 3643 nedictionem
1202 3583 1349 3644 omnium
1364 3583 1512 3657 gentium
1531 3583 1565 3645 θῖ
1582 3582 1758 3645 beatifica-

961 3679 1010 3740 vit
1027 3678 1120 3739 illurn
1145 3679 1180 3740 in
1194 3680 1314 3754 gloria.
1340 3681 1414 3742 lam
1438 3679 1641 3743 beatificavit
1663 3680 1759 3743 illum

961 3776 995 3836 in
1011 3777 1134 3848 anima,
1152 3777 1208 3837 sed
1225 3776 1259 3837 in
1275 3776 1385 3839 futuro
1399 3778 1602 3840 beatificabit
1615 3778 1757 3843 illumin

962 3890 1111 3951 corpore.

1002 3972 1114 4033 Sancti
1140 3988 1284 4049 namque
1309 3972 1474 4050 triplicem
1502 3970 1756 4049 glorificationis

962 4070 1080 4131 stolam
1095 4069 1273 4132 habebunt.
1289 4071 1401 4131 Prima
1416 4077 1467 4133 est
1478 4072 1690 4144 innocentia,
1703 4087 1758 4133 se-

961 4166 1068 4227 cunda
1079 4166 1207 4242 gratiae,
1224 4167 1323 4228 tertia
1345 4182 1425 4230 vero
1440 4167 1567 4245 gloriae.
1587 4171 1634 4230 De
1649 4171 1757 4247 prima

961 4264 1048 4325 dicet
1061 4265 1156 4342 pater
1172 4264 1213 4325 ad
1240 4280 1355 4325 servos
1379 4280 1457 4327 suos
1483 4267 1581 4328 :Cito
1598 4267 1757 4342 proferte

959 4362 1083 4424 stolam
1092 4364 1257 4436 primam,
1274 4364 1307 4423 et
1322 4363 1453 4425 trtdaite
1475 4367 1570 4425 ittam
1586 4363 1682 4443 (Luc.
1698 4380 1754 4437 xv,

959 4458 1024 4537 22).
1037 4459 1098 4531 Qui
1112 4458 1193 4519 dicit
1201 4463 1367 4534 primam,
1379 4461 1545 4536 significat
1552 4465 1755 4533 caciaredam,

959 4573 1036 4617 narn
1065 4556 1207 4634 primum
1227 4556 1350 4619 dicitur
1369 4558 1404 4618 in
1426 4559 1580 4635 respectu
1603 4558 1752 4619 secundi.

959 4656 1005 4715 De
1020 4654 1118 4716 tertia
1134 4670 1213 4715 vero
1229 4654 1350 4730 legitur
1366 4677 1374 4715 ε
1391 4658 1531 4717 Amavit
1545 4671 1625 4717 eam
1638 4658 1755 4716 Domi·

958 4767 1025 4814 raim
1042 4753 1076 4814 cf
1091 4754 1230 4814 opilavit
1251 4756 1481 4825 commotam
1498 4755 1620 4829 ptorioe
1642 4753 1755 4814 indicit

958 4864 1037 4910 eam
1053 4846 1168 4927 (Docli.
1185 4865 1262 4918 unv,
1276 4848 1321 4929 9).
1336 4852 1415 4910 Haec
1429 4850 1552 4927 triplex
1566 4849 1651 4911 stola
1666 4850 1756 4911 lava·
1821 4862 1824 4869 ’
1879 4876 1883 4883 ·

958 4948 1012 5008 tur
1039 4947 1075 5008 in
1090 4947 1212 5024 triplici
1240 4948 1393 5018 lavacro,
1422 4947 1561 5019 scilicet,
1592 4948 1751 5022 fluminis,

106 5049 307 5126 inquorum
335 5049 436 5109 odore
461 5064 583 5125 sponsa
605 5065 743 5111 currens
764 5049 903 5112 comita·
957 5045 1102 5106 flaminis
1126 5046 1159 5106 θῖ
1188 5043 1372 5120 sanguinis,
1399 5060 1457 5105 seu
1484 5046 1595 5122 potius
1618 5047 1675 5107 ille
1702 5047 1755 5108 la·

106 5147 160 5206 tur
171 5161 342 5223 sponsum.
360 5145 454 5207 Unde
465 5146 537 5223 ipsa
549 5146 586 5207 in
600 5147 765 5208 Canticisz
780 5152 903 5210 Garra-

958 5144 1055 5204 vatur
1069 5142 1124 5220 qui
1145 5142 1240 5204 stolis
1258 5142 1408 5204 induitur
1424 5142 1459 5204 in
1475 5144 1638 5220 sanguine
1652 5144 1750 5220 rigni,

105 5259 183 5305 raas
218 5245 256 5304 ia
291 5246 432 5305 odorem
467 5244 724 5320 aiipaentomm
757 5260 902 5306 suorum
957 5242 1034 5318 quia
1059 5240 1167 5302 omnis
1191 5241 1402 5310 innocentia,
1428 5243 1537 5304 omnis
1562 5244 1689 5319 gratia,
1720 5245 1753 5303 et

107 5339 214 5417 (Cant.
225 5355 248 5411 1,
259 5337 306 5418 3).
319 5342 425 5401 Penes
440 5340 473 5402 te
483 5355 562 5417 ergo
575 5340 679 5401 habes
692 5342 778 5418 quod
789 5343 903 5403 Domi·
957 5337 1064 5397 omnis
1087 5336 1195 5411 gloria
1223 5337 1274 5398 est
1303 5353 1323 5399 a
1358 5338 1513 5415 passione
1544 5339 1677 5400 Christi.
1714 5344 1753 5403 Et

106 5454 167 5498 nus
183 5437 254 5499 vult
269 5454 289 5499 a
303 5440 337 5498 te
352 5436 467 5501 offerri
482 5438 663 5499 secundum
678 5439 777 5500 illud:
789 5444 832 5501 Ia
846 5456 902 5503 mc
948 5434 1129 5511 ‘notaquod
1144 5433 1195 5495 est
1206 5435 1343 5511 sanguis
1356 5437 1473 5514 culpae,
1484 5436 1621 5512 sanguis
1631 5453 1749 5514 poenae,

104 5537 197 5607 aunt,
213 5537 317 5606 Deus,
331 5537 412 5596 coia
425 5550 503 5608 paoe
517 5538 671 5607 reddam,
687 5538 901 5600 laudationes
956 5532 988 5593 et
1009 5532 1146 5608 sanguis
1170 5533 1288 5594 veniae.
1319 5535 1365 5595 Ι)θ
1385 5535 1492 5611 primo
1520 5535 1683 5611 sanguine
1702 5536 1755 5599 le-

105 5634 165 5695 ttbi
177 5631 248 5713 (Pe.
264 5632 314 5704 55,
328 5630 392 5711 12.)
408 5633 448 5693 nt
461 5630 542 5693 alibi
557 5631 715 5693 Dominus
731 5654 738 5694 :
754 5636 901 5708 Sacrifi—
955 5629 1062 5704 gitur:
1079 5631 1228 5705 Sarapias
1241 5635 1448 5709 saapaiaem
1462 5633 1575 5708 tatipit
1588 5631 1687 5712 (Osee
1702 5649 1747 5706 rv,
