3802 6166
124 285 187 360 ⁴0³

162 444 482 507 Interdlclmusvero
496 444 673 523 episcopis,
683 446 717 508 et
727 444 804 508 aliis
819 446 922 509 eecle-

123 543 248 603 siarum
282 543 440 619 praelatis
473 542 540 603 nisi
573 544 705 605 servato
738 544 920 607 evectionis

14 678 18 685 -
122 656 272 711 numero,
288 640 323 701 in
338 641 554 701 Lateranensi
572 641 713 703 concilio
728 642 918 714 constituto,

121 737 157 799 in
183 738 302 799 restris
326 738 537 799 monasteriis
551 737 726 816 hospitari.
748 739 796 800 hd
818 755 922 816 gran-

120 835 194 911 gias
209 838 318 897 autem
333 838 473 908 vestras,
489 839 522 898 et
536 838 576 898 ad
597 840 708 899 curtes
730 837 920 914 hospitandi

121 932 240 1008 gratia,
259 948 325 994 non
339 933 406 993 nisi
417 933 450 993 in
462 950 583 1010 magna
598 934 799 997 necessitate
814 933 921 996 diver·

122 1030 214 1104 tant3
230 1032 263 1091 et
275 1033 352 1092 tunc
367 1032 513 1094 contenti
526 1032 593 1094 sint
609 1032 756 1109 ipsarum
771 1033 920 1093 mansio-

122 1142 202 1188 num
226 1128 361 1189 cihariis
374 1130 553 1201 consuetis,
571 1145 646 1191 cum
665 1130 850 1199 honestate,
865 1130 921 1192 at·

120 1240 185 1303 que
202 1226 341 1288 caritate
356 1226 526 1289 exhibitis.
543 1228 635 1290 Nulli
650 1231 761 1292 autern
776 1227 920 1290 seculari

123 1338 273 1401 personae
285 1325 337 1386 vel
351 1325 597 1399 ecclesiasticae,
618 1326 654 1387 in
672 1326 785 1404 aliqua
806 1325 923 1387 domo-

120 1436 196 1482 rum
221 1426 409 1484 vestrarum
433 1422 533 1486 liceat
557 1424 714 1485 carnibus
732 1424 834 1496 vesci,
854 1423 922 1485 nisi

121 1518 289 1582 manifesti
304 1521 513 1597 aegritudinis
529 1538 642 1594 causa,
657 1523 689 1584 et
703 1522 739 1583 in
754 1522 835 1583 solis
849 1537 923 1583 mo-

121 1617 279 1678 nasteriis
294 1618 568 1680 conventualibus
583 1620 716 1681 vestris.

163 1713 381 1776 Prohibemus
400 1715 538 1793 insuper
563 1732 605 1777 ne
629 1716 742 1793 aliqua
766 1732 919 1793 persona,

121 1810 243 1873 fratres
267 1812 395 1873 ordinis
414 1814 518 1875 vestri
542 1814 664 1876 audeat
686 1814 727 1875 ad
756 1814 921 1875 secularia

118 1909 250 1987 justitia
266 1925 448 1987 provocare
466 1927 473 1971 :
490 1912 546 1973 sed
559 1912 587 1973 si
603 1912 678 1990 quis
690 1912 850 1973 adversus
863 1928 922 1973 vos

123 2006 250 2082 aliquid
277 2007 340 2068 sibl
361 2009 549 2081 crediderit,
569 2010 608 2071 de
626 2011 703 2087 jure
723 2012 919 2086 competere,

122 2103 183 2164 sub
198 2105 416 2168 ecclesiastici
429 2108 583 2168 examine
591 2107 712 2185 judicii
727 2106 922 2184 experiendi

124 2199 247 2263 haheat
261 2201 462 2265 facultatem.
485 2205 626 2267 Licitum
647 2205 810 2281 praeterea
829 2204 922 2265 vobis

124 2298 212 2360 sitin
226 2300 338 2361 causis
353 2302 614 2374 vestris,iratres
628 2304 757 2364 vestros
772 2302 920 2373 idoneos,

124 2395 166 2457 ad
189 2397 431 2461 testificandum
455 2399 631 2473 adducere,
651 2400 685 2461 et
699 2416 813 2462 eorum
828 2399 924 2461 testi-

123 2494 236 2555 monio
251 2496 470 2559 sicutrectum
480 2497 590 2570 suerit,
603 2500 635 2559 et
646 2498 842 2575 propulsare
850 2498 925 2558 vio-

125 2590 272 2665 lentiam,
290 2595 323 2655 et
328 2595 492 2672 justitiam
507 2596 689 2656 vindicare.
705 2594 923 2657 l’rohihemus

125 2704 255 2767 quoque
279 2708 321 2753 ne
342 2692 478 2755 cuilibet
496 2693 732 2754 ecclesiasticae
753 2692 806 2754 vel
822 2707 922 2753 secu-

123 2785 188 2848 lari
201 2804 351 2864 personas
363 2790 413 2851 fas
428 2792 519 2853 sitin
532 2791 827 2863 ecclesiisvestris,
842 2805 926 2852 con·

123 2886 177 2946 tra
207 2886 331 2949 statuta
365 2889 601 2950 Lateranensis
633 2889 783 2955 Concilii.
811 2887 924 2950 talliae

125 2996 283 3045 exercere
298 2984 350 3045 vel
364 2986 527 3061 quaslibet
541 2986 626 3047 alias
641 2985 736 3048 vohis
751 2986 880 3063 ineptas
891 2987 925 3047 et

123 3078 258 3157 iniquas
279 3084 471 3145 exactiones
492 3084 673 3161 imponere.
694 3083 924 3146 interdicimus

125 3177 226 3239 etiam
240 3178 334 3240 vobis
353 3197 395 3241 ne
415 3181 515 3253 seras,
532 3197 622 3252 aves,
639 3197 751 3253 canes,
768 3181 838 3242 sive
853 3196 924 3241 ce-

124 3276 196 3336 tera
211 3275 401 3355 hujusmodi
419 3279 624 3342 curiositatis
638 3280 797 3341 animalia
813 3295 926 3357 aquo-

125 3372 206 3436 libct
225 3376 400 3438 nutrienda
418 3378 489 3439 sive
508 3378 725 3440 custodienda
743 3377 776 3438 in
794 3378 926 3440 detrac-

123 3470 248 3534 tionem
259 3475 361 3536 vestri
376 3475 503 3537 ordinis
518 3476 689 3554 suscipere
699 3475 926 3554 praesumatis.

167 3573 271 3632 Porro
283 3574 320 3633 ut
340 3574 484 3651 quietius
498 3576 566 3635 Deo
581 3575 709 3635 servire
723 3573 873 3651 possitis,
893 3573 927 3635 et

125 3668 335 3731 discurrendi
358 3688 378 3732 a
403 3671 498 3734 vobis
527 3672 710 3733 necessitas
738 3670 922 3741 auferatur,

127 3768 284 3843 praesenti
301 3770 424 3846 scripto
444 3770 599 3831 duximus
619 3768 868 3843 indulgendum,
890 3769 927 3830 ut

128 3863 158 3925 si
174 3865 338 3942 episcopis
349 3867 480 3938 vestris,
491 3869 548 3928 aut
559 3866 723 3927 malitiose
734 3865 924 3927 differentl-

126 3960 200 4033 hus,
210 3963 263 4023 vel
276 3979 336 4040 pro
346 3966 437 4041 justo
453 3964 688 4041 impedimento
703 3979 769 4024 non
781 3962 926 4024 velenti-

126 4057 201 4130 bus,
227 4060 467 4133 ordinationes,
495 4063 529 4122 et
551 4063 673 4122 caetera
698 4059 926 4121 ecclesiastica

127 4156 387 4232 mysteriarchis
396 4157 925 4236 conferre,aliquemepiscopum,

128 4253 169 4315 de
182 4257 277 4332 cujus
288 4253 537 4318 ordinationeet
548 4254 659 4317 osllcio
668 4255 767 4332 plena
779 4254 824 4317 sit
833 4254 927 4317 vobis

127 4352 257 4424 notitia,
274 4352 437 4430 hospitem
453 4370 512 4417 vos
532 4354 656 4416 hahere
678 4354 867 4430 contigerit,
884 4352 928 4413 li-

128 4450 244 4512 berum
271 4451 316 4512 sit
338 4451 432 4513 vobis
459 4451 501 4513 ah
520 4468 560 4513 eo
584 4454 617 4514 et
640 4452 880 4523 ordinationes,
896 4452 929 4512 et

127 4551 249 4612 cetera
274 4552 484 4611 sacramenta
507 4550 694 4626 suscipere,
717 4551 795 4610 dum
816 4552 928 4611 tamen

127 4636 928 4725 dioecesaioepiscopopraejudiciumnondebeat

126 4762 300 4822 generare.
316 4746 482 4808 Praeterea
498 4744 712 4823 postulationi
725 4745 844 4806 vestra>
860 4745 931 4805 cle-

128 4845 272 4906 mentius
291 4844 444 4906 inclinati
460 4844 616 4921 praeseuti
638 4843 760 4919 pagina
773 4842 929 4904 duximus

127 4940 355 5014 inhibendum,
393 4958 435 5003 ne
463 4943 537 5019 quis
572 4940 844 5018 archiepiscopus
875 4939 928 5000 rel

127 5038 303 5115 episcopus
313 5045 372 5100 aut
382 5056 496 5101 eorum
505 5039 677 5109 oltlclales,
690 5037 851 5100 ecclesias
860 5054 931 5100 res-

128 5136 209 5207 tras,
229 5152 289 5197 sen
303 5137 475 5213 regulares
500 5152 660 5213 personas
674 5152 789 5197 earum
804 5135 929 5212 absque

129 5233 318 5303 manifesta,
335 5236 368 5297 et
388 5234 580 5296 rationabili
596 5250 697 5295 carisa
713 5232 925 5305 interdicere,

129 5348 189 5393 seu
199 5331 402 5408 suspendere
416 5333 605 5408 praesumat,
622 5332 680 5392 sed
695 5332 723 5392 si
740 5332 818 5408 quid
834 5331 931 5392 ineis

130 5429 931 5505 ineritcorrigendum,adaudlentiamgeneralis

130 5526 267 5603 capituli
290 5527 619 5587 praemonstratensis
643 5528 818 5598 reseratur,
835 5528 868 5587 et
887 5526 931 5586 lbi

129 5628 230 5707 prout
237 5625 379 5703 justitiae
392 5626 426 5687 et
436 5624 600 5687 honestati
612 5624 814 5701 congruerit,
824 5639 935 5685 emen·

733 286 909 349 HONORII
931 287 977 349 111
997 288 1146 349 OPERA.

1715 288 1775 349 404

974 446 1081 509 detur.
1098 448 1202 509 Porro
1216 445 1246 507 sl
1257 446 1314 525 qni
1331 445 1480 524 episcopi
1491 448 1550 509 ant
1563 461 1683 508 eorum
1702 446 1777 507 oltl-

975 544 1077 609 ciales
1104 544 1140 605 in
1167 559 1328 623 personas
1352 547 1482 606 vestras
1509 544 1564 606 vel
1595 543 1776 617 ecclesias,

974 643 1172 703 sententiam
1196 642 1343 719 aliquam
1365 645 1482 703 contra
1499 641 1691 703 libertatem
1708 641 1777 703 eis-

975 740 1048 801 dem
1070 756 1090 801 a
1110 740 1411 817 predecessoribus
1426 740 1558 811 vestris,
1578 740 1633 800 vel
1649 755 1670 799 a
1686 738 1778 801 nobis

976 839 1139 899 indultam
1163 839 1457 915 promulgaverint,
1475 837 1628 899 eamdem
1644 839 1778 899 senten-

975 937 1067 1006 tiam,
1080 938 1238 1013 tanquam
1251 940 1366 998 contra
1383 936 1478 997 Sedis
1499 935 1703 1012 Apostolicae
1728 935 1779 995 in·

975 1033 1068 1096 dulta
1082 1034 1256 1110 prolatam,
1273 1034 1450 1095 statuimus
1473 1032 1690 1095 irritandam.
1718 1035 1778 1093 De-

976 1132 1142 1193 cernimus
1169 1147 1260 1208 ergo,
1282 1132 1319 1193 ut
1343 1131 1427 1193 nulli
1449 1132 1585 1193 omnino
1607 1131 1777 1191 hominum

976 1229 1076 1291 liceat
1090 1230 1249 1291 ecclesias
1272 1230 1402 1291 vestras
1416 1230 1542 1291 temere
1566 1228 1774 1306 perturbare,

975 1329 1034 1389 aut
1047 1343 1163 1389 earum
1175 1328 1404 1405 possessiones
1419 1326 1564 1399 auferre,
1578 1326 1635 1388 vel
1650 1326 1777 1387 ablatas

976 1426 1130 1497 retinere,
1148 1426 1309 1497 minuere,
1326 1441 1386 1486 seu
1401 1423 1605 1503 quibuslibet
1623 1424 1777 1486 vexatio·

975 1523 1074 1584 nibus
1094 1523 1250 1599 latigare3
1276 1522 1334 1583 sed
1362 1523 1474 1585 omnia
1496 1523 1632 1598 integra
1647 1537 1780 1584 conser-

975 1624 1095 1683 ventur
1109 1636 1235 1693 eorum,
1248 1637 1308 1698 pro
1325 1637 1464 1699 quorum
1479 1619 1727 1696 gubernatione
1742 1635 1777 1680 ac

976 1719 1217 1782 sustentatione
1232 1734 1390 1781 concessa
1400 1719 1479 1779 sunt
1491 1716 1608 1778 usibus
1622 1717 1778 1778 omnimo

976 1817 1027 1877 dis
1043 1816 1226 1894 protutura,
1243 1816 1337 1877 selva
1359 1815 1454 1876 Sedis
1476 1814 1681 1892 spostolicae
1698 1831 1777 1875 auc·

976 1915 1121 1976 toritate.
1137 1914 1172 1975 Si
1182 1929 1247 1990 qua
1262 1914 1365 1989 igitur
1380 1913 1415 1973 in
1430 1912 1578 1974 futurum
1593 1912 1776 1974 ecclesias-

976 2013 1043 2073 tica
1057 2012 1260 2074 secularisve
1275 2026 1428 2088 persona,
1441 2010 1528 2071 hanc
1544 2011 1671 2072 nostrae
1687 2027 1777 2073 cons·

976 2110 1140 2173 titutionis
1151 2109 1305 2186 paginam
1314 2109 1423 2170 sciens
1434 2111 1549 2169 contra
1562 2124 1640 2169 eam
1656 2110 1777 2169 temere

976 2208 1091 2269 venire
1117 2206 1305 2277 tentaverit,
1336 2204 1492 2277 secundo,
1519 2204 1666 2267 tertiove
1693 2221 1781 2265 com-

977 2306 1114 2377 monita,
1131 2305 1196 2366 nisi
1210 2305 1338 2366 reatum
1353 2319 1450 2365 suum
1465 2319 1615 2379 congrua
1631 2303 1775 2364 satisfac·

977 2403 1067 2463 tione
1091 2401 1285 2473 correxerit,
1314 2400 1486 2477 potestatis
1501 2400 1709 2478 honorisque
1728 2398 1774 2459 sni

978 2500 1092 2562 careat
1105 2500 1279 2575 dignitate.
1300 2514 1459 2575 reamque
1473 2514 1510 2560 se
1526 2498 1643 2560 divino
1652 2498 1776 2575 judicio

978 2598 1123 2659 existere
1135 2598 1177 2659 de
1194 2598 1382 2674 perpetrata
1397 2588 1573 2674 iniquitate
1588 2596 1772 2671 cognoscat,

978 2696 1011 2757 et
1035 2695 1300 2757 asaoratissimo
1320 2709 1461 2771 corpore
1476 2695 1508 2755 et
1525 2692 1692 2768 sanguine
1710 2692 1775 2761 Dei,

979 2794 1012 2854 et
1025 2792 1157 2854 Domini
1180 2790 1413 2868 Redemptoris
1434 2790 1540 2851 nostri
1559 2792 1642 2851 lesu
1660 2788 1775 2849 Christi

978 2889 1089 2950 aliena
1113 2889 1182 2961 ilat,
1211 2890 1310 2966 atque
1323 2889 1359 2949 in
1374 2890 1525 2949 extremo
1543 2886 1701 2947 examine
1714 2885 1776 2945 dis-

977 2985 1399 3063 trictaesuhjaceatultioni.
1410 2984 1664 3046 Cunctisautem
1674 2982 1773 3043 eidem

979 3085 1050 3145 loco
1075 3099 1135 3144 sua
1146 3087 1225 3160 jura
1251 3081 1474 3153 servantibus,
1495 3081 1539 3142 sit
1554 3097 1622 3158 pax
1646 3077 1772 3141 Domini

979 3181 1083 3243 nostri
1097 3183 1177 3243 iesu
1190 3180 1324 3249 Christi,
1344 3180 1507 3257 quatenus
1522 3182 1557 3241 et
1571 3178 1627 3241 hic
1640 3178 1775 3239 fructum

979 3279 1073 3341 bonae
1088 3278 1230 3340 actionis
1240 3277 1437 3355 percipiant,
1447 3277 1480 3337 et
1492 3276 1579 3352 apud
1594 3275 1771 3336 districtum

975 3377 1123 3454 jndicem
1151 3375 1288 3454 praemia
1321 3376 1455 3437 aeternae
1476 3373 1569 3450 pacis
1595 3370 1769 3435 inveniant.

978 3477 1096 3536 Amen.

1020 3575 1088 3647 Ego
1104 3570 1225 3631 Lucius
1240 3569 1413 3632 catholicae
1424 3566 1581 3629 Ecclesiae
1590 3567 1766 3644 episcopus.

1019 3671 1088 3743 Ego
1107 3667 1275 3729 Honorius
1297 3666 1477 3729 Catholicae
1505 3664 1658 3729 ecclesiae
1686 3662 1766 3742 epis-

981 3782 1095 3842 copus.

1020 3866 1089 3938 Ego
1104 3863 1265 3923 Nicolaus
1281 3861 1488 3923 Tusculanus
1503 3860 1691 3937 episcopus.

1021 3963 1089 4036 Ego
1103 3960 1258 4035 Pelagius
1271 3958 1470 4020 hlbanensls
1487 3958 1677 4035 episcopus.

1021 4061 1089 4134 Ego
1105 4056 1211 4118 Guido
1229 4058 1409 4118 Praenestae
1424 4056 1611 4132 episcopus.

1022 4158 1090 4233 ligo
1112 4156 1230 4216 Petrus
1245 4156 1278 4215 S.
1296 4154 1512 4215 Pudentianae
1528 4152 1620 4215 tituli
1635 4150 1774 4230 pastoris.

982 4253 1157 4333 presbyter
1171 4252 1367 4314 cardinalis.
1671 4256 1673 4261 '

1022 4355 1091 4428 Ego
1106 4349 1270 4413 Robertus
1291 4349 1381 4411 tituli
1397 4351 1429 4410 S.
1448 4347 1610 4426 Stephani
1626 4347 1662 4409 in
1680 4344 1773 4408 Coelio

983 4452 1094 4511 monte
1106 4447 1279 4525 presbyter
1294 4446 1485 4508 cardinalis.

1024 4550 1090 4623 Ego
1105 4545 1285 4621 Gregorius
1304 4544 1392 4606 tituli
1417 4546 1450 4605 S.
1475 4543 1666 4606 Anastasiae
1686 4555 1775 4621 pres·

983 4645 1078 4722 byter
1091 4642 1285 4705 cardinalis.

1023 4744 1091 4817 Ego
1114 4740 1260 4801 Thomas
1279 4738 1368 4802 tituli
1395 4740 1432 4800 S.
1453 4736 1586 4799 Sabinae
1611 4738 1777 4816 presbyter

983 4838 1179 4901 cardinalis·

1024 4935 1257 5012 ingenulus.
1275 4933 1409 4995 Nicolai
1422 4933 1458 4995 in
1479 4947 1616 4995 carcere
1638 4924 1778 4993 Tulliani

985 5034 1145 5095 diaconus
1161 5031 1354 5093 cardinalis.

1025 5135 1094 5207 Ego
1115 5130 1317 5191 Octavianus
1341 5130 1399 5189 SS.
1418 5126 1528 5204 Sergii
1543 5126 1576 5187 et
1591 5127 1698 5188 Bachi
1711 5124 1777 5186 dia·

985 5245 1090 5290 conus
1105 5226 1298 5289 cardinalis.

1026 5330 1094 5403 Ego
1108 5325 1295 5403 ltaynerius
1307 5324 1341 5383 S.
1350 5320 1466 5383 Mariae
1480 5321 1515 5382 in
1526 5320 1707 5383 cosmedin
1716 5318 1780 5381 dia·

987 5440 1090 5486 conus
1105 5421 1298 5484 cardinalis.

1028 5525 1096 5599 Ego
1112 5524 1281 5584 Romanus
1305 5520 1337 5580 S.
1359 5517 1480 5595 Angeli
1499 5515 1664 5578 diaconus
1679 5513 1783 5578 cardi-

988 5620 1087 5681 nalls.
