3802 6166
760 290 988 353 EPISTOLAE.
1013 291 1090 353 LIB.
1114 293 1153 351 II.

431 472 624 567 GLXVHI

187 632 241 693 Ad
259 634 516 695 Armatae-neem
537 634 570 696 et
585 637 871 711 Serropontcnsem

426 735 611 806 episcopos.

410 864 445 921 te
459 870 542 921 mort.
560 865 639 921 tate.

335 987 538 1053 [Uglielliltalia
550 1000 630 1047 sacro,
644 991 663 1047 l,
672 988 741 1055 otta]

124 1105 274 1181 Significat
293 1122 325 1163 se
338 1121 436 1164 eorum
458 1107 566 1164 litteras
581 1121 666 1179 sopor
681 1107 796 1180 negotio
809 1108 921 1165 Fanen-

162 1197 203 1254 sis
234 1203 263 1254 et
299 1192 597 1269 forosemproniensis
622 1194 809 1254 ecclesiarum
837 1195 921 1254 intel·

162 1286 283 1355 lenisse;
299 1280 350 1341 sed
372 1293 467 1343 tamen
484 1286 631 1359 negotium
651 1285 745 1358 ipsum
761 1284 797 1343 ad
811 1300 862 1343 eos
876 1301 921 1344 ro·

160 1375 261 1444 mittit,
288 1382 319 1431 ut
348 1374 458 1432 civibus
487 1374 675 1432 Faniensibus
702 1375 864 1449 injungant,
893 1380 923 1433 ot

161 1462 337 1521 satisfaciant
360 1465 484 1521 Fanensi
509 1465 644 1537 episcopo
669 1470 699 1521 et
719 1466 920 1537 Forosempro-

160 1553 256 1609 nicusi
270 1553 372 1610 electo.

167 1669 333 1730 Honorius
368 1669 561 1747 episcopus,
598 1684 715 1731 servus
750 1681 922 1732 servornm

124 1765 197 1837 Dei,
212 1765 439 1839 dilectis,etc.,
450 1767 632 1829 Ariminen.
648 1769 682 1830 et
697 1768 920 1845 senogallien.

126 1862 301 1940 episcopis.

167 1961 319 2035 Litterae,
343 1973 426 2040 quas
452 1961 548 2025 nobis
576 1979 677 2041 snpra
703 1964 835 2040 negotio
857 1966 923 2026 Fa-

123 2059 232 2129 nensi,
247 2062 281 2120 et
299 2060 627 2137 Forosemproniensi
653 2062 804 2124 ecclesiae
819 2062 923 2124 desti·

123 2158 224 2230 natis,
249 2157 474 2220 intelleximus
500 2158 687 2235 diligenter.
703 2160 796 2222 Licet
812 2162 921 2223 autern

123 2254 258 2331 quidam
272 2255 362 2317 cives
376 2257 557 2329 Fanenses,
576 2258 633 2333 qui
655 2258 789 2335 propter
803 2257 866 2319 hoc
880 2256 921 2319 ad

123 2352 336 2429 praesentiam
348 2354 494 2414 nostram
505 2357 726 2427 accesserant,
737 2356 922 2417 communis

124 2450 178 2510 sui
192 2451 326 2512 nomine
351 2450 458 2513 vitare
483 2452 650 2515 voluerint
677 2453 800 2515 nostris
821 2469 921 2530 supra

122 2548 188 2608 lroc
216 2547 350 2610 obedire
375 2549 549 2623 mandatis,
573 2566 634 2611 nos
661 2552 771 2613 tamen
793 2553 923 2614 cautio-

122 2661 200 2706 nem
214 2645 404 2723 hujusmodi
428 2662 636 2726 nequaquam
654 2649 872 2713 sufficientem
886 2650 921 2711 in

123 2745 216 2805 tanto
239 2744 372 2820 negotio
396 2746 599 2822 reputantes,
624 2747 791 2823 negotium
814 2748 921 2825 ipsum

123 2843 165 2903 ad
176 2858 235 2902 vos
245 2842 401 2903 duximus
410 2836 653 2915 remittendum,
667 2860 725 2922 per
732 2846 920 2922 apostolica

122 2939 217 3000 vobis
240 2940 363 3016 scripta
386 2940 597 3014 mandantes,
614 2944 776 3019 quatenus
791 2943 919 3005 civibus

122 3036 330 3098 Forensibus
346 3038 538 3115 injungatis,
552 3039 589 3100 ut
605 3040 814 3103 satisfaciant
824 3057 921 3103 vene-

123 3134 223 3196 rabili
238 3135 334 3197 fratri
349 3137 463 3197 nostro
478 3136 622 3197 Fanensi
635 3138 802 3215 episcopo,
818 3139 852 3199 et
868 3138 922 3199 di-

122 3230 209 3294 lecto
227 3233 295 3295 filio
310 3233 640 3311 Forosemproniensi
659 3234 776 3307 electo,
796 3236 829 3297 et
847 3238 920 3313 eJus

121 3331 273 3392 ecclesiae
302 3330 342 3392 de
366 3331 495 3392 damnis
522 3328 719 3405 manifestis,
742 3332 919 3411 dequibus

123 3429 196 3489 sine
221 3428 382 3490 dilatione
408 3431 515 3506 potest
544 3428 726 3493 satisfactio
754 3426 917 3504 exhiberi,

122 3527 345 3602 astringentes
360 3542 396 3588 se
411 3542 430 3587 a
446 3527 703 3604 quartodecimo
718 3542 806 3590 anno
819 3544 919 3606 supra

122 3625 270 3701 praestito
285 3625 503 3702 corporaliter
517 3627 719 3702 juramento,
742 3628 776 3688 et
798 3626 919 3703 pigno-

120 3723 251 3795 rativa,
278 3724 334 3786 vel
366 3724 483 3785 saltem
511 3718 720 3801 fidejussoria
748 3725 917 3796 cautione,

121 3819 209 3897 quod
237 3818 370 3883 stabunt
396 3821 560 3882 mandatis
587 3822 710 3883 nostris
734 3837 834 3899 supra
863 3818 917 3894 iis,

121 3932 196 3997 quae
218 3918 296 3980 licet
315 3919 381 3980 sint
404 3919 589 3991 manifesta,
613 3919 782 3981 emendari
808 3922 919 3982 tamen

121 4015 198 4077 sine
224 4016 383 4078 dilatione
404 4033 470 4078 non
493 4020 640 4094 possunt,
668 4020 701 4080 et
720 4017 806 4097 quod
821 4034 920 4096 pare-

121 4111 205 4174 bunt
215 4113 284 4191 juri
297 4128 396 4190 super
410 4114 518 4175 dubiis
534 4129 645 4175 coram
656 4115 762 4187 noble,
777 4115 829 4177 vel
840 4114 918 4192 qui-

119 4208 182 4271 bus
205 4210 266 4271 hoc
279 4208 472 4271 duxerimus
483 4208 764 4284 committendum,
786 4213 918 4288 potins-

121 4323 185 4384 que
209 4310 267 4369 aut
301 4308 567 4387 adimpleverint,
591 4326 664 4387 quae
685 4310 916 4386 praemisimus,

120 4405 281 4467 relaxetis
299 4407 479 4468 sententias
493 4407 611 4485 quibus
623 4410 757 4485 propter
771 4408 834 4469 hoc
849 4408 918 4470 Fa·

121 4504 236 4564 nensis
262 4504 392 4575 civitas,
412 4507 444 4567 et
470 4505 616 4566 fautores
645 4508 717 4583 eJus
745 4505 919 4583 subjacere

120 4604 315 4673 noscuntur,
332 4602 562 4678 Albrigettnm,
585 4605 619 4665 et
632 4603 717 4664 alios
735 4606 832 4680 Juxta
849 4604 919 4666 for-

121 4714 208 4757 mam
227 4699 382 4759 Ecclesiae
406 4699 615 4762 absolventes
641 4701 840 4777 specialiter,
863 4702 919 4778 qni

120 4809 181 4872 pro
194 4796 320 4857 offensa
337 4797 465 4873 praefati
479 4798 625 4875 episcopi
641 4798 675 4858 in
691 4800 920 4860 excommuni-

120 4894 297 4966 cationem,
314 4895 367 4955 vel
382 4911 542 4957 canonem
558 4896 634 4957 latae
648 4897 820 4958 sententiae
833 4897 920 4958 inci-

120 4994 252 5061 derunt,
278 4993 410 5053 easdem
437 5008 517 5054 vero
543 4995 736 5063 sententias,
757 4995 785 5055 si
807 4995 918 5056 forsan

120 5088 194 5149 hacc
210 5089 392 5167 adimplere
414 5091 593 5164 noluerint,
615 5092 808 5154 solemniter
823 5092 920 5153 inno-

119 5186 221 5258 vetis,
252 5189 285 5249 et
307 5187 438 5251 faciatis
465 5189 633 5266 usquead
658 5191 919 5252 satisfactionem

120 5283 318 5360 condignam
333 5286 570 5348 inviolabiliter
582 5287 764 5349 observari.

160 5383 278 5443 Datum
298 5385 455 5445 Laterani
471 5386 510 5446 10
524 5385 685 5447 kalendas
699 5386 816 5463 aprilis
831 5402 919 5447 anno

119 5480 277 5540 secundo.

157 5628 197 5702 (l)
218 5628 289 5687 Vide
301 5628 407 5688 bullont
422 5633 505 5703 CLII,
518 5634 572 5691 eol.
589 5633 651 5692 652.

264 5778 377 5823 rurant.
393 5764 515 5819 murell.

1307 476 1459 567 uexit

998 622 1050 681 Act
1070 620 1256 682 liebertum
1276 624 1473 696 episcopum
1492 620 1756 683 olomucensem.

1261 742 1296 801 tt
1311 750 1396 801 mart.
1413 743 1492 801 llio.

1000 858 1131 921 [Bomeclo
1142 857 1227 909 Codex
1237 858 1345 923 diplom.
1360 858 1488 918 uorans,
1501 862 1520 909 t.
1529 857 1562 920 ll,
1576 856 1758 923 planato]

980 963 1118 1033 lloberto,
1131 965 1312 1023 olomucensi
1327 966 1472 1038 episcopo,
1488 964 1622 1023 mandata
1637 964 1673 1022 de
1689 965 1777 1023 inter·
1883 980 1887 993 ·

1084 1052 1161 1112 dicto
1176 1055 1204 1111 in
1219 1054 1354 1112 Boberma
1365 1054 1545 1113 observando
1559 1054 1670 1128 repetit.

1019 1170 1198 1243 Honorius,
1215 1173 1291 1238 etc..
1308 1171 1493 1233 vonerabili
1511 1170 1608 1234 fratri
1622 1170 1778 1251 episcopo
1808 1186 1818 1197 “

976 1269 1200 1339 Olomucensi,
1215 1270 1368 1342 salutern,
1382 1271 1444 1331 etc.

1018 1368 1236 1429 Praesentium
1257 1366 1318 1429 tibi
1337 1367 1545 1439 auctoritate,
1565 1381 1676 1443 amque
1697 1382 1780 1428 con-

977 1465 1081 1527 cessis
1097 1462 1155 1543 (1).
1181 1464 1337 1543 Alioquin
1356 1465 1487 1527 dilectis
1512 1464 1628 1526 liliis...
1651 1464 1777 1526 decano

978 1564 1048 1624 et...
1066 1562 1265 1625 scholastico
1280 1562 1550 1624 wratislaviensi
1564 1562 1682 1624 damus
1698 1577 1780 1623 nos·

976 1658 1038 1722 tris
1051 1660 1172 1723 litteris
1186 1662 1221 1721 in
1238 1660 1413 1731 mandatis,
1431 1662 1468 1720 ut
1478 1661 1544 1722 tea
1566 1660 1777 1737 susceptione

977 1757 1164 1819 litterarum
1189 1760 1377 1820 nostrarum
1401 1757 1489 1819 inira
1509 1758 1628 1833 viginti
1642 1756 1714 1817 dies
1736 1756 1777 1817 ad

976 1855 1010 1917 id
1033 1856 1279 1935 exsequendum
1304 1854 1512 1917 districtione
1535 1871 1600 1932 qua
1623 1854 1779 1917 convenit

977 1954 1200 2032 appellatione
1212 1955 1339 2016 remota
1354 1953 1565 2030 compellant.
1580 1954 1699 2015 Datum
1712 1955 1779 2013 La-

976 2052 1085 2114 terani
1098 2054 1142 2112 Vl
1152 2051 1313 2139 kalendas
1323 2051 1440 2129 aprilis
1450 2050 1662 2129 pontificatus
1671 2051 1777 2127 nostri

976 2165 1065 2213 anno
1080 2149 1236 2213 secundo.

1016 2298 1060 2355 In
1072 2296 1232 2357 cromdona
1255 2296 1395 2357 modum
1420 2292 1650 2371 scriptumest
1676 2307 1777 2368 super

976 2388 1776 2454 lroc...decanoet...scholasticowratislaviensi

977 2506 1081 2566 usqne
1109 2490 1145 2552 in
1168 2490 1279 2563 tinem,
1309 2489 1421 2551 verbis
1444 2488 1670 2565 competenter
1696 2504 1775 2549 mu-

975 2589 1362 2763 tat(1{·RegestoH⁰norii
1378 2686 1435 2758 111,
1447 2684 1527 2746 anui
1539 2685 1580 2757 ΙΙ,
1594 2683 1689 2761 epist.
1701 2683 1773 2757 991,

976 2782 1011 2843 in
1023 2782 1199 2845 tabulariis
1213 2779 1412 2861 Vaticanis.)

1310 2950 1443 3039 CLXX

1100 3095 1152 3155 Ad
1168 3094 1357 3168 capitutum
1376 3096 1648 3168 Aqrtnapemem.

1259 3207 1293 3263 27
1309 3212 1392 3261 mart.
1409 3205 1488 3262 itte.

1052 3310 1179 3376 [Theium
1192 3312 1357 3363 llonumenta
1372 3310 1515 3374 ilungariae,
1528 3311 1548 3372 1,
1559 3325 1588 3370 rr,
1604 3324 1632 3360 n.
1646 3310 1696 3373 lit]

974 3418 1132 3477 Annrrutiat
1151 3418 1277 3491 pontifex
1308 3417 1556 3490 archiepiscopum
1584 3416 1772 3476 colocensem

1092 3507 1236 3565 adsedem
1251 3507 1473 3581 equilegensem
1491 3505 1647 3563 transferri.

1014 3625 1181 3687 Honorius
1193 3625 1367 3702 episcopus
1383 3640 1500 3685 servus
1511 3639 1683 3685 servorum
1700 3622 1772 3695 Dei,

974 3722 1104 3785 dilectis
1131 3723 1209 3783 liliis
1229 3723 1374 3799 capitulo
1389 3722 1614 3800 Aquitegausi,
1632 3720 1774 3783 salutern

974 3824 1007 3883 et
1018 3822 1234 3898 apostolicam
1248 3820 1525 3882 benedictionem.

1014 3918 1459 3997 QrmmnuperAquilegensi
1481 3914 1622 3979 ecclesia
1633 3916 1774 3979 vacante

974 4020 1116 4093 pastore,
1139 4017 1272 4094 quidam
1297 4032 1341 4077 ex
1368 4016 1462 4077 vobis
1490 4016 1526 4077 in
1548 4014 1775 4077 venerabilem

973 4115 1110 4177 fratrem
1125 4116 1274 4177 nostrum
1279 4158 1339 4175 .....
1356 4115 1569 4176 colocensem
1586 4113 1775 4190 archiepis-

974 4229 1091 4290 copum
1126 4213 1359 4289 postulandum
1396 4228 1416 4274 a
1445 4212 1540 4274 nobis
1573 4212 1774 4274 contulerint

973 4312 1048 4371 vota
1060 4326 1131 4381 sua,
1144 4310 1242 4371 etalii
1257 4309 1405 4371 Utricum
1419 4310 1616 4371 canonicum
1625 4311 1773 4370 vestrum

974 4408 1130 4469 duxerint
1154 4407 1354 4483 eligendum,
1373 4406 1504 4484 utrique
1519 4421 1619 4482 super
1632 4406 1675 4465 iis
1694 4422 1775 4483 pro-

974 4508 1144 4567 curatores
1166 4505 1302 4565 idoneos
1327 4504 1368 4565 ad
1393 4505 1540 4565 nostram
1560 4503 1772 4580 praesentiam

973 4604 1240 4673 transmiserunt,
1263 4602 1381 4679 quibus
1396 4602 1576 4678 benignam
1603 4601 1773 4662 concessi-

974 4718 1047 4761 mus
1073 4700 1293 4771 audientiam,
1321 4702 1354 4762 et
1377 4700 1555 4773 diligenter·
1583 4698 1772 4759 audivimus

974 4816 1046 4877 qnae
1071 4803 1271 4860 curaverunt
1305 4813 1490 4875 proponere
1519 4813 1630 4858 coram
1663 4795 1770 4857 nobis.

974 4898 1057 4969 Quia
1083 4913 1162 4958 vero
1191 4896 1312 4957 exhinc
1337 4896 1414 4956 inde
1437 4896 1614 4972 propositis
1640 4893 1772 4971 plenius

974 4995 1150 5057 intellectis
1184 4996 1351 5062 constitit,
1394 4996 1460 5054 tam
1495 4992 1770 5069 postulationem,

974 5109 1072 5171 quarn
1087 5093 1283 5154 electionem
1300 5092 1487 5169 praedictas,
1501 5092 1616 5152 contra
1631 5090 1772 5152 formam

974 5191 1112 5253 concilii
1123 5191 1291 5266 generalis
1302 5189 1405 5251 fuisse
1418 5189 1698 5266 praesumpsere
1709 5188 1772 5250 fra·

974 5290 1061 5350 trum
1081 5292 1271 5350 nostrorum
1295 5287 1436 5349 consilio
1463 5287 1658 5348 electionem
1678 5303 1772 5349 eam-

974 5387 1048 5448 dem
1063 5388 1278 5457 cassavimus,
1302 5387 1335 5448 et
1356 5385 1612 5461 postulationem
1634 5400 1700 5446 non
1716 5384 1772 5444 ad·

975 5485 1124 5545 misimus
1151 5485 1272 5546 factam
1307 5483 1347 5545 de
1371 5483 1623 5561 archiepiscopo
1652 5496 1772 5559 supra-
