3802 6166
123 244 164 305 so
545 210 549 215 ’
591 244 768 311 nm-nt
789 248 919 311 nssro
940 249 1090 311 sanum
1111 252 1313 315 aunuum.
1736 262 1778 326 oo

120 416 212 465 num.
230 402 383 466 Andreas
393 404 500 484 primo
513 405 548 468 in
562 407 712 479 Athenis,
727 409 873 472 secundo
888 409 923 471 in

120 502 262 575 Achaia,
278 504 312 565 et
323 518 448 566 corona
460 506 611 584 mamurii
629 507 785 584 migrarit
799 509 840 570 ad
854 510 923 570 Do·

121 599 262 661 minum.
280 601 340 662 Isti
358 601 425 664 duo
444 601 566 665 iratres
585 604 837 667 illustraverunt
859 608 924 667 Eo-

121 696 260 759 clesiam
275 699 347 771 Dei,
363 700 442 777 quia
457 701 545 762 sicut
562 702 612 763 sol
634 702 803 764 illuminat
820 703 919 775 diem,

121 795 249 857 etluna
273 794 443 861 illuminat
465 800 606 871 noctem,
630 798 677 862 ita
700 800 758 863 isti
773 800 837 863 duo
853 801 923 863 ira-

122 894 187 955 tres
201 894 480 959 illuminaverunt
502 898 696 959 Ecclesiam.
720 900 813 961 Unde
832 900 920 976 legi-

124 1008 193 1053 mus
209 992 245 1053 in
264 993 406 1055 Genesi:
422 1011 441 1053 c
456 996 548 1057 Fecit
559 998 648 1057 Deus
663 996 728 1058 duo
743 997 920 1059 luminaria

125 1102 254 1167 magna,
270 1092 305 1152 et
324 1093 435 1169 posuit
448 1108 489 1155 ea
507 1093 543 1154 in
559 1094 767 1157 firmamento
781 1094 869 1163 coeli,
886 1097 921 1158 ut

129 1189 232 1250 usent
256 1190 292 1249 in
307 1188 402 1266 signa
419 1192 454 1252 et
479 1192 630 1270 tempora
651 1194 685 1255 et
706 1192 778 1254 dies
801 1195 835 1255 et
853 1210 920 1254 an-

130 1302 181 1348 nos
195 1304 214 1348 a
229 1286 327 1366 (Gen.
344 1304 368 1361 1,
383 1289 433 1361 14,
450 1289 515 1370 17).

162 1385 422 1448 Firmamentum
452 1388 528 1449 coeii
548 1389 663 1450 sancta
684 1389 832 1451 Ecclesia
856 1391 916 1462 est,

135 1482 207 1560 quod
227 1485 301 1560 ejus
323 1484 533 1547 conversatio
552 1486 588 1547 in
609 1485 782 1559 oculisest,
806 1488 919 1564 utpote

138 1596 196 1658 qum
218 1581 413 1660 priusquam
439 1584 650 1645 cousurmxit
669 1600 745 1646 cum
774 1585 916 1657 Christo,

140 1696 197 1756 quas
220 1695 354 1741 sursum
376 1682 454 1743 sunt
474 1681 604 1759 quaerit,
627 1698 694 1744 nou
717 1699 790 1760 quaa
818 1699 919 1761 super

141 1782 254 1849 brram,
271 1779 304 1839 et
320 1778 543 1854 posteriorum
557 1779 672 1853 oblita,
694 1780 730 1841 in
748 1781 917 1842 anteriora

143 1875 302 1937 sabadona
327 1892 365 1937 se
395 1877 520 1954 ipsam,
546 1895 638 1956 quaa,
663 1894 795 1940 sursum
823 1881 915 1951 sunt,

143 1974 218 2050 sapit,
239 1974 295 2035 ubi
315 1974 466 2037 Christus
489 1978 541 2039 est
562 1976 598 2036 in
619 1977 758 2039 dextera
782 1978 841 2039 Dei
863 1993 919 2039 se-

143 2071 213 2132 dens.
235 2074 271 2132 ln
296 2071 360 2134 hoo
383 2073 591 2136 firmamento
620 2074 695 2135 coeii
717 2075 865 2152 Apostoli
884 2077 917 2137 et

143 2169 185 2230 alii
209 2170 320 2231 Sancti
344 2172 514 2248 tamquam
538 2172 710 2249 splendida
737 2173 915 2236 luminaria

142 2267 223 2329 variis
244 2267 449 2345 temporibus
478 2268 652 2342 ihlserunt,
682 2270 769 2333 sicut
791 2272 915 2333 Paulus

141 2365 192 2426 ait:
206 2367 300 2427 iuter
314 2382 399 2441 quos
411 2368 531 2429 intectis
541 2370 631 2430 stom
639 2373 831 2431 tncmtrnorto
840 2371 916 2441 (iao

139 2464 168 2523 tu
181 2464 395 2536 duramento
417 2462 554 2544 (Philip.
579 2481 617 2534 11,
644 2465 707 2545 15).
733 2468 800 2543 lpsi
825 2468 914 2528 enim

138 2561 265 2637 Apostoli
282 2562 416 2624 inerunt
428 2563 601 2625 duodecim
620 2564 725 2626 stellae
739 2565 775 2625 in
791 2581 914 2627 corona

138 2674 259 2735 sponsos,
280 2661 462 2722 secundum
483 2661 569 2739 quod
589 2660 711 2724 dicitur
733 2663 768 2724 in
785 2666 916 2740 Apoca-

137 2754 206 2834 lypsi
217 2779 225 2819 :
237 2759 283 2819 nt
301 2761 339 2819 tu
356 2760 558 2834 captiosius
583 2775 712 2822 corono
733 2761 913 2823 stettorum

136 2856 293 2917 moderna
308 2854 424 2934 (apoc.
436 2870 497 2929 111,
512 2854 556 2935 i).
573 2860 611 2919 In
626 2857 790 2934 spirituali
806 2858 915 2920 firma·

136 2953 330 3025 nanto,idest
340 2955 376 3015 in
388 2954 729 3017 sanctaiicclesiaduo
740 2958 913 3033 magnain-

136 3051 260 3114 minaria
273 3051 468 3124 fabricavit,
485 3053 616 3130 quando
631 3053 715 3115 duos
735 3070 912 3131 germanos

135 3145 247 3221 tratres,
275 3151 421 3222 Petrum,
448 3148 604 3212 videlicet
629 3152 661 3212 et
682 3152 848 3213 Andream
869 3152 912 3214 ad

135 3244 350 3309 illustrandam
371 3248 520 3309 sanctam
542 3248 724 3310 Ecclesiam
747 3266 913 3311 convoca-

134 3342 184 3405 rit:
198 3347 314 3408 Venite
322 3347 403 3420 post
412 3360 480 3417 rrae,
495 3348 622 3421 fuctum
637 3362 698 3408 oon
711 3348 913 3423 tieriptsco-

135 3440 209 3505 tores
224 3447 404 3506 dorntuum
418 3442 536 3523 (Marc.
552 3460 575 3514 1,
594 3442 657 3523 17).
679 3445 823 3507 lstisunt
836 3445 910 3507 ‹luae

135 3540 278 3603 columnas
290 3558 374 3620 quas
391 3557 491 3604 rarus
511 3542 671 3620 pacificus
688 3544 725 3604 in
746 3543 910 3605 vestibulo

84 3618 88 3691 l
133 3638 228 3718 templi
249 3641 362 3719 posuit
379 3641 456 3702 ante
471 3641 612 3716 ostium,
629 3657 713 3720 quas
728 3642 832 3703 ambit
852 3641 867 3702 i
890 3673 909 3688 -

132 3736 245 3800 nicnlus
274 3738 448 3801 duodecim
473 3737 670 3811 cubitorum,
696 3740 737 3801 de
770 3756 909 3818 unarum

131 3836 222 3899 uedio
242 3837 395 3898 Christus
416 3836 536 3897 ostium
555 3837 664 3914 aperit
685 3838 907 3911 credentibus,

130 3933 220 4009 pide
232 3951 270 3996 se
282 3934 383 3996 dicit:
399 3937 473 4011 Eoo
486 3937 712 3997 mtrrtostium.
723 3938 797 3998 Por
810 3952 866 3997 rac
877 3940 909 3997 st

127 4034 190 4102 ptis
211 4031 399 4103 introierit,
415 4032 615 4103 salvabitur,
640 4033 674 4095 et
693 4034 910 4109 intercaletur

126 4129 150 4187 ct
162 4130 369 4205 egredictur,
385 4130 420 4190 ct
428 4143 560 4203 poscito
579 4132 730 4192 tnccutet
746 4128 856 4209 (toan.
871 4147 905 4203 x,

123 4222 157 4303 t).
177 4226 217 4287 lli
242 4227 323 4287 sunt
350 4225 415 4287 duo
440 4226 517 4297 riri,
543 4240 628 4287 unus
657 4228 849 4304 praecedens
875 4230 909 4290 et

122 4322 195 4385 alter
216 4323 444 4401 subsequens,
469 4322 525 4400 qui
546 4323 675 4385 botrum
697 4325 908 4388 abduxerunt

122 4418 263 4483 telerna
279 4422 411 4494 Sancta,
426 4421 524 4499 quod,
539 4421 703 4494 videlicet,
716 4424 749 4483 et
757 4424 906 4485 Andreas

121 4520 166 4593 qui
188 4520 371 4597 praecessit,
396 4520 564 4596 tamquam
592 4520 685 4596 prius
713 4524 851 4583 vocatus
874 4525 907 4584 et

121 4615 201 4691 prius
229 4618 383 4692 secutus3
416 4620 450 4678 et
479 4617 596 4678 Petrus
622 4618 680 4694 qui
710 4618 905 4681 subsecutus

121 4716 169 4785 est,
194 4716 308 4793 utpote
330 4730 426 4792 quem
444 4714 593 4776 Andreas
612 4715 751 4776 adduxit
776 4716 818 4777 ad
840 4720 907 4779 Do-

121 4812 250 4886 minum,
269 4812 401 4874 botrum
416 4812 583 4874 Christum
604 4813 644 4874 de
658 4815 747 4875 terra
763 4815 907 4891 promis-

121 4907 212 4971 sionis
229 4912 364 4973 aeteruae
379 4909 421 4970 ad
442 4911 569 4971 mentes
586 4910 774 4972 auditorum
792 4914 906 4989 porta-

120 5010 235 5070 rerunt.

150 5106 173 5165 E
187 5105 307 5184 quibus
321 5105 483 5178 Andreas,
497 5106 526 5167 si
540 5120 621 5167 sane
638 5105 856 5183 intelligatur,
871 5110 905 5171 et

120 5204 258 5279 ualeret
272 5204 381 5280 paret
395 5202 504 5266 minor
524 5203 667 5280 intelligi
689 5207 799 5281 potest
821 5222 902 5281 ger-

121 5312 204 5363 nano
231 5317 293 5363 suo
327 5300 478 5378 principe
502 5302 748 5379 Apostolorum.
777 5306 901 5382 Major,

121 5394 252 5475 iuquam,
276 5398 463 5470 vocatione,
487 5414 549 5476 par
569 5400 690 5472 oiiicio,
712 5401 822 5462 minor
843 5420 903 5479 po-

120 5494 243 5560 testate:
260 5499 371 5575 major
383 5498 568 5570 vocatione,
585 5498 671 5575 quod
694 5499 788 5576 prius
802 5516 904 5561 roca-

118 5594 174 5670 tns;
189 5596 276 5659 unde
291 5594 400 5659 (iraeci
414 5594 523 5673 ipsum
540 5594 731 5673 trequenter
744 5613 810 5659 non
824 5614 902 5676 pro-

976 410 1050 489 prio
1059 410 1194 473 nomine
1203 412 1381 487 Andream,
1391 413 1449 478 ssd
1463 416 1656 494 Apostolum
1666 420 1775 498 primo

976 509 1129 570 roratum
1154 510 1333 587 appellant.
1360 514 1447 574 Nam
1466 514 1554 577 sicut
1578 516 1720 595 legimus
1737 521 1774 601 in

976 603 1175 681 evangelio:
1204 610 1325 669 «Cum
1351 610 1456 673 suaet
1478 614 1640 687 ioannes,
1670 617 1703 677 et
1730 633 1775 679 ex

976 700 1189 781 «discipulis
1223 708 1297 783 eJus
1333 706 1409 779 duo,
1447 710 1630 786 respiciens
1659 715 1775 776 desum

976 800 1239 863 «ambulantem
1266 803 1371 866 dixit:
1400 808 1484 868 Eoos
1509 811 1623 881 Agnus
1645 811 1716 883 Dei,
1741 812 1777 873 et

975 914 994 957 c
1015 897 1193 961 audierunt
1210 916 1287 963 oum
1308 901 1374 964 duo
1393 903 1548 981 discipuli
1572 906 1773 983 loquentem,

975 1012 993 1053 t
1015 995 1048 1056 et
1059 997 1165 1058 secuti
1178 998 1256 1061 sunt
1266 1000 1285 1061 J
1287 1014 1392 1061 esum.
1406 1003 1486 1063 Erat
1497 1004 1609 1064 autem
1622 1004 1774 1067 Andreas

974 1109 993 1151 c
1014 1092 1118 1155 irater
1133 1095 1279 1157 simonis
1294 1097 1395 1171 Petri,
1413 1114 1500 1159 nnus
1515 1116 1558 1161 ex
1574 1100 1703 1163 dnobus
1715 1102 1774 1180 qui

974 1207 992 1249 c
1013 1192 1191 1256 audierant
1209 1210 1228 1255 a
1254 1197 1396 1257 Joauno.
1417 1213 1437 1257 a
1459 1195 1571 1275 (toan.
1597 1214 1623 1268 1,
1647 1199 1774 1281 40.)1‹:t

974 1288 1052 1351 licet
1068 1290 1164 1352 ambo
1183 1293 1261 1353 ante
1285 1292 1371 1354 hanc
1392 1296 1601 1358 vocationem
1620 1298 1774 1362 venerint

973 1386 1014 1447 ad
1033 1388 1158 1458 Jesum,
1184 1387 1295 1450 animo
1317 1391 1428 1451 tamen
1450 1390 1610 1454 redeundi
1631 1394 1673 1455 ad
1689 1411 1771 1472 pro-

973 1482 1047 1560 pria
1064 1487 1237 1546 venerunt.
1261 1486 1355 1549 Unde
1372 1487 1546 1551 redierunt
1558 1490 1600 1551 ad
1625 1491 1771 1554 osticium

973 1580 1159 1657 piscatoris.
1191 1586 1258 1645 Par
1283 1585 1394 1645 autem
1417 1583 1617 1663 intelligitur
1640 1588 1768 1662 cilicio,

972 1678 1058 1757 quod
1080 1680 1176 1743 ambo
1195 1681 1345 1757 germani
1364 1681 1497 1756 iratres,
1526 1685 1624 1747 ambo
1645 1687 1772 1763 pariter

972 1778 1080 1839 vocati
1106 1778 1147 1839 ad
1172 1780 1406 1856 apostolatum,
1436 1781 1533 1843 ambo
1561 1783 1688 1860 pariter
1714 1801 1773 1847 as-

971 1875 1094 1950 sumpti
1108 1874 1150 1935 ad
1160 1876 1312 1938 ordinem
1329 1877 1562 1956 episcopalem,
1574 1880 1672 1943 ambo
1686 1880 1771 1958 epis-

971 1972 1045 2049 copi
1059 1973 1260 2047 animarum,
1271 1975 1368 2037 ambo
1383 1976 1566 2053 piscatores
1583 1977 1767 2041 bominum.

972 2070 1035 2131 Sed
1051 2071 1160 2132 minor
1173 2071 1237 2133 luit
1251 2075 1423 2149 potestate.

1010 2168 1094 2229 Nam
1117 2168 1202 2232 sicut
1223 2170 1349 2246 placuit
1368 2172 1411 2243 ei,
1428 2175 1524 2251 cujus
1543 2172 1671 2250 judicia
1691 2177 1770 2239 sunt

969 2265 1110 2342 abyssus
1124 2267 1238 2339 multa,
1258 2269 1399 2346 eoquod
1415 2270 1555 2331 altitudo
1574 2271 1769 2335 divitiarum

969 2364 1021 2423 est
1047 2364 1221 2440 saptentiae
1249 2366 1282 2427 et
1310 2366 1459 2428 scientim
1485 2370 1569 2444 ejus,
1601 2384 1663 2430 noc
1691 2371 1767 2447 quis

968 2461 1125 2536 cognovit
1146 2478 1280 2524 sensum
1308 2464 1451 2536 Domini,
1473 2466 1531 2526 aut
1554 2466 1768 2528 consiliarius

969 2560 1041 2635 eJ'us
1066 2556 1145 2631 luit,
1176 2559 1264 2621 inter
1292 2575 1406 2621 omnes
1431 2562 1606 2637 Apostolos
1632 2561 1767 2627 beatum

969 2655 1105 2716 Petrum
1118 2657 1290 2719 constituit
1301 2657 1464 2719 ricarium
1485 2660 1519 2720 et
1533 2676 1765 2743 successorem

968 2751 1112 2813 suumin
1126 2753 1239 2824 terris,
1261 2756 1295 2816 at
1315 2754 1347 2816 ei
1369 2755 1609 2832 plenitudinem
1625 2758 1766 2822 contulit

967 2850 1150 2927 potestatis,
1170 2851 1326 2929 iuquiens
1341 2872 1349 2913 ι
1366 2856 1415 2914 Tu
1428 2867 1467 2915 cs
1480 2853 1622 2927 Petrus,
1647 2855 1681 2917 ct
1704 2871 1766 2918 su·

964 2962 1031 3023 per
1071 2952 1161 3011 barto
1195 2950 1336 3024 petrum
1373 2952 1547 3025 aedificabo
1576 2956 1766 3015 Eoctostom

966 3060 1092 3119 mom,
1112 3047 1146 3109 et
1166 3048 1226 3109 tibi
1248 3049 1332 3109 dabo
1353 3052 1465 3110 moves
1483 3053 1585 3125 regui
1600 3056 1766 3113 coelorum

967 3141 1098 3220 (Mattb.
1115 3158 1184 3217 xm,
1202 3143 1254 3224 19)
1274 3145 1448 3222 ipsumque
1467 3146 1598 3207 caeteris
1619 3149 1762 3225 Aposto-

965 3239 1018 3311 lis,
1047 3241 1080 3302 ot
1107 3241 1487 3305 omnibus·Christianis
1508 3245 1663 3321 praetulit,
1685 3244 1764 3307 dum

965 3357 1040 3403 eum
1052 3342 1198 3404 omnium
1213 3359 1349 3405 suarum
1365 3346 1475 3406 ovium
1488 3349 1654 3422 pastorem
1664 3363 1766 3410 cons-

965 3439 1066 3501 tituit.
1083 3441 1339 3503 commendatur
1353 3442 1441 3503 enim
1461 3459 1481 3503 a
1496 3444 1630 3504 nomine
1645 3443 1761 3505 beatus

965 3537 1125 3609 Andreas,
1147 3539 1232 3616 quod
1256 3538 1373 3600 habuit
1395 3542 1473 3600 ante
1496 3541 1715 3602 vocationem.
1735 3544 1765 3603 A

965 3635 1098 3696 nomine
1109 3636 1368 3709 commendatur,
1378 3637 1456 3697 dum
1468 3637 1590 3698 dicitur
1599 3638 1760 3699 Andreas.
1863 3702 1867 3707 ,

963 3733 1113 3794 Andreas
1145 3748 1288 3811 namque
1315 3734 1424 3795 virilis
1448 3735 1701 3811 interpretatur,
1730 3737 1765 3799 et

963 3830 1035 3908 ipse
1044 3831 1187 3893 viriliter
1197 3831 1319 3894 restitit
1333 3834 1429 3908 ligea
1443 3831 1660 3910 persecutori,
1672 3834 1706 3897 et
1717 3834 1764 3912 ip-

963 3946 1036 3989 sum
1048 3929 1192 3992 viriliter
1207 3930 1387 4007 superavit.

1002 4028 1045 4089 Hi
1058 4029 1135 4089 sunt
1148 4028 1214 4090 duo
1228 4027 1409 4089 cherubini
1424 4044 1461 4089 se
1472 4029 1587 4092 mutuo
1601 4030 1764 4107 aspicieu-

962 4128 1028 4194 tes,
1064 4126 1143 4202 quia
1179 4128 1213 4187 et
1246 4125 1397 4188 Andreas
1432 4127 1581 4204 respexit
1614 4128 1760 4201 Petrum,

961 4223 1093 4300 quando
1115 4223 1211 4284 duxit
1232 4240 1307 4285 eum
1321 4224 1500 4297 adJesum,
1521 4225 1599 4302 quia
1612 4226 1762 4289 Andreas

962 4322 1023 4383 suit
1038 4321 1221 4398 discipulus
1232 4322 1372 4383 loannis
1386 4323 1543 4399 Bapnstae
1559 4323 1592 4384 et
1608 4322 1760 4400 discipu·

961 4419 1014 4480 lus
1028 4422 1046 4481 J
1050 4437 1109 4480 esu
1124 4419 1246 4480 Christi
1262 4420 1439 4497 antequam
1454 4421 1573 4481 Petrus
1594 4420 1705 4484 fuerit.
1722 4425 1762 4484 Et

961 4518 1035 4579 ideo
1064 4517 1159 4578 duxit
1187 4533 1263 4577 eum
1291 4517 1332 4577 ad
1361 4520 1485 4589 Jesum,
1516 4519 1624 4580 versis
1649 4520 1760 4580 tamen

959 4615 1105 4676 vultibus
1127 4616 1162 4676 in
1190 4616 1467 4692 propitiatorium,
1485 4616 1563 4693 quia
1588 4617 1622 4678 et
1644 4631 1760 4678 eorum

959 4714 1070 4775 vultus
1089 4713 1124 4774 in
1145 4713 1238 4773 iilum
1259 4714 1475 4790 aspexerunt,
1492 4714 1549 4791 qui
1573 4715 1624 4775 est
1641 4714 1758 4792 propi-

959 4811 1054 4873 tiatio
1071 4827 1131 4888 pro
1150 4811 1295 4887 peccatis
1317 4811 1452 4883 nostris,
1478 4811 1609 4887 qnando
1633 4812 1758 4875 relictis

959 4909 1085 4971 retibus
1105 4909 1210 4971 secuti
1233 4911 1310 4970 sunt
1330 4924 1417 4969 eum.
1441 4909 1483 4968 Hi
1505 4911 1582 4971 sunt
1605 4909 1670 4970 duo
1693 4910 1759 4972 viri

959 5006 1208 5078 misericordiae,
1220 5006 1278 5084 qui
1293 5006 1454 5067 assistunt
1466 5006 1672 5069 Domiuatori
1687 5008 1760 5069 uni·

958 5120 1065 5168 versae
1088 5106 1198 5167 terrae.
1223 5092 1401 5174 Assistnnt,
1425 5103 1594 5177 insistunt,
1618 5107 1651 5168 et
1672 5122 1757 5167 con-

958 5201 1759 5274 sistunt.Assistuntbominatori,insistuntCrea·

957 5302 1033 5373 tori,
1046 5300 1232 5362 consistunt
1243 5300 1498 5361 remuneratori.
1511 5302 1548 5360 ln
1561 5301 1667 5377 primo
1681 5304 1759 5365 sunt
1843 5312 1848 5317 '

956 5399 1097 5476 gratiosi
1132 5397 1305 5471 laudibus,
1334 5398 1370 5458 in
1406 5397 1550 5459 seonmdo
1583 5398 1757 5460 victoriosi

957 5497 1122 5576 pirecibus,
1139 5496 1173 5556 in
1189 5496 1288 5558 tertio
1303 5495 1441 5571 gloriosi
1457 5494 1660 5557 muneribus.

1003 5595 1061 5659 Isti
1088 5595 1165 5656 sunt
1190 5593 1256 5656 duo
1282 5594 1343 5655 iiiii
1370 5593 1567 5671 splendoris.
1596 5596 1665 5655 Iino
1694 5592 1755 5653 illii
