3794 6166
204 298 248 359 aa
663 293 841 356 nouonn
862 292 909 355 111
929 291 1126 353 crana-
1140 252 1389 353 sennense.
1801 289 1845 351 aa

200 457 365 519 merent
378 456 465 518 oculi
484 454 535 516 tut
556 450 626 532 (Ps.
646 454 714 526 138,
736 449 800 533 16).
822 453 862 514 Et
879 451 997 530 nequis
1050 448 1105 513 vel
1116 449 1276 527 gemitum
1294 448 1417 512 habent
1430 447 1641 513 calamitatis.
1658 448 1729 510 Nos
1744 447 1853 525 igitur

201 554 364 632 desperet,
377 549 535 630 'adjunxit
550 572 558 611 :
577 552 622 612 et
641 553 678 611 tn
695 553 781 613 ttbro
802 548 861 613 tato
878 564 998 612 omenes
1052 548 1217 609 Christum
1232 546 1420 619 offerentes,
1436 546 1532 619 idest,
1549 546 1646 607 iidem
1670 548 1744 624 ejus
1766 562 1851 623 per-

201 651 398 713 scriberetur
424 647 493 728 (Ps.
518 646 584 728 76).
606 648 696 709 Talis
719 647 831 708 anima
855 646 998 709 abstinet
1052 645 1136 707 tecte
1161 647 1331 706 servantes
1346 645 1525 706 offeramus
1544 660 1605 721 par
1625 644 1796 706 turturum
1814 644 1853 705 in

202 746 245 809 ab
263 747 417 823 ingressu
431 746 556 823 templi,
574 744 661 807 idest
672 744 713 806 ab
727 745 865 807 introitu
880 745 999 805 coeles-
1053 743 1204 804 castitate
1219 743 1338 804 mentis
1350 741 1555 818 etcorporis,
1571 741 1654 803 duos
1667 741 1779 817 pullos
1793 757 1854 803 co-

201 842 247 907 tis
270 844 387 920 patriae
413 844 580 919 octoginta
605 842 731 903 diebus.
759 841 998 917 octogenarius
1052 840 1172 902 lumbee
1187 841 1221 900 in
1237 839 1442 901 exhibitione
1462 837 1650 900 dilectionis
1670 840 1704 899 ct
1725 839 1852 914 operis,

203 956 361 1003 numerus
391 940 490 1002 habet
513 940 548 1001 in
572 956 608 1002 se
630 939 682 1001 bis
709 939 940 1017 quadraginta,
966 939 1000 1000 et
1052 937 1088 997 in
1100 938 1240 1014 utroque
1259 936 1417 1013 gemitum
1432 952 1492 1013 pro
1516 935 1613 995 malis
1628 934 1856 1011 praesentibus

203 1034 279 1099 ideo
289 1038 456 1114 significat
470 1038 633 1115 duplicem
644 1037 891 1114 poenitentiam:
907 1035 999 1097 illam
1053 1037 1087 1098 et
1101 1033 1261 1096 dilatione
1275 1033 1499 1095 beatitudinis.
1517 1033 1552 1093 Si
1567 1048 1647 1107 ergo
1657 1032 1773 1093 anima
1785 1048 1856 1095 non

202 1134 359 1199 videlicet
384 1152 456 1213 quae
483 1135 519 1197 tlt
543 1135 577 1196 in
604 1134 667 1197 hoc
696 1135 818 1197 saeculo
845 1136 880 1196 et
905 1133 999 1194 illam
1053 1133 1161 1210 potest
1175 1131 1297 1193 offerre
1312 1147 1434 1206 agnum
1449 1129 1536 1208 quod
1551 1129 1722 1207 peccatrix
1741 1130 1804 1203 est,
1821 1129 1857 1193 et

203 1248 277 1310 quae
290 1233 326 1294 nt
337 1234 372 1292 in
384 1233 462 1310 igne
476 1233 680 1310 purgatorio.
698 1232 820 1293 Mulier
832 1246 911 1307 ergo
925 1246 999 1308 quae
1053 1229 1197 1309 perdidit
1215 1228 1450 1300 innocentiam,
1467 1227 1585 1289 offerat
1599 1243 1661 1305 par
1683 1228 1857 1290 turturum

203 1330 292 1407 parit
320 1329 500 1400 foeminam,
527 1330 622 1401 idest,
639 1330 732 1391 illam
759 1329 904 1390 animam
925 1343 1000 1406 quae
1054 1329 1113 1390 ant
1130 1327 1213 1388 duos
1233 1325 1341 1404 pullos
1358 1325 1596 1397 columbarum,
1619 1324 1717 1397 idest,
1742 1325 1859 1403 dupli-

203 1424 284 1488 iacit
310 1442 393 1503 opus
423 1426 667 1504 imperfectum,
698 1425 841 1488 abstinet
871 1424 912 1487 ab
941 1425 998 1486 in·
1055 1441 1126 1488 cem
1139 1425 1334 1496 orationem,
1350 1440 1451 1485 unam
1466 1439 1525 1501 pro
1547 1424 1644 1485 malis
1666 1440 1742 1501 quae
1762 1422 1857 1495 iecit,

204 1538 322 1599 gressu
341 1522 455 1600 templi
474 1523 642 1599 octoginta
662 1522 777 1584 diebus
802 1537 1000 1599 permanens
1055 1527 1088 1588 et
1100 1525 1240 1586 alteram
1255 1522 1423 1600 probonis
1444 1538 1518 1600 quar
1533 1538 1600 1583 non
1613 1520 1703 1583 iecit.
1722 1524 1857 1583 Pecca-

204 1617 241 1679 in
252 1619 415 1695 sangnine
425 1620 666 1697 purificationis
675 1636 756 1693 suae,
766 1620 863 1692 idest,
875 1619 1001 1681 iaciens
1055 1624 1124 1684 tum
1139 1622 1190 1682 est
1203 1620 1291 1681 mala
1305 1619 1415 1681 iacere
1430 1620 1464 1681 et
1476 1617 1563 1680 bona
1578 1618 1826 1697 derelinquere.

205 1717 434 1792 poenitentiam
448 1718 483 1777 in
496 1718 561 1779 hoc
577 1718 711 1791 saeculo,
732 1719 766 1780 et
786 1716 815 1779 si
837 1717 1001 1792 condigna
1097 1718 1161 1781 Sed
1175 1717 1262 1796 qnod
1275 1717 1521 1794 processionem
1536 1716 1676 1777 iacimus
1691 1714 1859 1778 hodierna

205 1828 274 1875 non
288 1813 399 1887 suerit,
414 1815 449 1875 in
463 1816 541 1891 igne
555 1816 747 1893 purgatorio
762 1816 837 1893 post
850 1815 999 1877 mortem.
1056 1817 1110 1878 die
1120 1814 1543 1887 cumeandelis,ridendum
1552 1812 1860 1890 estqnaresitiacta

247 1913 288 1973 Et
309 1912 385 1973 ideo
409 1911 580 1974 sciendum
605 1915 656 1976 est
680 1913 760 1991 quia
782 1912 902 1973 animae
928 1927 1002 1989 quaa
1057 1913 1121 1977 ista
1140 1912 1320 1990 processio,
1341 1911 1468 1989 etquid
1488 1909 1663 1987 significet.
1683 1912 1789 1972 Facta
1808 1912 1863 1973 est

207 2025 275 2071 non
289 2008 413 2071 habent
431 2010 610 2086 perlectam
634 2011 861 2088 poenitentiam
883 2010 918 2070 in
939 2009 1003 2071 hoc
1057 2012 1098 2074 ad
1114 2011 1237 2073 Christi
1252 2011 1285 2072 et
1297 2010 1413 2072 matris
1428 2012 1502 2087 ejus
1518 2009 1689 2080 honorem,
1707 2009 1742 2069 et
1754 2008 1860 2070 etiam

208 2107 342 2179 saeculo,
357 2106 484 2169 iaciunt
497 2107 589 2168 illam
603 2108 639 2169 in
651 2107 773 2169 iuturo.
789 2107 853 2169 Sed
865 2107 1003 2167 minima
1058 2109 1099 2171 ad
1112 2110 1260 2172 nostram
1274 2107 1538 2170 aedificationem.
1556 2107 1619 2168 Sed
1630 2120 1735 2185 quare
1747 2105 1861 2168 innoc

207 2218 305 2281 poena
326 2204 414 2280 ignis
433 2205 617 2281 purgatorii
643 2205 693 2267 est
720 2208 828 2283 major
851 2204 1003 2266 omnibus
1057 2206 1141 2269 resto
1161 2222 1277 2269 cereos
1297 2206 1467 2284 portamus
1489 2219 1678 2275 acccensos,
1703 2219 1749 2266 ex
1772 2202 1862 2264 libro

207 2316 282 2377 quae
312 2300 378 2362 dici
409 2301 547 2379 possunt
574 2302 627 2364 vel
653 2302 837 2379 excogitari
869 2302 905 2362 in
940 2301 1004 2362 hoc
1059 2304 1238 2382 Sapientiae
1253 2303 1360 2381 potest
1380 2302 1512 2380 conjici,
1528 2299 1586 2362 ubi
1605 2301 1763 2377 leguntur
1786 2300 1862 2362 ido-

5 2436 12 2499 ζ
75 2390 79 2395 ’
205 2397 339 2459 mundo.
356 2398 476 2459 Mulier
494 2400 665 2477 completis
681 2400 797 2462 diebus
819 2415 889 2461 suae
903 2399 1003 2477 puri·
1057 2400 1153 2465 latrae
1171 2401 1309 2463 obscure
1329 2399 1494 2462 sacrificia
1515 2398 1686 2461 iacientes.
1710 2398 1862 2461 Gentiles

207 2492 371 2556 iicationis
386 2495 570 2557 adducebat
584 2496 689 2557 illium
704 2497 745 2557 ad
761 2497 882 2559 ostium
897 2495 1006 2557 taber·
1059 2500 1148 2561 enim
1176 2498 1379 2560 februarium
1407 2512 1554 2559 mensem
1576 2495 1695 2557 inieris
1721 2495 1862 2558 dedica·

210 2590 333 2663 uaouli,
348 2591 434 2668 quod
447 2607 652 2669 unaquaeque
669 2592 776 2654 tidelis
793 2592 905 2655 anima
920 2608 1006 2654 com·
1059 2596 1147 2667 runt,
1177 2610 1216 2656 eo
1238 2594 1335 2672 quod,
1361 2594 1447 2655 sicui
1468 2594 1534 2670 ipsi
1557 2591 1785 2670 disputabant,
1806 2608 1864 2654 em

211 2686 309 2765 pletis
323 2686 439 2749 diebus
463 2704 532 2751 suae
553 2689 767 2767 paenitentiae,
788 2691 824 2751 ut
842 2690 1003 2762 diximus,
1059 2692 1176 2764 raudo,
1190 2691 1226 2752 in
1240 2691 1405 2769 principio
1422 2694 1495 2768 ejus
1509 2690 1634 2751 mensis
1655 2689 1863 2767 Proserpina

209 2784 323 2846 veniet
348 2785 424 2846 ante
450 2787 661 2863 conspectum
676 2787 810 2859 Christi,
834 2788 867 2849 et
889 2787 1006 2850 offeret
1060 2789 1156 2866 rapta
1174 2787 1283 2850 iuerat
1301 2804 1321 2849 a
1339 2788 1499 2863 Plutone;
1522 2803 1621 2865 quam
1643 2786 1732 2864 quod
1754 2788 1863 2849 mater

211 2880 316 2943 filium
331 2897 428 2943 suum
443 2884 521 2956 Deo,
538 2882 633 2956 idest,
651 2898 733 2962 opus
745 2883 936 2961 perlectum,
952 2886 1005 2948 rel
1060 2888 1133 2964 eJus
1156 2886 1255 2947 Ceres
1282 2884 1409 2947 facibus
1430 2884 1580 2946 accensis
1602 2884 1638 2944 in
1659 2884 1772 2946 Ethna
1792 2884 1864 2947 tota

210 2976 325 3051 tiliam,
360 2978 455 3052 idest,
492 2996 575 3057 opus
607 2980 845 3059 imperfectum.
882 2981 1007 3045 Offeret
1061 2984 1156 3045 nocte
1173 2998 1233 3060 per
1255 2982 1403 3044 Siciliam
1428 2982 1589 3060 quaesisse
1610 2980 1808 3053 credebant,
1831 2981 1867 3043 et

209 3074 310 3137 etiam
342 3091 476 3153 agnum,
508 3077 608 3150 idest,
637 3078 874 3141 innocentiam.
912 3080 1007 3141 Unde
1060 3081 1126 3158 ipsi
1148 3079 1190 3141 ad
1217 3080 1564 3141 commemorationem
1595 3078 1701 3155 ipsius
1730 3078 1865 3140 lacibus

209 3172 368 3234 Dominus
390 3175 549 3252 praecepit
573 3176 610 3237 in
631 3176 730 3240 Libro
760 3175 899 3238 Numeri
923 3177 1007 3239 duos
1061 3177 1212 3240 accensis
1234 3176 1349 3239 urbem
1370 3176 1411 3238 de
1425 3177 1521 3238 nocte
1542 3174 1744 3237 lustrabant.
1768 3176 1866 3239 Unde

210 3285 314 3347 agnos
340 3269 455 3333 offerri
482 3271 546 3334 sibi
572 3273 608 3333 in
633 3273 874 3347 holocaustum,
903 3290 1007 3335 unum
1061 3273 1180 3336 festum
1195 3273 1282 3335 istud
1293 3272 1474 3335 vocabatur
1486 3272 1797 3333 amburbalecum-
1807 3288 1867 3334 au·

209 3382 308 3431 mane
320 3368 353 3431 et
362 3368 504 3431 alterum
518 3386 667 3448 vespere.
680 3371 829 3434 Christus
844 3371 1007 3448 figuratus
1061 3372 1128 3434 tem
1141 3371 1254 3432 Sancti
1269 3371 1384 3432 Patres
1396 3369 1670 3431 consuetudinem
1684 3368 1787 3431 istam
1798 3384 1868 3432 non

208 3463 272 3528 ruit
285 3466 321 3528 in
336 3467 476 3544 utroque
495 3484 594 3546 agno.
618 3471 692 3546 Ipse
711 3468 774 3532 init
793 3485 898 3547 agnus
914 3468 1009 3532 obla·
1062 3468 1197 3546 possent
1210 3467 1342 3544 penitus
1362 3467 1541 3543 extirpare,
1565 3466 1815 3529 constituerunt
1831 3468 1868 3529 ut

208 3564 262 3625 tus
283 3579 391 3638 mnne,
410 3565 505 3639 idest,
521 3565 563 3627 ab
582 3566 679 3629 initio
696 3567 810 3629 mundi
829 3567 865 3628 in
887 3567 1006 3644 ligura,
1061 3567 1097 3628 in
1111 3565 1273 3628 honorem
1288 3565 1397 3625 Beatae
1420 3563 1579 3640 Virginis,
1605 3579 1721 3626 cereos
1745 3566 1867 3642 porta-

209 3662 341 3738 quando
351 3662 432 3723 Abel
443 3662 562 3725 obtulit
571 3680 693 3739 agnum
706 3664 741 3723 in
753 3664 861 3741 figura
871 3665 1005 3737 Christi,
1062 3664 1138 3725 rent
1156 3679 1333 3733 accensos;
1356 3662 1389 3723 et
1408 3661 1456 3722 sic
1471 3661 1557 3737 quod
1577 3661 1670 3737 prius
1694 3661 1866 3724 iaciebant

210 3757 244 3818 et
255 3758 336 3818 Cain
348 3757 452 3818 irater
466 3773 546 3818 suus
561 3758 680 3820 obtulit
692 3760 910 3837 manipulum.
926 3760 1008 3821 Cain
1062 3758 1273 3820 inhonorem
1297 3758 1437 3829 Cereris,
1463 3758 1560 3819 modo
1580 3756 1616 3819 iit
1634 3758 1676 3818 ad
1701 3757 1868 3821 honorem

210 3852 376 3930 significat
395 3855 551 3931 populum
573 3854 780 3931 Judaeorum,
797 3855 879 3917 Abel
901 3856 1010 3932 signi·
1062 3854 1221 3930 Virginis,
1241 3856 1274 3916 et
1298 3855 1384 3931 quod
1401 3854 1493 3931 prius
1516 3854 1617 3917 tiebat
1636 3856 1677 3916 ad
1700 3856 1868 3920 honorem

209 3948 287 4012 fleat
310 3950 487 4012 Christum.
513 3951 593 4012 Cain
619 3968 679 4029 per
699 3952 860 4013 invidiam
885 3953 1008 4015 occidit
1063 3952 1283 4029 Proserpinae,
1308 3951 1404 4012 modo
1428 3951 1525 4012 iliad
1547 3952 1709 4014 honorem
1734 3957 1867 4017 Mariae.

208 4045 290 4109 Abel
312 4046 449 4108 tratrem
470 4064 577 4121 suum,
600 4049 633 4113 et
654 4049 794 4126 populns
815 4049 1008 4112 Judaeorum
1063 4049 1111 4111 Ad
1131 4049 1279 4110 nostram
1303 4065 1432 4126 quoque
1449 4050 1627 4111 utilitatem
1648 4051 1685 4111 in
1704 4053 1870 4128 purinca-

209 4160 269 4222 per
286 4143 447 4206 invidiam
462 4145 583 4208 occidit
605 4146 782 4219 Christum,
804 4147 861 4225 qui
886 4147 1010 4208 dicitur
1063 4148 1153 4208 tione
1168 4147 1279 4207 Beaiae
1290 4146 1439 4221 Virginis
1452 4163 1566 4208 cereos
1578 4163 1740 4210 accensos
1750 4153 1872 4228 porta-

207 4242 312 4303 ihater
323 4245 407 4320 ejus,
421 4243 507 4321 quod
518 4259 561 4305 ex
572 4244 687 4306 eadem
701 4244 805 4322 stirpe
820 4246 918 4306 natus
932 4243 1007 4308 suit.
1064 4259 1149 4316 mus,
1163 4243 1200 4304 ut
1213 4242 1379 4320 purificati
1390 4258 1450 4320 per
1459 4246 1613 4319 gratiam,
1626 4261 1703 4307 cum
1713 4248 1870 4309 accensis

211 4340 305 4401 Unde
327 4343 474 4402 loannes
497 4342 533 4402 in
556 4342 755 4421 Apocalypsi
780 4364 787 4403 :
811 4347 930 4420 Apatna
950 4346 1010 4417 qut
1063 4340 1272 4418 lampadibus
1312 4341 1407 4418 quasi
1443 4342 1614 4417 prudentis
1645 4344 1798 4421 uirginis
1827 4344 1869 4407 ad

211 4440 342 4501 occisus
356 4438 408 4498 est
422 4442 464 4499 ab
478 4443 613 4516 origine
629 4443 750 4501 recurret
762 4438 878 4518 (Apoc.
894 4456 926 4512 v,
943 4437 1007 4519 12).
1064 4438 1196 4515 nuptias
1214 4437 1345 4513 ingredi
1360 4454 1557 4512 mereamur,
1584 4443 1869 4517 repraesentantes

209 4536 296 4597 Vere
310 4537 423 4612 Agnus
445 4536 574 4596 occisus
589 4536 651 4597 iuit
669 4536 710 4597 ab
728 4538 857 4612 origine
879 4536 1006 4609 mundi,
1064 4537 1175 4596 lumen
1190 4535 1868 4618 adrevelationemgentiumquodpraepa-

211 4633 299 4709 quod
312 4632 425 4710 passio
440 4632 562 4693 Christi
578 4635 611 4694 et
623 4634 824 4695 resurrectio
838 4633 902 4695 init
916 4650 1008 4711 pree-
1063 4634 1245 4695 ravitDens
1260 4634 1335 4693 ante
1351 4632 1470 4693 faciem
1487 4635 1635 4695 omnium
1647 4638 1864 4714 populorum.

211 4730 353 4807 figurata
377 4731 419 4792 ab
440 4730 537 4793 initio
561 4729 686 4791 mundi.
712 4733 787 4807 Ipse
810 4730 873 4792 fuit
896 4735 1009 4806 Agnus
1104 4734 1187 4792 Cera
1201 4731 1312 4791 autem
1337 4730 1503 4804 significat
1519 4732 1602 4793 tria:
1623 4734 1748 4810 primo,
1766 4734 1866 4797 Verbi

211 4827 340 4889 oblatus
359 4844 508 4905 vespere.
529 4828 625 4900 idest,
647 4828 738 4889 circa
761 4827 862 4889 tinem
881 4828 1007 4900 mundi,
1064 4829 1124 4890 Dei
1145 4827 1425 4901 incarnationem
1450 4829 1608 4901 secundo,
1635 4832 1716 4894 vitae
1741 4836 1867 4896 nostra

212 4924 298 5000 quod
313 4925 348 4984 in
363 4926 457 4986 sexta
473 4927 569 4988 aetate
591 4925 654 4987 fuit
669 4941 799 5002 passus,
814 4926 847 4987 et
862 4925 897 4986 in
913 4927 1009 4987 sexta
1064 4925 1317 4987 aedificationem
1327 4947 1335 4996 3
1347 4925 1456 4997 tertio,
1466 4925 1751 5000 glorificationem
1767 4947 1867 5010 quam

211 5020 466 5091 diecruciflsus,
481 5023 559 5083 etin
573 5024 667 5084 sexta
680 5023 763 5084 hora
780 5023 941 5084 mortuns.
1064 5021 1269 5092 habebimus,
1293 5022 1423 5084 Christo
1444 5023 1600 5095 donante,
1623 5025 1658 5085 in
1679 5028 1789 5089 coelis.
1814 5028 1869 5091 Si-

253 5118 378 5180 Offeret
388 5120 487 5179 etiam
502 5120 629 5195 pullum
648 5118 809 5181 columbae
824 5120 876 5180 vel
894 5120 1008 5181 turtu-
1064 5119 1199 5196 gnificat
1213 5117 1314 5181 Verbi
1329 5118 1388 5179 Dei
1410 5119 1689 5195 incarnationem,
1704 5126 1787 5202 qnia
1801 5125 1866 5188 tria

211 5231 282 5278 rem
295 5232 354 5293 pro
366 5218 511 5293 peccato.
525 5220 561 5277 ln
576 5220 704 5279 turture
716 5220 748 5280 et
763 5217 930 5286 columba,
944 5218 1010 5280 tria
1065 5219 1143 5279 sunt
1163 5217 1197 5277 in
1224 5231 1333 5287 ceree,
1363 5216 1520 5279 videlicet
1548 5235 1637 5293 cera,
1659 5238 1812 5301 papyrus
1839 5224 1873 5287 et

211 5313 460 5389 significantur:
487 5315 521 5375 in
554 5315 684 5376 turture
712 5316 860 5388 castitas,
891 5317 927 5377 in
953 5332 1011 5378 co-
1065 5316 1164 5391 ignis.
1190 5317 1254 5375 Per
1268 5329 1379 5375 ceram
1398 5330 1496 5390 quarn
1511 5318 1671 5392 operatur
1691 5320 1780 5397 apis,
1795 5322 1869 5383 sine

211 5410 323 5472 lumba
356 5412 569 5488 simplicitas3
600 5412 635 5473 in
669 5412 827 5474 ambobus
852 5414 1009 5491 gemitus,

212 5508 376 5571 aristatas.
404 5512 527 5571 Turtur
551 5510 652 5581 enim,
674 5513 797 5574 sanctae
823 5512 1007 5587 castitatis3
1066 5525 1139 5586 quae
1156 5523 1276 5568 nones
1290 5508 1507 5584 sanguinibus
1521 5527 1684 5589 nequeex
1693 5515 1872 5579 voluntate

215 5603 380 5677 columba,
395 5620 484 5667 reric
500 5606 740 5683 simplicitatis;
757 5606 862 5669 ambae
877 5608 1010 5670 cantum
1067 5606 1131 5667 riri
1151 5605 1263 5665 creata
1285 5605 1345 5677 est,
1370 5605 1426 5666 sed
1447 5622 1546 5683 opere
1575 5609 1723 5687 Spiritus
1746 5614 1873 5677 Sancti.
