3802 6166
127 282 200 347 sor
602 246 619 265 ⁶
651 300 827 363 nononn
848 292 894 367 n1
915 301 1065 389 ornan.
1080 331 1121 347 -
1142 274 1376 363 saumones.
1774 310 1835 372 eos

131 454 302 523 mmm,
320 459 508 531 quaedum
520 476 623 523 venas
645 460 839 526 intentionis
859 474 980 538 aquam
1036 456 1197 537 effugare,
1211 460 1360 538 leprosos
1373 459 1544 533 mundare,
1564 463 1713 526 mortuos
1728 469 1840 530 susci-

134 545 328 615 propositi
347 566 419 615 suo
432 571 513 619 rore
525 557 679 634 irrigant,
690 558 724 619 et
735 557 922 629 infundunt,
938 572 981 618 ne
1035 558 1118 629 tare,
1146 573 1166 618 a
1191 556 1332 620 mortuis
1357 572 1534 634 resurgere
1559 559 1746 623 divinitatis
1773 568 1835 627 est.

138 626 379 708 nuctincans
395 654 574 726 moriatur,
582 655 864 731 perseverantiam
877 655 982 732 lacry·
1036 654 1239 731 Quicumque
1263 655 1375 716 omnia
1389 655 1454 716 ista
1468 656 1574 718 credit
1594 672 1668 719 eum
1684 660 1761 720 aliis
1777 661 1839 723 bo-

143 742 303 799 marum.
333 745 491 821 Lignum
511 753 596 830 qnod
613 756 711 830 juxta
730 753 853 814 fluenta
877 768 983 829 aqua·
1035 750 1088 811 nis
1103 750 1361 827 operationibus,
1385 768 1444 828 per
1468 753 1592 814 scalam
1608 755 1706 816 istam
1722 774 1838 819 ascen·

145 838 226 935 ΝΡ
250 834 463 908 plantatum
493 852 561 923 est,
586 850 727 912 viridius
750 852 783 912 et
809 850 980 927 pulchrius
1035 848 1083 909 dit
1097 849 1201 925 etqui
1220 865 1287 910 non
1306 848 1420 921 credit,
1437 850 1617 912 descendit.
1636 854 1717 914 item
1735 877 1742 915 :
1757 872 1838 931 gra-

149 920 231 985 alns
258 946 345 997 esse
374 944 478 1017 solet,
503 950 536 1008 et
557 949 663 1023 magis
684 948 814 1010 crescit.
831 949 981 1010 Christus
1035 944 1096 1007 dus
1120 946 1220 1024 hujus
1241 946 1340 1007 scalae
1362 947 1439 1008 sunt
1467 950 1658 1025 Evangelia,
1680 967 1740 1028 per
1762 969 1836 1030 quae

152 1031 235 1094 ergo
255 1026 379 1096 dictus
402 1042 457 1105 est
472 1044 597 1121 lignum
612 1045 698 1122 quiid
725 1046 909 1123 plantatum
931 1047 981 1106 θεῖ
1035 1044 1121 1105 totus
1138 1042 1279 1104 mundus
1293 1044 1430 1120 regitur.

152 1130 258 1181 secus
291 1127 469 1201 decursus
496 1158 669 1219 aquarum,
686 1143 765 1221 quia
789 1143 929 1205 viridior
947 1147 980 1205 et
1075 1141 1222 1213 Quatuor
1236 1145 1314 1203 sunt
1327 1142 1502 1218 qualitates
1517 1143 1558 1204 de
1576 1144 1696 1221 quibus
1717 1149 1834 1209 sancta

152 1211 304 1283 uberior
320 1227 391 1295 tuit
411 1236 448 1298 in
464 1241 574 1315 gratia
589 1242 719 1303 caeteris
736 1242 872 1302 sanetis.
888 1240 980 1303 Unde
1035 1239 1214 1315 Evangelia
1250 1241 1472 1301 contexuntur
1495 1257 1502 1301 :
1527 1244 1710 1319 praecepta,
1742 1261 1839 1306 man·

149 1315 197 1385 in
213 1315 438 1401 Evangelio:
462 1341 513 1399 De
532 1339 744 1412 pterattudtae
768 1343 842 1412 eiras
862 1353 981 1401 oraaes
1034 1334 1132 1408 data,
1153 1337 1364 1409 testimonia,
1394 1337 1557 1414 exempla.
1588 1341 1624 1399 in
1657 1343 1836 1418 proeceptis

151 1421 384 1500 Willmus,
398 1435 436 1494 et
455 1436 609 1511 gratiam
623 1451 692 1510 pro
709 1435 980 1517 gratia(Joan.1‚
1031 1432 1172 1509 justitia,
1190 1433 1225 1493 in
1238 1434 1404 1496 mandatis
1415 1434 1575 1508 charitas,
1585 1437 1620 1496 in
1635 1438 1837 1499 testimoniis

157 1506 289 1587 10)·Et
299 1524 483 1595 pulchrior
494 1532 646 1594 omnibus
658 1534 731 1595 tuit.
750 1534 842 1597 Unde
854 1534 978 1596 David:
1035 1529 1127 1602 tides,
1151 1530 1185 1591 in
1204 1532 1366 1608 exemplis
1390 1531 1559 1609 perfectio.
1583 1537 1754 1612 Proeoepta
1777 1537 1837 1596 lm·

159 1614 358 1688 spectasses
368 1625 654 1705 forrnaprasittts
661 1634 837 1693 barreteam
847 1635 978 1710 (Pali,
1029 1628 1173 1704 jusmodi
1188 1630 1283 1690 sunt:
1299 1633 1342 1690 Io
1352 1633 1447 1691 atam
1460 1632 1837 1707 aeattamaeabteritts

161 1702 237 1789 23).
266 1712 309 1775 Et
345 1720 457 1787 isaias
478 1749 486 1788 ι
511 1728 582 1789 Iste
613 1731 788 1803 torraocas
823 1733 860 1790 ta
893 1730 980 1792 stota
1035 1722 1165 1804 (matti.
1181 1742 1215 1797 x,
1231 1725 1278 1804 5).
1295 1729 1364 1788 Hoc
1374 1729 1435 1799 est,
1452 1728 1615 1790 declinaa
1630 1730 1729 1791 maio.
1742 1732 1835 1791 Man·

34 1858 37 1865 ·
166 1820 499 1887 albamarensis
513 1826 730 1888 multitudine
751 1827 894 1888 otrteetts
907 1842 980 1889 raca
1034 1822 1121 1894 data,
1138 1824 1174 1885 ut
1198 1824 1261 1885 hoc
1276 1845 1283 1884 :
1300 1826 1504 1887 Mandatum
1527 1840 1655 1887 aarum
1668 1830 1710 1889 do
1725 1831 1831 1900 vobis,

173 1912 236 1995 (is.
253 1922 353 1987 nxnr,
376 1917 421 1999 1).
444 1923 515 1985 iste
535 1925 709 1998 teneoras
731 1927 768 1985 ta
791 1925 878 1986 stota
901 1938 977 1997 saa,
1033 1920 1072 1980 at
1099 1922 1249 1996 dittpotts
1272 1925 1420 1983 inuicem
1446 1920 1556 2000 (toan.
1581 1938 1654 1995 xrn,
1677 1922 1743 2003 34),
1768 1925 1832 1986 hoc

172 2008 276 2081 idest,
295 2009 331 2072 in
357 2015 477 2081 habitu
503 2019 719 2083 humanitatis
732 2044 739 2096 ;
752 2025 917 2097 gradiens
941 2025 979 2083 ta
1033 2018 1094 2088 est,
1112 2016 1165 2079 tac
1179 2017 1302 2080 bonum
1326 2019 1359 2079 et
1378 2019 1576 2081 charitatem
1590 2021 1701 2098 imple.
1725 2023 1836 2084 Testi-

173 2108 399 2179 mrdtitadiae
414 2120 556 2180 virtutis
567 2134 652 2191 suae,
670 2119 766 2191 idest,
779 2120 813 2179 in
831 2119 978 2196 potentia
1028 2115 1170 2177 monia:
1188 2117 1266 2188 Quae
1295 2116 1329 2176 in
1352 2132 1410 2177 ore
1433 2117 1574 2178 duorum
1589 2118 1641 2181 vel
1661 2120 1774 2193 trium,
1799 2122 1836 2181 ut

178 2223 249 2274 suae
264 2207 462 2277 divinitatis.
478 2217 518 2277 Et
531 2216 638 2292 magis
654 2216 743 2288 aliis,
756 2220 916 2293 quantum
936 2217 978 2278 ad
1033 2212 1096 2273 hoc
1110 2234 1118 2273 ε
1134 2215 1312 2276 ‹Joannes
1340 2213 1508 2290 perhibuit
1535 2215 1761 2277 testimonium
1791 2218 1832 2279 de

179 2309 411 2386 apparentiam
431 2314 642 2386 exteriorem,
665 2314 700 2374 in
722 2314 885 2391 sapientia
905 2330 980 2376 cre-
1033 2325 1085 2371 me
1097 2328 1134 2383 s,
1149 2311 1207 2372 sed
1228 2311 1333 2372 habeo
1348 2313 1573 2374 testimonium
1588 2316 1706 2390 majus,
1721 2315 1830 2377 idest:

179 2407 239 2470 vit.
254 2407 347 2470 Unde
358 2410 393 2471 in
404 2411 583 2487 Evangelio
601 2432 608 2471 :
624 2416 722 2473 Paer
730 2415 832 2473 lesus
844 2427 979 2474 cresce
1032 2410 1143 2470 Pater
1156 2413 1229 2484 ipse
1249 2413 1307 2483 pat
1322 2414 1359 2471 ta
1378 2426 1435 2471 me
1448 2412 1576 2483 maeret,
1594 2412 1831 2475 testimoniam

180 2506 237 2567 bat
263 2507 298 2566 et
317 2509 578 2581 corisortabatar
596 2514 720 2583 plenas
739 2510 921 2583 sapientia,
944 2510 978 2570 et
1027 2507 1184 2579 perhibet
1203 2510 1245 2568 de
1258 2522 1314 2568 mc
1327 2504 1436 2586 (ioan.
1454 2523 1515 2579 vn,
1529 2506 1592 2587 18).
1608 2510 1778 2587 Exempla,
1795 2514 1833 2573 ut

180 2604 298 2681 pratia
323 2609 387 2666 Det
410 2606 489 2667 erat
502 2621 581 2666 cam
604 2609 658 2666 illo
679 2605 771 2684 (Luc.
798 2620 835 2673 11,
852 2604 917 2684 40).
940 2609 977 2669 Ιιι
1032 2603 1094 2664 hoc
1118 2625 1125 2663 ε
1150 2620 1169 2662 ‹
1192 2604 1316 2666 ltiscite
1342 2620 1362 2664 a
1388 2621 1440 2666 me
1468 2606 1545 2682 quia
1578 2607 1667 2667 mitis
1698 2624 1771 2670 sum
1800 2611 1833 2672 et

180 2701 254 2779 ipso
275 2701 364 2762 enim
385 2703 422 2763 ut
442 2702 620 2778 Apostolus
637 2702 694 2774 ait,
710 2704 840 2765 habitat
865 2708 977 2766 omnis
1032 2699 1167 2760 humilis
1179 2700 1317 2761 corde».
1330 2703 1369 2762 Et
1385 2703 1616 2779 :Estoteerao
1627 2703 1661 2764 et
1675 2718 1736 2767 vos
1751 2720 1832 2780 per·-

178 2799 353 2875 pteattaao
391 2798 585 2860 atotrvttatts
630 2801 857 2874 corporaliter
894 2798 975 2880 (Go-
1030 2796 1122 2871 teeti,
1137 2798 1227 2859 saar
1241 2798 1275 2858 et
1288 2799 1683 2862 Pateroestercaetestis
1695 2804 1833 2876 persec-

184 2897 263 2958 loss.
279 2912 316 2964 ιι,
336 2894 380 2965 9).
397 2898 437 2958 in
458 2895 532 2957 ideo
547 2895 631 2957 bene
653 2895 738 2969 dico,
752 2898 910 2974 quantum
934 2898 976 2958 ad
1032 2895 1088 2955 tus
1099 2894 1151 2956 est
1165 2891 1295 2971 (Metili.
1312 2910 1345 2966 v,
1360 2893 1425 2974 48).
1443 2896 1481 2957 nt
1497 2900 1725 2972 :eaaaptam
1736 2903 1831 2962 enim

181 2994 508 3071 apparentiamquia
518 3009 617 3071 quam
628 2994 693 3055 cito
707 2993 769 3056 tuit
783 2996 973 3072 conceptus,
1031 2993 1108 3053 dedi
1117 2994 1220 3066 oobts,
1236 2993 1276 3053 at
1294 2994 1329 3054 et
1343 3006 1403 3054 vos
1417 2993 1468 3053 tta
1479 2996 1617 3069 factatis
1629 2994 1740 3073 (Joan.
1754 3012 1828 3070 xnr,

180 3090 297 3152 habuit
325 3091 422 3168 plene
447 3106 577 3152 omnem
601 3091 811 3168 sapientiam.
842 3092 913 3154 Hoc
934 3092 978 3153 li·
1032 3088 1095 3164 15).
1119 3090 1166 3151 De
1180 3090 1344 3166 praecepto
1365 3090 1445 3151 dicit
1456 3090 1829 3170 navid:«Praeceptum

178 3204 279 3264 gnum
293 3188 373 3249 tunc
389 3188 573 3265 plantatum
597 3188 658 3260 est,
675 3189 807 3265 quando
826 3189 862 3250 in
881 3191 976 3251 utero
1030 3185 1163 3246 Domini
1188 3186 1345 3259 lucidum,
1375 3186 1568 3249 illuminans
1597 3189 1711 3252 oculos
1724 3208 1753 3252 ι.
1782 3194 1830 3252 De

179 3286 329 3362 Virginis
343 3287 393 3347 est
407 3285 617 3348 incarnatum
633 3285 729 3347 sicut·
741 3285 777 3346 in
796 3287 975 3363 Evangelio
1031 3283 1185 3345 mandato
1202 3305 1209 3343 :
1226 3285 1372 3345 «Latum
1394 3284 1585 3346 mandatum
1604 3287 1696 3348 tuum
1716 3286 1829 3349 nimis.

179 3381 249 3445 alt:
269 3386 414 3445 Verbum
431 3396 514 3444 caro
534 3383 666 3457 saetam
690 3383 744 3444 est
763 3383 798 3445 et
810 3384 976 3448 babitavtt
1030 3380 1093 3453 Qui
1120 3381 1209 3442 enim
1230 3380 1339 3457 diligit
1352 3383 1550 3458 proximum,
1576 3383 1683 3460 legem
1711 3385 1833 3463 imple-

178 3483 216 3541 ta
227 3484 324 3543 aabts
338 3477 448 3559 (toan.
462 3494 485 3551 1,
503 3479 567 3557 14).
1029 3479 1078 3540 vit
1091 3494 1121 3539 r.
1137 3481 1184 3540 De
1198 3478 1397 3541 testimoniis
1414 3501 1422 3541 :
1438 3497 1456 3538 a
1471 3481 1673 3543 Testimonia
1697 3484 1752 3544 tua
1777 3484 1833 3545 in-

216 3578 361 3640 Verbum
380 3577 449 3649 Dei,
473 3577 560 3639 idest
574 3577 680 3638 Filius
700 3577 770 3650 Dei,
788 3577 873 3641 idest
887 3580 975 3639 Deus
1029 3574 1143 3637 tellexi
1158 3594 1188 3636 r.
1200 3578 1257 3638 nt:
1272 3576 1536 3639 «Testimonium
1547 3579 1784 3643 Dominitidele
1795 3599 1826 3644 ».

176 3676 381 3747 incarnatus,
398 3675 454 3752 qui
476 3674 583 3736 iactus
598 3673 648 3735 est
660 3689 703 3736 θιι
715 3675 842 3735 semine
857 3675 972 3746 David,
1030 3673 1110 3734 Plus
1121 3673 1209 3733 enim
1220 3672 1285 3734 tide
1297 3672 1398 3735 animi
1413 3689 1511 3751 quam
1521 3674 1627 3736 oculis
1639 3679 1752 3738 carnis
1765 3681 1830 3740 tes-

38 3812 45 3819 ·
176 3773 357 3835 secundum
366 3785 501 3833 carnem
516 3771 686 3833 descendit
700 3772 735 3833 in
750 3773 900 3844 matrem,
917 3772 974 3833 sed
1029 3770 1167 3831 timonia
1183 3770 1344 3847 indigent.
1360 3771 1518 3848 lixempla
1531 3774 1675 3834 menime
1689 3774 1830 3838 historia

39 3930 46 3939 ,
176 3869 337 3932 remansit
351 3884 426 3929 cum
436 3868 972 3945 Patresuscepithumanitatem,
1029 3867 1186 3929 eontinet.
1214 3870 1251 3928 ln
1280 3868 1332 3928 his
1355 3870 1496 3944 quatuor
1516 3870 1732 3946 qualitatibus
1752 3876 1831 3936 sunt

177 3967 234 4029 sed
256 3966 395 4028 retinuit
406 3965 581 4027 Deitatem.
596 3969 689 4028 Nam
707 3980 787 4026 cam
804 3969 842 4027 in
860 3968 975 4041 [orara
1029 3964 1138 4034 timor,
1155 3964 1247 4036 tides,
1264 3980 1350 4041 spes,
1366 3965 1523 4026 charitas.
1539 3967 1671 4028 Timore
1686 3984 1830 4048 namque

173 4068 238 4128 Det
250 4064 350 4136 esset,
366 4077 436 4125 aaa
449 4065 613 4136 rapt-nam
628 4062 820 4124 arbitratus
834 4066 886 4125 est
900 4078 975 4125 esse
1029 4061 1217 4138 incipimus,
1245 4062 1309 4122 tide
1337 4078 1508 4124 servamus
1533 4065 1618 4140 qurod
1636 4064 1826 4143 incipimus,

174 4177 212 4224 se
236 4164 403 4235 aequatem
430 4162 512 4228 Deo,
541 4159 737 4220 eataaatvtt
762 4173 801 4220 se
822 4162 975 4234 [orosam
1029 4172 1086 4236 spe
1106 4159 1277 4234 erigimur,
1294 4158 1456 4221 charitate
1471 4175 1751 4224 consummamur.
1770 4166 1830 4226 ri-

173 4262 269 4323 serat
283 4261 453 4333 accipiens
467 4261 504 4318 ta
520 4257 782 4318 similitudmem
796 4261 975 4320 bominum
1029 4256 1080 4317 nis
1096 4255 1185 4316 enim
1200 4256 1359 4332 praecepti
1375 4256 1425 4317 est
1439 4257 1596 4318 charitas.

173 4354 776 4433 stetissetbabitataeeatusatbomo
787 4351 924 4433 (Philip.
935 4370 972 4427 ιι,
1067 4353 1110 4414 lii
1136 4354 1213 4414 sunt
1234 4356 1375 4430 quatuor
1400 4370 1530 4415 menses
1554 4356 1630 4416 ante
1659 4372 1826 4432 messem,

172 4455 218 4536 6).
233 4452 563 4528 Hocautemlignum
579 4467 644 4513 non
659 4452 694 4512 in
708 4451 790 4513 rivis
804 4452 860 4513 sed
877 4466 973 4515 secus
1028 4466 1111 4527 quos
1149 4451 1301 4512 Christus
1338 4452 1493 4527 praedixit
1514 4473 1521 4512 :
1539 4456 1673 4526 Nonae,
1703 4458 1826 4530 taedeat,

173 4555 332 4615 decursus
358 4566 518 4628 aquarum
535 4550 719 4627 plantatum
742 4564 817 4611 esse
839 4549 972 4621 dicitur,
1027 4548 1825 4630 praatuormeasessaatantemessem(loanav,

173 4653 250 4731 quia
264 4652 336 4728 ipse
350 4650 500 4711 Christus
515 4648 592 4708 lieet
603 4646 703 4710 tuerit
715 4646 862 4708 bumana
873 4663 973 4708 carne
1027 4647 1102 4722 35)t
1114 4645 1193 4706 utet
1207 4660 1266 4705 nos
1281 4660 1340 4721 per
1354 4647 1518 4722 praecepta
1534 4647 1592 4708 Dei
1608 4651 1641 4709 et
1655 4650 1826 4723 mandata,

173 4750 323 4821 vestitus,
338 4750 527 4810 nontamen
547 4745 609 4808 tuit
629 4745 775 4806 humana
791 4744 973 4821 fragilitate
1027 4743 1216 4805 testimonia
1248 4745 1347 4820 atque
1375 4745 1548 4821 exempla,
1578 4748 1726 4807 maturos
1752 4751 1828 4825 post

172 4848 328 4925 pollutus.
1022 4840 1186 4918 judicium
1206 4841 1368 4901 metamus
1389 4856 1463 4901 oum
1485 4842 1607 4917 gaudio
1626 4842 1775 4917 tructus;
1794 4847 1827 4907 θῖ

212 4945 368 5020 Sequitur
384 4942 494 5005 :Vidit
507 4941 610 5005 Jacob
626 4941 762 5003 scalam.
779 4944 815 5001 ln
831 4941 973 5003 hisduo·
1027 4937 1133 5015 quiin
1149 4938 1305 5014 lacrymis
1325 4938 1454 4999 timoris
1476 4939 1602 5000 semina
1619 4941 1826 5016 poenitentiae

170 5043 232 5104 bus
258 5041 357 5117 lignis
381 5040 504 5101 diversi
528 5043 605 5103 sunt
628 5041 751 5116 gradus
766 5039 876 5116 positi,
893 5040 971 5116 quia
1021 5034 1236 5112 jactavimus,
1264 5036 1435 5111 portantes
1462 5035 1638 5097 charitatis
1666 5038 1826 5116 manipu-

170 5141 348 5203 inChristo
364 5138 506 5198 diversae
533 5140 611 5200 sunt
630 5137 852 5215 operationes.
873 5139 972 5208 Quae-
1026 5133 1075 5193 los
1099 5148 1174 5193 cum
1199 5131 1320 5207 gaudio
1347 5134 1508 5193 metamus
1534 5133 1568 5192 in
1596 5133 1692 5195 coelo.
1720 5138 1821 5197 item:

170 5241 245 5301 dam
261 5237 348 5298 enim
366 5235 444 5297 tecit
459 5236 495 5296 ut
509 5238 607 5308 Deus,
625 5235 775 5313 quaedam
790 5250 871 5296 vero
887 5250 968 5311 pas·
1024 5230 1148 5307 gradus
1174 5229 1273 5306 liujus
1301 5229 1400 5290 scalae
1427 5230 1505 5290 sunt
1530 5229 1644 5291 decem
1666 5233 1822 5296 mandatu

170 5354 227 5401 sus
240 5337 335 5398 estut
349 5335 458 5396 homo.
473 5334 622 5396 comedit
636 5336 670 5394 et
679 5332 772 5405 bibit,
785 5332 926 5394 esurivit
937 5334 970 5394 θῖ
1024 5329 1119 5404 legis,
1134 5344 1208 5403 quae
1223 5327 1334 5387 omnia
1357 5325 1433 5387 sunt
1447 5327 1668 5404 operationes,
1685 5330 1718 5391 et
1736 5346 1826 5407 prae-

169 5434 284 5505 sitivit,
302 5431 467 5503 dormivit,
494 5448 612 5508 passus
634 5435 685 5492 est
707 5429 795 5491 etad
816 5430 967 5490 ultimum
1022 5427 1117 5503 cepta
1136 5428 1215 5488 ,iesu
1235 5425 1369 5486 Christi.
1386 5425 1589 5502 Quicumque
1608 5442 1687 5501 ergo
1703 5427 1824 5489 ohser-

168 5534 317 5595 mortuus
330 5529 390 5590 cst.
407 5528 524 5589 Omnia
539 5528 605 5588 ista
619 5527 786 5605 pertinent
797 5526 839 5586 ad
855 5526 969 5587 huma·
1022 5525 1078 5585 vat
1100 5524 1264 5600 praeoepta
1289 5522 1460 5597 Evangelii
1489 5522 1522 5583 et
1549 5523 1704 5585 mandata
1724 5525 1820 5602 legis,

168 5630 316 5693 nitatem.
339 5628 451 5688 Caecos
474 5641 554 5688 vero
577 5624 779 5697 illuminare,
798 5623 967 5686 daemones
1021 5620 1170 5684 ascendit
1183 5620 1225 5683 ad
1246 5618 1414 5681 Christum
1437 5634 1496 5698 per
1515 5620 1639 5682 scalam
1658 5620 1769 5696 istam,
1788 5626 1821 5687 θῖ
