3794 6166
115 330 137 391 b
435 331 461 391 1.
475 332 574 396 -m
594 330 849 397 unrrvimrn
862 327 1013 389 uenam
1034 324 1185 387 mama
1206 323 1395 386 v1no1u1s
1727 326 1765 386 10
1840 308 1844 313 '
1880 326 1889 399 ¹.

120 492 258 557 ahrahae
276 509 380 573 quam
400 496 518 569 bavld,
539 495 725 575 carpatiae
743 494 783 556 de
802 493 914 555 radice

120 592 209 655 besse
219 607 322 671 quam
336 593 501 656 deradice
515 592 658 657 Abrahae
673 592 823 654 Christus
834 606 916 667 prae·

122 687 239 751 dicitur
254 691 469 753 nasciturust

160 786 321 850 Redditur
335 788 410 849 haec
424 788 548 865 triplex
564 788 651 850 ratio
666 809 673 846 ε
688 786 806 863 primo,
821 801 917 863 prop-

125 885 172 945 ter
179 884 399 945 accidentiam
409 884 595 960 dignitatis;
614 883 768 955 secundo,
783 883 916 959 propter

128 981 369 1058 expressionem
390 982 633 1055 similitudinis3
655 981 764 1051 tertio,
783 981 917 1057 propter

130 1078 311 1140 firmitatem
326 1078 571 1155 promissionis.
588 1079 681 1139 Licet
699 1079 786 1138 enim
805 1077 916 1138 Abra-

131 1174 199 1237 ham
218 1191 348 1252 magnae
369 1175 474 1237 luerit
491 1176 672 1252 dignitatis,
695 1176 807 1251 utpote
825 1190 917 1251 prae-

132 1272 240 1350 aipuus
249 1273 598 1351 patriarcha,maj0ris
613 1274 724 1334 tamen
735 1272 916 1348 luitdigni-

135 1368 202 1430 tatis
218 1369 334 1442 David,
346 1368 447 1432 veluti
466 1370 768 1432 excellentissimus
789 1385 915 1445 regum,

136 1466 164 1527 et
178 1466 319 1527 eximius
338 1467 584 1543 prophetarum.
608 1470 682 1545 lpse
706 1467 838 1544 quidem
857 1465 919 1527 luit

139 1564 251 1639 primus
271 1579 334 1626 rex
357 1564 481 1626 electus
510 1565 543 1625 et
560 1565 774 1625 confirmatus
796 1579 816 1624 a
837 1566 916 1625 1)οο.

139 1661 210 1721 Nam
228 1660 308 1721 Saul
327 1660 454 1723 electus
469 1677 535 1724 non
554 1661 673 1734 fuerat,
695 1662 752 1723 sed
770 1662 916 1738 exortus,

141 1758 184 1833 qui
201 1758 390 1820 confirmari
411 1773 478 1821 non
501 1759 633 1831 meruit,
655 1758 711 1819 sed
732 1759 840 1835 potius
864 1773 920 1818 re·

141 1854 268 1931 probari.
302 1855 397 1918 Unde
421 1858 571 1933 quamvis
599 1857 634 1917 in
661 1857 748 1917 serie
774 1871 919 1934 genera-

141 1950 225 2013 tionis
234 1952 358 2015 Christi
371 1968 391 2014 a
406 1953 511 2015 David
527 1970 631 2031 usque
646 1953 687 2015 ad
700 1954 921 2029 transmigra-

141 2048 247 2111 tionem
270 2048 449 2128 Babylonis
476 2067 590 2112 onmes
615 2066 712 2127 reges
736 2049 918 2120 extiterint,

142 2146 302 2209 ltatthaeus
311 2146 920 2210 tamenantonomasticesolumbavid

141 2258 236 2323 1030111
250 2245 407 2323 appellat.
427 2246 489 2307 Hic
511 2261 590 2321 ergo
611 2245 773 2322 processit
791 2245 832 2305 de
850 2243 918 2315 illo,

140 2342 285 2419 propheta
294 2342 454 2405 videlicet
462 2343 505 2404 de
517 2342 689 2421 propheta,
703 2358 765 2402 ren
777 2342 817 2402 de
829 2357 919 2416 rege,

139 2442 243 2501 matus
275 2438 316 2502 de
341 2439 456 2511 uncto,
483 2440 561 2518 quia
589 2437 857 2514 frequentissime
886 2437 921 2498 in

138 2535 308 2614 scripturis
327 2552 387 2613 per
404 2536 509 2598 David
534 2535 733 2610 intelligitur
757 2535 919 2607 Christus

134 2634 174 2694 be
186 2633 243 2695 illo
255 2632 418 2711 siquidem
430 2634 552 2709 legitur
568 2655 576 2694 :
592 2636 716 2695 Incerti
726 2635 837 2693 David
845 2647 923 2695 ser-

133 2745 209 2792 rnm
235 2746 363 2803 nwicna,
389 2737 460 2793 olco
484 2732 701 2793 sanctonico
728 2732 923 2791 0100101011

131 2825 196 2907 (Pe.
215 2828 267 2900 88,
282 2826 349 2907 21).
360 2830 401 2889 Et
414 2828 450 2888 in
463 2828 595 2888 Psalmo
614 2849 621 2886 :
642 2828 747 2889 Unait
762 2828 806 2898 10,
816 2829 920 2899 Dens,

130 2928 221 2986 baiis
250 2925 427 2987 10010100
454 2925 584 2987 icet-itia
606 2940 683 2999 pra
709 2924 923 2985 consortibus

128 3022 197 3082 tuis
227 3018 302 3099 (Pe.
330 3024 386 3094 41,
415 3019 465 3100 8).
496 3023 675 3099 Propterea
703 3020 740 3080 in
766 3020 924 3095 genealo-

127 3118 182 3194 gia
195 3117 320 3180 Christi
330 3118 436 3181 David
446 3118 658 3195 praemittitur
670 3118 703 3178 et
720 3117 924 3194 praeponitur

969 489 1070 551 tuerit
1083 487 1260 551 illustriori
1281 487 1441 565 martyrio
1454 488 1623 558 coronata,
1640 487 1764 564 quanto

969 588 1101 664 dignior
1113 586 1164 649 est
1178 587 1289 648 anima
1304 600 1404 646 carne
1419 585 1575 648 humana.

1010 688 1090 747 Item
1113 684 1284 746 sciendum
1307 683 1465 761 estquod
1489 699 1603 743 omnes
1623 698 1767 757 gencra-

969 784 1078 844 tiones
1092 781 1282 858 significant
1294 780 1460 858 proiectus
1475 781 1673 852 animarum,
1691 781 1767 857 qui·
1877 792 1881 851 ζ

969 880 1031 941 hus
1052 880 1093 941 de
1111 880 1233 942 virtute
1261 880 1297 938 in
1323 879 1479 940 virtutem
1505 879 1696 940 ascenditur
1724 879 1765 940 ad

971 980 1084 1038 Deum.
1128 977 1242 1038 Item:
1270 979 1372 1037 Liber
1411 977 1650 1053 perierationis
1683 980 1768 1038 Jesn

972 1076 1100 1138 Christi
1113 1077 1176 1148 11111
1191 1077 1312 1145 David,
1333 1075 1400 1145 fitii
1418 1078 1602 1136 Adraha-ni.
1618 1074 1674 1135 lsti
1690 1077 1769 1136 sunt

972 1173 1044 1234 duae
1056 1172 1231 1244 columnae,
1249 1188 1331 1249 quas
1346 1187 1445 1232 verus
1464 1172 1622 1248 pacificus
1639 1172 1672 1232 in
1688 1189 1767 1234 ves-

972 1270 1075 1332 tibulo
1090 1271 1205 1347 templi
1225 1270 1335 1346 posuit
1354 1269 1430 1329 ante
1444 1269 1575 1342 ostium,
1593 1285 1675 1346 quas
1695 1286 1768 1332 am-

971 1367 1020 1430 bit
1029 1367 1196 1428 funiculus
1212 1366 1384 1428 duodecim
1403 1365 1599 1439 cubitorum,
1621 1366 1662 1428 de
1679 1383 1766 1444 quo-

972 1481 1045 1526 rnm
1054 1465 1163 1526 medio
1174 1465 1325 1526 Christus
1338 1464 1458 1525 ostium
1469 1463 1680 1526 credentibus
1692 1481 1768 1543 ape·
1850 1476 1854 1485 “

972 1563 1068 1636 ritur,
1096 1562 1151 1639 qui
1176 1561 1217 1623 de
1245 1577 1281 1624 se
1304 1561 1413 1623 dicit:
1433 1565 1507 1638 leno
1529 1576 1608 1623 seem
1629 1563 1765 1625 ostiam.
1881 1572 1885 1579 ·

973 1664 1046 1721 Per
1055 1674 1111 1721 nae
1122 1663 1154 1721 si
1168 1663 1245 1734 qais
1255 1659 1442 1731 introierit,
1457 1660 1657 1728 salvabitnr,
1671 1661 1705 1721 et
1719 1663 1770 1720 in·

972 1757 1767 1833 0101110101,οί09101101000100100010000101

975 1852 1134 1933 (1001111,
1149 1853 1194 1932 9).
1210 1856 1317 1915 Unam
1337 1853 1536 1926 columnam,
1551 1853 1639 1915 idest
1649 1854 1766 1927 David,
1861 1918 1864 1923 ,

974 1949 1078 2011 ambit
1123 1949 1291 2010 funiculus
1340 1949 1513 2010 duodecim
1566 1947 1767 2018 cubitorum,

974 2045 1069 2118 idest,
1087 2047 1191 2107 coetus
1206 2046 1379 2107 duodecim
1408 2045 1660 2121 Prophetarum.
1683 2046 1771 2107 Alte·

974 2159 1047 2203 ram
1071 2158 1150 2204 vero
1176 2143 1379 2214 columnam,
1406 2142 1561 2204 videlicet
1590 2140 1768 2216 Abraham,
1885 2156 1891 2161 ·

975 2239 1078 2300 ambit
1121 2239 1288 2300 funiculus
1343 2238 1516 2300 duodecim
1566 2238 1770 2311 cubitorum,

976 2337 1070 2407 idest,
1093 2336 1195 2397 caetus
1217 2336 1389 2396 duocecim
1414 2336 1696 2397 Patriarcharum.
1717 2336 1772 2397 Si-

976 2433 1031 2495 cut
1051 2432 1140 2493 enim
1168 2431 1210 2492 ah
1233 2432 1400 2493 Abraham
1425 2431 1597 2494 duodecim
1622 2432 1773 2495 Patriar-

976 2529 1048 2591 chae
1072 2529 1209 2606 nepotes
1242 2523 1348 2606 ipsius
1378 2529 1559 2592 carnaliter
1591 2529 1775 2592 descende·

976 2627 1064 2698 runt,
1080 2627 1128 2688 sic
1141 2627 1241 2688 etiam
1255 2642 1276 2688 a
1291 2626 1396 2687 David
1410 2626 1583 2688 duodecim
1596 2627 1771 2704 Prophetae
1888 2622 1891 2629 '

977 2724 1161 2785 imitatores
1173 2722 1278 2801 ipsius
1294 2722 1512 2801 spiritualiter
1526 2725 1769 2801 processerunt.

976 2820 1143 2883 Abraham
1157 2822 1213 2898 qui
1227 2822 1277 2883 est
1294 2821 1421 2898 primus
1439 2822 1475 2883 in
1488 2822 1770 2898 generationibus,

978 2918 1251 2995 significatlldem
1267 2934 1340 2995 quae
1349 2918 1456 2996 prima
1471 2920 1567 2981 estin
1580 2918 1771 2986 virtutibus,

978 3016 1064 3078 sicut
1078 3016 1159 3078 dicit
1176 3017 1373 3092 Apostolus:
1388 3018 1471 3080 Sine
1487 3019 1553 3089 ride
1568 3019 1773 3090 inipcssibiie

978 3114 1029 3176 est
1040 3119 1178 3189 placere
1190 3118 1260 3175 Deo
1273 3110 1388 3191 (Hebr.
1405 3130 1452 3186 xv,
1468 3115 1549 3193 olet
1560 3114 1651 3176 nulla
1667 3114 1773 3177 virtus

125 3214 282 3277 Abrahae.
310 3217 424 3286 Liber,
443 3215 563 3292 inquit,
586 3215 822 3291 generationis
840 3218 923 3276 Jesn

126 3313 257 3377 aaran
270 3314 334 3385 11111
347 3315 459 3375 David
472 3312 535 3385 liiii
549 3315 708 3375 Abrabae.

978 3213 1028 3273 est
1051 3211 1165 3272 sinon
1186 3212 1401 3287 placetbe03
1427 3211 1509 3273 tides
1532 3212 1639 3289 prima
1666 3212 1717 3274 est
1736 3212 1772 3273 ln

165 3408 271 3474 iacob
293 3409 530 3487 interpretatur
555 3410 799 3489 supplantator,
825 3412 857 3474 et
876 3412 925 3472 si·
978 3405 1058 3467 dicit
1069 3404 1247 3482 Apostolus
1265 3426 1272 3465 :
1292 3407 1440 3467 Credere
1461 3405 1595 3479 oportet
1611 3406 1775 3466 acceden-

125 3504 265 3587 gnidcat
279 3506 415 3569 Beatam
430 3508 582 3581 Mariam,
606 3511 745 3586 quaeest
764 3509 925 3586 supplan·
979 3503 1049 3563 teni
1060 3506 1105 3563 aa
1117 3506 1229 3563 Deam
1243 3504 1324 3574 qnia
1338 3502 1400 3570 est,
1421 3501 1455 3562 et
1472 3500 1723 3575 iriqiairentibns
1735 3515 1774 3563 sc

127 3602 243 3677 tutrix,
264 3606 353 3683 quod
376 3606 603 3683 supplantavit
625 3605 804 3667 diabolum.
830 3605 924 3666 Unde
978 3597 1226 3660 remunerator
1267 3593 1464 3675 sit(1bid.).
1495 3598 1566 3657 Duo
1594 3595 1775 3658 dixitesse
1856 3682 1859 3687 Ι

128 3703 355 3780 scriptumest
373 3688 410 3763 in
430 3703 551 3765 Genesi
568 3724 575 3762 :
598 3706 680 3778 Ipsa
697 3702 850 3765 coartaret
861 3718 923 3764 ca·
979 3693 1154 3766 credenda,
1177 3692 1342 3765 videlicet,
1359 3692 1445 3771 quod
1460 3695 1547 3754 Deus
1564 3692 1625 3766 est,
1641 3693 1674 3755 et
1688 3694 1775 3772 quod
1860 3724 1866 3739 =

123 3801 191 3876 pret
204 3801 315 3869 inum,
329 3801 364 3861 et
380 3801 419 3862 ta
432 3802 652 3862 insidiaberis
673 3805 837 3862 caziianeo
850 3804 925 3875 esus
978 3792 1171 3855 remunerat
1183 3790 1390 3868 inquirentes
1409 3807 1456 3864 se,
1479 3790 1574 3864 idest,
1591 3790 1774 3869 110110000-

129 3894 292 3976 (demur,
308 3894 372 3977 15).
396 3898 496 3960 Beata
519 3897 623 3973 Virgo
642 3897 750 3958 Maria
769 3897 926 3960 contrivit
979 3891 1105 3953 rantes.

128 3993 230 4072 caput
243 3993 418 4072 serpentis,
435 3993 531 4066 idest,
545 3995 790 4071 suggestionem
807 3993 926 4056 daemo-
1020 3991 1114 4051 Isaac
1143 3987 1383 4064 iuterpretatur
1416 3987 1505 4048 risus
1542 3989 1575 4050 et
1609 3986 1777 4064 significat

127 4091 194 4164 nis,
208 4090 295 4169 quod
316 4105 378 4152 nec
400 4092 570 4168 peccatum
594 4091 701 4169 potuit
721 4091 753 4152 ei
774 4090 925 4153 diabolus
980 4102 1072 4165 spem
1086 4101 1159 4163 quae
1173 4084 1253 4146 lacit
1265 4086 1363 4146 matri
1376 4085 1410 4145 in
1418 4088 1521 4148 Deum
1533 4084 1680 4162 speranti
1692 4101 1777 4163 gau-

128 4186 283 4260 auadere,
299 4190 442 4265 necejus
455 4189 605 4249 animum
619 4187 661 4250 ad
672 4187 925 4251 delectationem
981 4185 1071 4246 dium
1106 4183 1146 4244 de
1181 4182 1399 4244 retributione
1429 4184 1578 4259 perenni.
1617 4182 1711 4246 Unde
1744 4183 1778 4245 et

128 4284 283 4347 illicitam
299 4285 472 4347 inclinare.
496 4284 559 4347 Sed
568 4285 865 4348 tameninsidiatus
877 4285 928 4348 est
982 4281 1085 4343 David
1099 4279 1229 4341 dicebat
1240 4279 1324 4340 bene
1340 4280 1549 4357 sperantibus
1565 4302 1573 4341 :
1593 4282 1778 4343 Laternini

129 4380 291 4443 calcaneo
304 4384 388 4460 eius,
411 4382 541 4459 quando
557 4383 593 4444 in
608 4383 715 4445 morte
729 4382 852 4444 Christi
866 4382 929 4443 do-
982 4383 1019 4441 in
1038 4382 1185 4441 Dominio
1199 4378 1234 4438 et
1251 4379 1404 4440 ennitaie
1418 4379 1509 4452 justi
1521 4376 1626 4459 (Psal.
1642 4381 1693 4452 31,
1712 4379 1774 4457 11).

129 4478 206 4540 1010
217 4479 385 4556 passionis
399 4478 522 4541 afflicta
539 4479 599 4541 est.
617 4480 711 4541 Unde
724 4478 759 4540 in
773 4481 928 4555 11101110-
981 4478 1022 4538 ut
1033 4474 1209 4552 Apostolus
1224 4496 1232 4534 ε
1249 4475 1400 4536 6001010
1420 4479 1457 4536 in
1479 4480 1626 4539 Dominio
1639 4489 1779 4551 seraper

129 4574 179 4637 lio
193 4597 202 4636 ι
216 4580 325 4638 Tnam
339 4577 848 4651 ipsinsanirnnmpertransibit
861 4580 930 4652 ala·
984 4573 1087 4654 (Psal.
1115 4589 1160 4645 1v,
1181 4572 1224 4645 4).
1253 4575 1327 4650 lpse
1347 4573 1449 4635 Jacob
1469 4574 1526 4650 qui
1542 4573 1779 4649 interpretatur

129 4676 210 4735 dine
225 4673 320 4753 (Luc.
342 4688 379 4746 11,
403 4672 622 4752 0510111110
642 4673 698 4751 qui
716 4674 930 4751 pertransivit
984 4672 1214 4748 supplantator
1226 4670 1394 4747 significat
1408 4671 1604 4733 charitatem
1615 4686 1688 4748 quae
1703 4687 1779 4747 sup

978 3306 1104 3375 electis,
1119 3307 1154 3368 ut
1170 3308 1290 3368 caetera
1312 3307 1398 3368 bona
1418 3306 1486 3368 sint
1504 3308 1651 3384 accepta.
1679 3306 1773 3369 Unde
1873 3320 1880 3325 ·

129 4768 280 4833 enimam
304 4772 416 4832 Beate
437 4770 564 4843 Mariae,
591 4770 757 4847 significat
782 4772 928 4833 dolorem
984 4769 1122 4847 plantat,
1148 4768 1244 4837 idest,
1271 4768 1376 4830 vincit
1395 4767 1563 4828 diabolum
1583 4769 1616 4830 et
1632 4783 1780 4830 amorem
1885 4784 1890 4793 ’

130 4882 230 4946 quem
243 4867 362 4929 hahuit
377 4867 418 4928 de
433 4867 495 4929 tilii
505 4868 557 4929 sui
570 4868 737 4944 passione.
754 4869 828 4930 Non
841 4869 930 4931 enim
985 4867 1107 4928 carnis.
1123 4867 1216 4928 Unde
1233 4866 1389 4926 Salomon
1404 4887 1411 4925 :
1432 4868 1549 4927 Portis
1570 4867 1622 4928 est
1635 4866 1674 4927 nt
1685 4882 1782 4930 rriors

129 4963 335 5026 sinedolore
358 4964 472 5027 videre
493 4965 600 5042 potuit
615 4964 930 5042 tiliumpendentem
984 4967 1127 5037 11100110,
1158 4969 1247 5026 derra
1286 4963 1374 5025 sicnt
1413 4966 1570 5038 infernas
1609 4966 1782 5027 celerantia

128 5063 169 5123 in
179 5077 289 5130 cruce,
300 5061 406 5139 spinis
417 5064 622 5136 coronatum,
634 5062 739 5124 clavis
750 5063 928 5137 0001111011,
986 5060 1780 5143 (00111.1111,6).111ἒο0110(110110110111001111011,

129 5159 219 5221 sicut
229 5158 311 5220 dicit
320 5159 502 5236 Propheta:
514 5160 824 5223 Fodernntnianns
834 5176 932 5224 meas
987 5161 1083 5237 quod,
1101 5160 1137 5222 ut
1152 5159 1199 5234 ait
1213 5159 1332 5221 beatus
1348 5160 1547 5237 Gregorius:
1560 5161 1680 5222 «Sicut
1693 5176 1783 5221 mors

129 5258 167 5319 et
186 5259 291 5333 pedes
306 5271 401 5318 meos
422 5257 456 5318 01
483 5259 795 5321 dtrinrneraveracnt
814 5263 932 5323 ornnia
987 5275 1106 5337 corpus
1126 5259 1298 5331 interimit,
1320 5259 1368 5320 sic
1388 5258 1535 5321 charitas
1559 5257 1728 5323 hominem
1742 5260 1784 5321 ah

131 5360 212 5416 ossa
230 5353 930 5434 mea(Ps.21‚17).lneoautemquod
987 5357 1136 5434 appetitu
1170 5356 1405 5433 temporalium
1446 5372 1558 5418 rerum
1596 5357 1726 5421 occidit.
1766 5376 1785 5419 »

130 5452 278 5513 dicitur:
297 5456 404 5513 Tuam
419 5456 692 5526 ipstnsanirnani
703 5456 932 5527 pertransibit
987 5454 1181 5527 AEmulatio,
1208 5455 1304 5527 idest,
1325 5455 1483 5528 charitas,
1513 5457 1564 5518 est
1595 5456 1679 5519 dura
1701 5458 1787 5519 sicut

131 5549 708 5629 010110100101111101(1101Βο110
732 5552 851 5624 Maria,
867 5569 933 5615 non
989 5554 1151 5626 internus,
1176 5554 1261 5632 quod
1283 5555 1369 5616 sicut
1391 5553 1541 5617 internus
1569 5572 1666 5634 quem
1685 5555 1787 5617 somel

132 5648 295 5720 incarne,
314 5647 370 5709 sed
392 5648 427 5709 in
453 5648 570 5727 spiritu
593 5664 691 5726 passa
707 5650 768 5724 est,
792 5653 825 5712 et
841 5652 933 5713 111110
988 5652 1134 5715 tenuerit
1158 5669 1340 5731 numquam
1354 5654 1528 5730 relinquit,
1550 5654 1598 5714 sic
1623 5656 1656 5714 01
1674 5651 1788 5713 chari-
