3802 6166
171 336 232 397 355
636 328 813 393 5535535555
835 330 881 393 111
903 331 1052 395 35335.
1066 360 1108 378 -
1129 330 1364 395 sanniones.
1761 330 1822 392 353

166 494 339 572 33335333,
354 491 434 567 agit.
449 489 854 566 DequoidernPsalmista
868 512 875 551 :
888 493 969 554 Non
1022 506 1071 564 v1,
1092 490 1156 571 12).
1181 493 1220 553 111
1244 492 1292 552 313
1312 488 1461 551 dolemus
1485 488 1595 561 corda,
1623 488 1823 551 confitemur

168 591 332 654 1531113111
346 592 383 650 155
395 590 507 649 aredio
519 590 640 650 (133333
651 603 739 651 35333
748 591 806 662 qui
818 590 969 663 focitau·
1022 603 1095 660 ore,
1132 590 1165 650 et
1199 588 1422 651 satisfacimus
1459 587 1675 648 nihilominus
1707 602 1820 664 opere.

166 692 324 765 3351133(
340 688 409 763 (Ρ3.
426 688 494 757 100,
511 684 556 764 7).
575 686 737 763 Superbia
752 686 884 747 habitus
904 688 965 758 est,
1023 687 1100 748 Tria
1120 687 1208 748 enim
1232 688 1267 748 in
1287 687 1346 749 illa
1367 687 1521 749 tunsione
1543 684 1820 747 considerantur:

170 785 302 862 quando
324 784 435 854 homo,
457 783 493 843 ut
510 782 679 858 gloriosus
701 786 870 861 appareat,
892 798 969 860 pre-
1023 784 1129 857 laesio,
1144 786 1282 858 scilicet,
1298 802 1412 857 sonus,
1429 787 1462 846 et
1480 800 1615 858 manus,
1630 785 1664 843 in
1679 783 1824 845 laesione

169 882 264 944 313313
280 897 316 940 33
330 879 479 941 vestibus
495 880 604 952 ornat,
621 882 736 942 contra
751 880 838 958 quod
856 884 968 957 Apos-
1024 884 1200 958 contriti03
1217 883 1252 945 in
1264 900 1346 945 sono
1359 882 1535 954 confessio,
1547 883 1580 941 in
1596 898 1697 941 manu
1709 882 1822 958 operis

84 1040 87 1045 .
168 980 255 1043 tolus
273 978 373 1040 etiam
389 977 586 1039 mulieribus
601 978 682 1040 (11313
697 1000 704 1038 :
721 982 800 1042 1133
823 979 970 1041 15333313
1024 981 1219 1043 satisfactio.
1238 985 1336 1057 Ergo,
1362 981 1493 1052 fratres,
1518 981 1752 1041 convertamur
1779 978 1822 1038 ad

164 1078 322 1153 pretioso
335 1074 422 1155 (Pet.
436 1092 487 1148 111,
500 1073 546 1154 3).
561 1077 601 1138 Et
615 1076 793 1137 Dominus:
808 1078 970 1143 313155331-
1025 1079 1200 1140 Dominum
1220 1079 1338 1141 1553333
1358 1079 1456 1139 corde
1471 1079 1585 1139 nostro
1603 1074 1774 1153 gementes
1790 1077 1824 1137 et

169 1178 256 1237 libus
273 1175 473 1236 vestiuntur
493 1178 531 1235 1η
551 1177 705 1236 3133511133
737 1189 861 1250 raptura
888 1175 970 1235 salai
1025 1177 1173 1238 dolentes
1186 1177 1227 1238 de
1241 1176 1386 1254 peccatis
1403 1176 1539 1247 nostris,
1555 1174 1585 1235 si
1603 1175 1687 1235 forte
1704 1176 1738 1235 et
1750 1174 1824 1250 ipse

171 1271 303 1351 (1131115.
325 1287 372 1343 xi,
389 1270 435 1351 8),
457 1270 514 1332 ubi
529 1271 685 1348 superbia
705 1271 861 1333 abundat.
888 1273 969 1333 ltem
1025 1276 1238 1336 convertatur
1251 1275 1292 1335 ad
1312 1291 1374 1336 nos
1396 1274 1430 1334 in
1445 1273 1675 1334 misericordia
1695 1288 1768 1343 sua,
1790 1274 1825 1332 et

170 1371 288 1447 quater
300 1369 422 1431 dicitur
443 1370 564 1430 animae
577 1369 610 1429 in
627 1369 763 1431 cantico
777 1369 967 1439 revertere,
1026 1372 1192 1450 relinquat
1207 1371 1302 1434 nobis
1317 1373 1393 1449 3333
1404 1388 1439 1432 33
1454 1371 1600 1448 aliquam
1616 1369 1826 1430 benedictio-

170 1468 317 1529 secundo
340 1466 381 1527 ab
401 1466 513 1528 inutili
535 1466 671 1528 tristitia
693 1467 886 1539 (33351353,
900 1467 971 1528 335-
1025 1486 1112 1531 nem.
1138 1472 1211 1547 lpse
1235 1470 1324 1531 enim
1348 1471 1399 1531 est
1420 1472 1507 1530 Deus
1526 1467 1823 1543 indulgentiarum,

171 1565 218 1626 tio
234 1564 275 1625 ab
290 1563 384 1625 inani
402 1564 510 1640 gloria
532 1566 722 1633 reuertere,
740 1565 857 1641 quarto
874 1579 895 1624 a
916 1563 970 1624 la·
1025 1568 1077 1629 cui
1088 1567 1479 1645 propriumestmisereri
1491 1566 1661 1642 semperet
1672 1580 1824 1641 parcere.

170 1663 255 1724 tenti
272 1661 439 1739 superbia.
454 1661 567 1722 inanis
587 1661 693 1737 gloria
709 1662 760 1722 est
771 1678 845 1738 quae
860 1660 901 1722 ab
912 1676 970 1721 ore
1064 1665 1188 1741 Vigilat
1203 1681 1333 1743 quoque
1351 1667 1439 1725 Deus
1453 1680 1513 1740 per
1529 1663 1723 1733 custodiam,
1747 1678 1824 1723 curn

172 1759 344 1821 hominum
358 1759 448 1821 venit
459 1758 679 1830 extrinsecus,
691 1757 847 1835 superbia
862 1758 970 1820 latens
1026 1765 1215 1841 peccatores
1235 1762 1387 1837 nolentes
1401 1762 1494 1823 exiro
1515 1778 1537 1823 a
1555 1764 1690 1838 peccato
1710 1765 1826 1821 custo-

173 1858 281 1918 oritur
307 1858 519 1918 intrinsecus.
549 1858 629 1916 Cum
654 1856 726 1916 baec
752 1856 863 1918 omnia
887 1857 969 1918 vitia
1026 1862 1084 1932 dit,
1116 1875 1157 1921 ne
1186 1860 1320 1921 omnino
1349 1859 1589 1921 absorbeantur
1622 1874 1642 1919 a
1678 1857 1824 1919 diabolo.

172 1955 348 2033 reliquerit
375 1952 498 2028 anima,
525 1952 709 2015 intuebitur
729 1970 804 2015 eam
829 1970 971 2031 sponsus
1028 1957 1119 2018 Unde
1135 1956 1241 2017 isaias
1258 1978 1265 2016 :
1284 1958 1416 2029 Custos,
1436 1959 1518 2030 quid
1532 1959 1574 2017 (13
1588 1954 1825 2025 vinciemalus

174 2056 257 2131 ejus.
1026 2055 1268 2129 qacidcicoocic
1280 2052 1338 2132 (ls.
1354 2069 1390 2125 11,
1415 2052 1480 2132 11).
1493 2055 1550 2113 Ε33
1563 2055 1650 2113 Deru
1664 2052 1823 2127 vigilans,

214 2154 310 2225 Ergo,
325 2149 457 2221 fratrea,
473 2150 642 2211 doleamus
655 2150 695 2211 de
706 2150 884 2227 praeteritis
900 2166 972 2227 pec·
1027 2152 1149 2229 quippe
1162 2151 1307 2212 custodit
1319 2167 1378 2211 nos
1392 2150 1426 2211 in
1441 2151 1537 2211 nocte
1551 2150 1715 2210 malarum
1731 2148 1826 2225 cogi-

173 2249 268 2319 catis,
283 2248 478 2308 resistamus
493 2248 724 2324 praesentibus,
742 2264 919 2309 caveamus
932 2248 971 2307 (13
1026 2250 1201 2320 tationem,
1223 2252 1255 2310 33
1271 2249 1306 2309 in
1322 2249 1416 2310 nocte
1437 2248 1599 2308 malorum
1616 2263 1765 2323 operum,
1782 2263 1826 2308 ne

173 2346 304 2407 futuris
333 2345 418 2405 Hinc
444 2345 601 2421 estquod
625 2361 759 2405 oramus
781 2345 816 2406 155
841 2346 973 2406 3355133-
1027 2346 1179 2407 (113153133
1202 2347 1238 2407 13
1260 2347 1372 2407 anima
1393 2346 1520 2423 pariter
1542 2347 1575 2406 31
1600 2361 1738 2420 3353353
1764 2360 1827 2405 nos

175 2444 271 2505 sione
292 2443 440 2505 (11333133
457 2464 464 2502 :
485 2443 647 2504 Dimittat
663 2446 832 2505 Donaiuus
856 2447 973 2505 omniu
1029 2445 1218 2516 interliciat,
1236 2446 1269 2505 et
1282 2445 1374 2505 velut
1386 2443 1556 2505 victimam
1570 2459 1664 2503 suam
1677 2442 1712 2502 in
1726 2441 1827 2502 infer·

169 2542 312 2615 3333313
341 2542 471 2612 uestra,
498 2541 694 2613 3553135113,
713 2541 916 2614 prosecta,
939 2540 972 2600 et
1028 2558 1106 2602 num
1129 2541 1293 2603 detrudat.
1317 2544 1356 2602 Et
1379 2540 1442 2601 hoc
1466 2540 1562 2601 modo
1586 2540 1704 2615 vigilat
1725 2555 1828 2615 super

174 2639 635 2712 (131((1555133333531351133.
654 2636 972 2698 ldcircotrianobis
1028 2656 1088 2701 nos
1114 2638 1156 2699 ad
1181 2639 1356 2709 cautelam,
1387 2654 1428 2698 ne
1455 2638 1527 2698 sine
1547 2637 1696 2698 custodia
1719 2636 1828 2713 ipsius

176 2737 253 2796 sunt
265 2735 466 2806 necessaria,
482 2735 579 2807 idest,
597 2734 706 2796 curulis
724 2735 890 2805 3355151313,
905 2735 973 2795 3513
1027 2737 1208 2798 existentes
1218 2736 1361 2812 amplius
1373 2751 1510 2795 ruamus
1522 2750 1581 2811 per
1593 2733 1686 2793 varia
1701 2749 1827 2809 genera

176 2832 353 2902 confessio,
371 2832 404 2892 et
418 2832 528 2907 operis
543 2830 737 2892 satisfactio.

216 2931 262 2990 De
272 2929 378 3004 prima
392 2928 514 2989 dicitur
523 2928 559 2989 in
569 2929 706 2990 Actibus
718 2928 950 3005 Apostolorum
963 2944 970 2981 :

174 3030 241 3090 His
262 3027 390 3089 eraditis
404 3027 597 3100 compuncti
615 3024 913 3104 35313355133133.
934 3042 971 3096 11,

174 3123 242 3204 35).
263 3125 302 3185 Et
325 3123 409 3186 socii
437 3123 555 3184 Daniel
577 3123 612 3183 in
637 3124 768 3184 camino
794 3123 971 3185 dixerunt:

174 3225 412 3294 Peccavimus,
435 3224 595 3291 Domine,
613 3224 673 3282 seli
694 3225 732 3283 13
753 3224 874 3281 ultima
892 3237 974 3283 3355-

175 3320 261 3381 15113
269 3319 302 3381 31
311 3319 440 3393 spiritu
449 3320 655 3380 133311113113
664 3320 974 3393 susotpiomuruie

176 3416 273 3497 (1133.
287 3432 338 3489 lli,
357 3415 425 3496 39).
441 3420 488 3477 Do
504 3416 661 3487 secundo,
680 3416 775 3488 idest,
792 3417 827 3476 in
842 3416 975 3477 confes·

177 3515 271 3577 sione
287 3515 479 3593 praecipitur
495 3515 530 3575 in
548 3515 652 3577 veteri
666 3516 876 3576 Testamento
890 3531 897 3569 :
911 3517 976 3589 Ε)-

175 3614 309 3689 [3531133
323 3629 442 3675 corum
459 3616 511 3675 1113
523 3616 629 3674 cordo
647 3612 847 3692 3331555013.
863 3613 913 3683 61,
926 3611 972 3690 9).

176 3713 217 3772 Et
235 3712 271 3771 in
295 3726 380 3772 novo
395 3710 538 3772 lacobus
558 3712 593 3769 in
616 3711 762 3786 Epistola
787 3710 971 3771 canonica:

178 3809 396 3880 Colafilemiut
435 3808 646 3869 alterutrum
677 3809 819 3881 peccota
855 3808 975 3867 eastra

177 3904 263 3984 (133.
284 3922 316 3973 5,
339 3903 402 3984 111).
429 3906 476 3965 113
501 3905 597 3965 135313
621 3904 702 3966 (11313
719 3905 793 3966 1331
813 3905 850 3964 in
871 3903 975 3964 veteri

177 4004 387 4064 'testamento
412 4023 419 4061 :
443 4001 695 4063 Colavcrtimiui
720 4004 765 4063 ud
789 4005 971 4062 Dominum

177 4104 215 4161 155
225 4102 361 4172 jejunio
382 4099 415 4159 ei
437 4098 722 4173 11313313133313
742 4098 827 4177 (1331
851 4113 887 4170 ll,
909 4083 979 4175 12).Ι

177 4198 217 4258 Et
236 4196 271 4255 in
289 4211 377 4256 novo
393 4197 539 4257 ioannes
563 4195 711 4271 Baptista
730 4212 738 4252 ε
757 4196 875 4256 Facite
892 4210 976 4271 erpo

176 4294 312 4369 1533133
324 4294 445 4368 digitos
456 4292 676 4365 paerzitcattoe
695 4291 789 4372 (Luc.
807 4308 858 4365 555,
874 4292 919 4373 8).
938 4295 976 4354 ln

177 4391 287 4453 cordis
313 4390 514 4452 contritione
535 4390 646 4451 anirna
666 4390 813 4463 lavatur,
843 4392 878 4452 in
908 4391 976 4453 oris

178 4487 974 4565 confessionepoenamodificaturettemperatur,

177 4589 212 4649 in
223 4587 334 4665 operis
348 4585 577 4647 satisfactione
591 4602 688 4662 poena
703 4586 835 4664 3331133
848 4587 978 4648 relaxa·

177 4689 244 4748 tur.
261 4690 299 4748 ln
309 4685 416 4763 primo
431 4686 576 4746 Lazarus
586 4683 620 4743 in
635 4685 847 4745 monumento
863 4701 979 4747 resur-

179 4785 240 4861 git,
255 4784 290 4845 in
306 4783 452 4845 secundo
466 4783 506 4843 de
521 4784 733 4843 monumento
751 4782 840 4843 foras
857 4782 975 4859 prodit,

180 4880 215 4940 in
230 4881 328 4942 tertio
344 4879 591 4958 335333313133
606 4879 882 4956 vincula,quibus
892 4880 979 4956 liga-

182 4981 233 5039 tus
253 4980 335 5047 erat,
357 4978 502 5054 deponit.
529 4980 566 5039 In
590 4978 696 5054 primo
716 4993 736 5038 a
765 4978 904 5039 Domino
924 4978 977 5039 le-

1029 2834 1250 2910 peccatorum.
1268 2833 1303 2895 Si
1314 2834 1414 2903 euim,
1431 2834 1467 2893 ut
1482 2832 1563 2893 (11313
1575 2831 1698 2893 Ρ33133
1712 2849 1718 2891 ;
1733 2836 1829 2893 Deris

1025 2947 1091 3007 pro
1114 2935 1218 3002 ((3113,
1243 2935 1319 3005 quis
1337 2932 1460 2991 333153
1481 2944 1543 2991 nos
1565 2927 1674 3007 (Rom.
1697 2944 1743 3000 1v,
1756 2927 1826 3006 31).

1028 3029 1132 3090 Valde
1156 3028 1245 3089 enim
1264 3028 1359 3088 nobis
1384 3026 1612 3103 peccatoribus
1635 3026 1828 3087 necessaria

1028 3128 1077 3188 est
1092 3126 1241 3187 custodia
1252 3129 1335 3202 ejuS,
1348 3125 1437 3202 quia,
1452 3126 1488 3186 ui
1499 3124 1621 3185 Paulus
1634 3123 1715 3185 (11313
1727 3141 1735 3179 :
1747 3127 1830 3185 bion

1027 3238 1148 3285 335533
1162 3224 1372 3297 sufficientes
1382 3223 1534 3299 33311353
1552 3224 1681 3295 aliquid
1694 3223 1831 3282 (533113

1029 3325 1188 3395 3333133
1202 3323 1297 3381 nobis
1312 3318 1358 3398 (ll
1371 3321 1444 3379 Gor.
1462 3334 1511 3391 111,
1529 3317 1574 3397 5),
1596 3317 1693 3395 quasi
1714 3318 1825 3379 dicat:

1029 3436 1104 3479 curn
1128 3419 1231 3479 simus
1253 3419 1454 3494 peccatores,
1480 3416 1564 3476 nillil
1581 3415 1659 3477 boni
1684 3432 1744 3492 per
1766 3431 1832 3476 nos

1029 3516 1141 3578 133353
1155 3532 1343 3593 possumus,
1358 3516 1391 3575 et
1403 3515 1451 3576 313
1462 3513 1580 3589 vigilat
1593 3513 1753 3574 Dominus
1767 3530 1828 3573 su-

1029 3631 1088 3692 per
1103 3630 1163 3675 nos
1173 3630 1241 3688 per
1252 3615 1453 3675 custodium.

1068 3712 1193 3787 Vigilat
1206 3711 1304 3772 etiam
1332 3713 1419 3771 Deus
1438 3724 1506 3784 per
1523 3710 1712 3771 uindictam
1729 3708 1832 3769 malis

1029 3809 1247 3880 inferendam,
1269 3808 1347 3884 quia
1363 3808 1481 3883 vigilat
1501 3809 1588 3867 Deus
1606 3821 1706 3883 super
1729 3805 1832 3866 mali·

1028 3907 1109 3968 tiam
1124 3908 1333 3983 pcccatorum
1348 3907 1546 3976 nostrorum,
1564 3904 1600 3965 ut
1612 3904 1755 3965 adducat
1767 3904 1832 3964 ini-

1030 4005 1172 4082 quitates
1192 4005 1324 4063 nostras
1345 4003 1386 4063 ad
1413 4001 1615 4079 puniendum
1631 4017 1732 4077 super
1753 4017 1830 4062 nos.

1031 4101 1124 4163 Unde
1159 4100 1275 4161 Daniel
1304 4100 1339 4161 iu
1374 4116 1516 4177 persona
1542 4100 1734 4161 Judaeorum
1761 4101 1831 4159 Deo

1031 4214 1161 4274 semper
1190 4200 1305 4259 contra
1338 4197 1518 4258 dicentium
1551 4198 1626 4257 ait:
1669 4196 1831 4271 vigilavit

1030 4299 1197 4358 llomtuus
1215 4311 1322 4369 super
1338 4296 1509 4355 5331111333
1525 4295 1558 4355 31
1580 4294 1728 4354 addimit
1748 4308 1831 4353 earn

1030 4410 1136 4468 super
1157 4407 1219 4455 ((33
1240 4392 1337 4472 (11355.
1368 4408 1415 4464 rx,
1445 4390 1509 4469 14).
1541 4392 1595 4452 Sic
1624 4407 1684 4453 nos
1711 4391 1833 4451 timere

1032 4492 1198 4562 debemus,
1216 4493 1252 4552 ut
1266 4490 1458 4568 iniquitates
1477 4490 1607 4550 nostras
1628 4504 1692 4548 non
1710 4504 1834 4549 cumu-

1032 4591 1078 4652 let
1103 4605 1202 4667 super
1226 4604 1286 4650 nos
1310 4588 1343 4650 et
1373 4587 1575 4649 aeternaliter
1604 4586 1730 4662 puniat.
1760 4588 1832 4647 Hoc

1032 4686 1127 4749 modo
1140 4686 1257 4762 vigilat
1269 4685 1462 4762 exjustitia,
1475 4686 1508 4746 ot
1517 4683 1670 4759 vigilabit
1684 4684 1834 4744 manime

1032 4786 1067 4848 in
1087 4784 1152 4845 flue
1173 4783 1298 4855 mundi,
1320 4798 1394 4843 cum
1415 4782 1544 4844 venerit
1563 4781 1717 4859 judicare
1736 4781 1832 4842 vivos

1032 4884 1065 4945 et
1077 4884 1234 4953 mortuos,
1252 4880 1393 4959 quando,
1410 4880 1497 4941 sicut
1509 4879 1588 4941 dicit
1599 4879 1743 4940 Paulus:
1758 4881 1834 4942 Om-

1033 4996 1094 5041 ((33
1103 4980 1316 5041 adstabimus
1327 4980 1408 5040 alltc
1420 4979 1570 5040 tribunat
1578 4978 1704 5038 eluisti
1720 4974 1833 5055 (Rom.

179 5075 271 5152 prosi
300 5076 470 5147 curantur,
501 5076 535 5135 in
565 5076 710 5137 secundo
741 5077 777 5137 ut
805 5075 979 5137 ostendant
1033 5094 1101 5149 5115,
1134 5076 1186 5155 10)
1207 5076 1342 5154 judicis,
1368 5078 1405 5137 ut
1430 5076 1569 5152 recipiat
1600 5073 1834 5152 unusquisque

180 5171 309 5249 seipsos
324 5171 550 5233 sacerdotibus
564 5172 817 5240 demandantur,
832 5173 867 5233 in
880 5172 978 5234 tertio
1033 5176 1214 5237 secundum
1229 5192 1270 5236 ea
1291 5191 1363 5254 quae
1383 5175 1495 5251 gessit,
1521 5174 1591 5234 sive
1613 5173 1736 5234 bonum
1761 5172 1835 5233 sive

181 5270 222 5331 ad
238 5271 348 5330 castra
367 5268 408 5329 ab
423 5268 505 5345 ipsis
525 5270 754 5332 sacerdotibus
767 5272 977 5333 revocantur.
1034 5274 1171 5347 malurn,
1188 5274 1265 5352 quia
1281 5273 1406 5343 reddet,
1422 5272 1537 5331 eluiem
1553 5270 1835 5347 toste,unicuique

180 5370 260 5429 llaec
278 5367 343 5428 tria
359 5366 577 5442 designantur
590 5366 625 5427 in
644 5368 800 5429 tunsione
818 5368 878 5431 illa
901 5385 981 5448 pec·
1035 5372 1217 5433 secundum
1231 5385 1332 5447 opera
1347 5382 1419 5427 sua.
1437 5366 1584 5438 Quatuor
1596 5368 1673 5426 suut
1688 5366 1835 5428 retribu-

181 5466 275 5538 toris,
301 5464 378 5542 quia
395 5464 530 5542 pectora
547 5464 660 5526 nostra
680 5466 850 5529 tundimus
865 5467 981 5531 dicen·
1034 5471 1162 5533 tionum
1181 5482 1329 5543 genera:
1351 5464 1416 5525 duo
1441 5462 1475 5523 in
1493 5462 1556 5524 hoc
1577 5462 1700 5523 saeculo
1721 5464 1753 5523 et
1768 5463 1834 5525 duo

180 5566 232 5627 tes
254 5563 421 5627 :Dimitte
435 5563 531 5625 nobis
551 5563 663 5624 debito
683 5565 817 5633 (333153,
839 5568 927 5629 simu
947 5567 980 5629 ci
1034 5567 1069 5627 in
1087 5565 1210 5626 futuro.
1230 5561 1413 5626 Retributio
1429 5558 1658 5637 prosperitatis
1678 5561 1711 5620 et
1726 5560 1837 5621 abun-

182 5677 245 5726 533
256 5661 465 5725 dimittimus
482 5659 689 5725 debitoribus
701 5663 833 5727 nostris
847 5663 978 5743 (13133115.
1035 5662 1156 5725 (1331133
1175 5662 1376 5739 iniquorum,
1402 5658 1642 5719 familiaritatis
1662 5661 1695 5719 et
1715 5659 1837 5733 graue
