3794 6166
70 235 131 296 769
695 234 922 296 EPISTOLAE.
947 236 1024 296 LIB.
1049 233 1089 295 tl.
1656 240 1716 299 770

67 393 256 456 resistendi.
281 396 351 458 Hoc
376 394 532 458 nimirum
556 393 708 473 exemplo
734 397 769 457 et
787 393 865 457 aliis
1248 419 1395 509 001)st

67 492 192 561 multis,
218 492 337 571 quibus
361 493 488 556 erudiri
516 491 686 566 debuerat,
713 490 866 571 arguitur

66 591 209 668 populus
224 590 445 665 Christianus,
461 591 518 669 qui
533 592 653 654 etcum
673 591 721 653 sic
735 589 777 652 ad
790 589 864 653 ira·
920 565 972 624 M
992 565 1187 638 ⁰9²³⁰⁰Wm
1205 563 1493 627 silvanectensem
1509 565 1543 627 ⁶2
1560 568 1717 630 abbatem

67 686 222 750 cundiam
236 688 490 766 provocavit‚ab
504 692 578 768 ejus
587 687 752 752 mandatis
769 687 867 751 audi·
961 663 1137 723 camum
1163 675 1205 722 Μ
1233 665 1513 726 archidiaconum
1532 667 1715 727 Camera-

66 784 148 858 tum,
179 788 212 848 et
237 802 389 864 gressum
416 803 438 849 a
462 786 589 850 semitis
618 787 809 859 auertendo,
830 787 867 848 ut
959 771 1105 820 mem·
1215 837 1328 895 mmm
1342 838 1411 897 lm

67 883 289 962 proptereJus
311 885 457 947 offensas
473 885 507 947 in
523 902 617 948 suam
637 882 865 947 nereditatem
1098 951 1104 962 .
1219 952 1225 964 ,
1413 882 1420 897 '
1646 957 1652 968 ·

67 984 183 1059 gentes
208 985 324 1045 venire
351 984 549 1061 permiserit,
577 986 610 1046 et
632 983 740 1060 ipsum
765 982 865 1058 digna
951 948 1073 1015 [¹³⁶⁸“2'’
1086 951 1686 1023 ¹¹¹²¹¹·⁰¹'¹³‘·¹⁰⁹³·M⁸⁸·L⁸P⁰'¹⁰‘¹⁰T¹¹⁰¹¹·]

67 1080 296 1145 satisfactione
321 1081 466 1160 placare,
494 1082 536 1143 ad
564 1081 800 1159 percutientem
829 1095 867 1141 ΒΘ
943 1057 1103 1159 blandatut
1115 1059 1193 1159 litem
1206 1059 1280 1116 inter
1294 1060 1459 1164 episcopum
1475 1062 1657 1122 Suessiouen.
1672 1071 1701 1123 et

67 1177 240 1241 humiliter
249 1181 457 1248 revertendo,
471 1179 632 1242 hactenus
645 1194 711 1241 non
724 1175 864 1249 curavit,
1009 1148 1287 1222 m⁸³⁰f⁰¹¹¹⁰¹¹¹⁸d³m
1303 1158 1623 1225 ⁰¹V¹¹⁸t¹⁸⁰⁰¹¹¹p⁰¹¹⁸¹¹¹·
1820 1260 1824 1265 ι

67 1278 204 1352 propter
213 1275 298 1353 qnod
310 1276 351 1337 ad
360 1277 589 1340 liberationem
598 1278 710 1338 Terrae
724 1277 865 1347 Sancta,
961 1274 1139 1347 Honorius,
1154 1278 1230 1345 etc„
1243 1277 1440 1338 venerabilii
1453 1277 1549 1341 iratri
1563 1278 1718 1357 episcopo

69 1373 167 1452 quasi
210 1374 332 1436 trustra
371 1374 567 1437 laborarunt
606 1375 867 1452 praedecessores
921 1372 955 1433 et
979 1371 1214 1434 archidiacono
1243 1374 1467 1447 cameracen„
1499 1378 1581 1439 et...
1607 1377 1719 1440 abbati

68 1470 175 1533 nostri
190 1472 332 1533 Romani
345 1472 541 1548 pontifices3
558 1471 682 1534 frustra
704 1469 868 1533 laboravit
923 1470 1099 1532 caroliloci
1111 1471 1305 1533 cistercien.
1317 1471 1402 1545 ord„
1412 1473 1721 1537 silvanectendioe-

68 1569 102 1630 et
115 1569 257 1646 populus
271 1569 491 1641 Christianus,
506 1569 570 1630 nisi
586 1569 663 1647 qnia
675 1567 769 1631 multi
780 1567 820 1630 ad
835 1567 867 1628 id
923 1566 1020 1628 cesis.

68 1665 211 1729 ferventi
226 1667 391 1730 desiderio
406 1667 612 1737 insistentes,
624 1667 687 1730 etsi
699 1668 867 1729 terrenam
962 1664 1171 1727 Venerabilis
1192 1665 1295 1728 irater
1318 1668 1468 1729 noster...
1494 1669 1668 1746 episcopus
1689 1670 1722 1731 et

67 1764 277 1826 Hierusalem
293 1780 491 1843 recuperare
513 1764 732 1842 nequiverint,
749 1763 869 1827 coeles-
923 1761 1035 1825 dilecti
1047 1761 1107 1823 lilii
1118 1763 1298 1840 capitulum
1306 1767 1518 1827 Suessionen.
1528 1766 1722 1828 transmissa

67 1865 134 1925 tem
149 1865 260 1926 tamen
279 1880 340 1940 per
354 1863 506 1942 martyrii
523 1863 679 1942 palmam,
697 1864 733 1925 ut
759 1861 870 1923 credi·
923 1860 1018 1923 nobis
1046 1860 1273 1924 insinuatione
1293 1864 1532 1933 monstrarunt,
1552 1864 1639 1943 quod
1663 1881 1722 1926 vos

68 1977 154 2032 mua,
166 1962 242 2022 sunt
252 1961 373 2040 adepti.
924 1958 959 2020 in
973 1974 1075 2021 causa
1089 1975 1163 2038 quaa
1176 1959 1332 2023 intereos
1347 1961 1496 2037 exparte
1516 1978 1592 2034 una,
1609 1964 1643 2024 et
1657 1979 1725 2024 ma·

109 2061 146 2120 In
158 2057 308 2121 eumdem
321 2058 453 2121 modum
465 2059 611 2136 regibus,
626 2057 764 2120 ducibus
775 2058 870 2120 caete·
920 2058 1040 2134 joram,
1052 2058 1184 2135 Juratos
1212 2057 1245 2118 et
1269 2059 1490 2120 communiam
1509 2060 1722 2121 suessionen.

68 2155 181 2234 risque
196 2157 403 2235 principibus
417 2157 552 2219 illarum
568 2158 753 2233 regionum.
924 2154 1060 2226 exalia,
1076 2171 1178 2233 super
1192 2157 1532 2219 excommunciatonis
1556 2160 1588 2220 et
1612 2159 1720 2218 inter·

924 2251 1004 2314 dicti
1016 2252 1190 2315 sententiis
1202 2252 1244 2314 ab
1261 2253 1385 2316 eisdem
1400 2255 1555 2332 episcopo
1569 2258 1602 2317 et
1626 2255 1724 2332 capi-

410 2344 536 2434 ΟΜ(
924 2349 995 2411 tulo
1004 2349 1223 2427 promulgatis
1235 2349 1270 2411 in
1283 2350 1370 2423 illos,
1385 2352 1507 2428 agitari
1518 2353 1725 2428 dignoscitur

139 2488 191 2548 Ad
213 2487 508 2561 aromeptscopum
532 2484 796 2547 mmmmm
924 2447 967 2510 ab
989 2447 1286 2526 Apostolicauobls
1306 2449 1390 2511 Sede
1405 2450 1594 2522 commissa,
1616 2466 1724 2529 eppo.

369 2608 402 2665 {a
416 2607 484 2664 maii
496 2607 574 2665 ηις,
925 2545 999 2608 Sitis
1010 2561 1053 2608 ⁰¹
1064 2548 1158 2624 Ρὸΐῒθ
1170 2546 1319 2625 majoris,
1332 2548 1520 2625 juratorum
1530 2550 1563 2610 et
1576 2565 1727 2611 commu-

229 2715 235 2726 ,
355 2714 361 2726 ,
808 2711 814 2724 ,
926 2645 991 2708 niae
1008 2645 1241 2723 praedictorum
1261 2645 1457 2723 quibusdam
1475 2647 1726 2725 exceptionibus

84 2715 204 2779 mm*
218 2714 262 2766 ¹¹¹³·
277 2716 308 2774 ¹¹·
320 2720 395 2780 ΨΜ·
408 2713 477 2834 Ψ
494 2715 549 2764 ⁸⁸⁸·
567 2716 602 2766 ι’
616 2715 693 2834 ΡΨ
705 2714 739 2765 ‘¹¹¹
753 2712 847 2779 Μ’]
925 2741 1066 2816 frivolis,
1089 2743 1270 2821 procedere
1294 2743 1480 2814 dubitastis,
1505 2748 1574 2808 tum
1603 2762 1663 2824 pro
1685 2762 1726 2808 eo

177 2820 364 2882 ⁰⁰ffl¹¹¹0¹¹d⁸⁸
382 2829 552 2896 m⁸8¹⁸¹fl¹¹¹¹
568 2821 762 2894 Almffl‘um·
926 2841 1012 2920 quod
1024 2839 1060 2903 in
1075 2840 1196 2903 litteris
1215 2839 1256 2903 ad
1279 2858 1338 2904 vos
1360 2859 1461 2920 super
1482 2844 1545 2905 hoc
1564 2861 1608 2906 ex
1632 2848 1727 2922 parte

109 2940 289 3008 Honorius,
314 2941 390 3012 etc,
414 2938 598 3002 venerabili
618 2937 713 3000 tratri
737 2937 872 3001 archie-
925 2938 1039 3001 nostra
1074 2938 1281 3002 transmissis
1312 2940 1364 3012 tu,
1391 2939 1439 3001 iili
1469 2942 1724 3014 archidiacone,

71 3039 208 3118 piscopo
223 3038 403 3101 Bituricen.
926 3035 1118 3115 priusquam
1145 3038 1192 3109 tu,
1213 3036 1262 3099 dli
1288 3037 1401 3111 abbas,
1420 3038 1453 3099 in
1476 3040 1641 3103 solutione
1667 3057 1729 3118 po-

112 3137 257 3200 Sudores
270 3152 386 3198 eorum
397 3135 500 3197 linteo
513 3133 752 3209 consolationis
765 3134 872 3195 exter·
927 3133 1011 3196 situs
1026 3134 1186 3211 reperiris
1199 3135 1232 3196 et
1245 3133 1281 3196 iu
1298 3135 1423 3198 eisdem
1441 3136 1561 3200 litteris
1581 3139 1673 3200 nulla
1686 3139 1727 3201 de

69 3250 150 3313 gere
176 3236 299 3297 nostrae
320 3230 663 3295 decetmunidcentiae
685 3229 869 3301 caritatem,
927 3230 1045 3293 cariss.
1060 3230 1236 3294 ianristo
1249 3231 1318 3295 illio
1331 3236 1445 3296 nostro
1458 3234 1613 3314 Philippo
1632 3237 1729 3298 illus·

68 3332 210 3411 quidies
235 3332 421 3394 laboriosos
444 3329 479 3391 in
495 3328 620 3392 scholis
634 3330 667 3391 et
685 3328 799 3390 noctes
815 3324 872 3387 diu
926 3329 968 3391 tri
997 3344 1075 3406 rege
1101 3330 1305 3392 Francorum
1329 3330 1416 3394 iacta
1436 3335 1487 3394 est
1510 3335 1646 3406 mentio,
1672 3338 1730 3413 qui

69 3429 229 3492 duxerint
244 3429 424 3500 insomnes,
448 3429 485 3490 ut
507 3426 700 3488 thesaurum
722 3424 872 3487 scientiae
927 3426 1013 3490 sicut
1024 3427 1101 3489 aliae
1112 3427 1153 3489 ad
1166 3427 1209 3501 te,
1220 3426 1270 3489 illi
1283 3426 1398 3500 abbas,
1409 3434 1442 3491 et
1451 3431 1526 3494 tuos
1536 3434 1728 3511 conjudices

72 3527 232 3590 studiosae
257 3526 482 3590 meditationis
509 3524 670 3587 exercitio
694 3538 872 3602 compara·
926 3524 1062 3587 directe
1095 3523 1214 3588 littarae
1243 3524 1465 3601 continebant,
1488 3545 1549 3606 pro
1564 3610 1567 3615 ι
1580 3533 1727 3610 praelatis

68 3627 156 3688 rent
183 3625 281 3688 hales
295 3625 385 3688 enim
400 3640 475 3686 cum
488 3620 636 3684 moribus
650 3620 872 3685 litteraturam
928 3625 1066 3701 majore,
1077 3622 1201 3700 juratis
1219 3638 1259 3686 ac
1274 3626 1462 3688 communia
1486 3627 1582 3690 nobis
1609 3642 1727 3707 porre-

69 3724 237 3788 adornant
260 3725 294 3786 et
315 3723 490 3786 scientiam
518 3719 678 3786 condiunt
699 3719 873 3782 honestate
927 3721 1023 3782 xerat
1048 3736 1164 3799 preces
1189 3738 1279 3795 suas,
1295 3721 1364 3784 tum
1389 3723 1466 3801 quia
1493 3726 1726 3790 continebatur

73 3825 233 3901 tanquam
246 3823 374 3898 lignum
401 3835 498 3883 secus
524 3819 684 3881 decursus
710 3833 872 3897 aquarum
928 3817 962 3879 iu
986 3817 1055 3879 illis
1070 3819 1105 3880 ut
1121 3834 1232 3881 causae
1250 3819 1315 3898 ipsi
1335 3836 1409 3899 quta
1427 3820 1523 3885 vobis
1541 3827 1592 3886 est
1605 3827 1725 3888 termi-

71 3922 257 4000 plantatum
272 3917 508 3980 suavissimum
522 3916 601 3978 dare
616 3915 769 3978 solentin
783 3918 872 3978 tem·
927 3914 1039 3978 nanda
1065 3915 1254 3991 commissa,
1279 3918 1309 3980 si
1333 3919 1374 3980 de
1397 3922 1542 3997 partium
1556 3925 1727 3989 voluntate

69 4034 152 4098 pore
180 4033 241 4080 suo
260 4016 414 4079 fructum.
442 4016 490 4077 iia
519 4015 654 4093 propter
671 4028 732 4092 pro
752 4013 873 4076 dilecto
927 3992 1260 4093 procederetjudicio
1274 4015 1328 4080 rel
1340 4019 1580 4097 compositione
1596 4024 1726 4088 amica-

70 4116 142 4178 lllio
166 4115 326 4192 magistro
349 4113 526 4193 aymerico
553 4111 594 4175 de
617 4113 722 4174 Fonte
737 4109 871 4179 clerico,
927 4112 986 4174 bili
1010 4114 1057 4186 tn,
1077 4113 1126 4175 illi
1145 4113 1259 4186 abbas,
1275 4129 1316 4177 ac
1332 4116 1382 4179 tui
1401 4117 1499 4195 primi
1522 4124 1725 4201 conjudices,

69 4214 129 4293 qui
139 4230 198 4291 per
207 4229 313 4276 annos
325 4212 437 4290 plures
446 4213 479 4276 in
487 4228 568 4289 agro
578 4209 778 4273 scholastico
784 4207 874 4271 labo-
928 4211 1026 4273 tinem
1041 4211 1213 4289 imponere
1221 4214 1385 4276 curaretis
1396 4237 1405 4276 r
1416 4216 1565 4296 alioquin
1578 4221 1728 4285 eamdem

69 4312 178 4374 raudo
197 4312 376 4392 pretiosam
395 4310 517 4372 ibidem
537 4308 685 4371 scientim
702 4306 872 4385 margari·
927 4310 968 4370 ad
991 4325 1052 4372 nos
1066 4309 1279 4373 remitteretis
1299 4311 1502 4376 sufficienter
1515 4316 1724 4392 instructam,

69 4411 140 4472 tam
156 4409 323 4472 distractis
337 4408 407 4470 lere
425 4406 577 4470 omnibus
589 4405 685 4467 bonis
697 4404 768 4466 suis
783 4403 871 4467 dici·
927 4406 1724 4490 praefigendopartlbusterminumcompetentem,

69 4511 127 4570 tur
148 4522 369 4586 comparasse,
393 4504 635 4568 fraternitatem
659 4506 748 4566 tuam
768 4519 873 4581 roga·
928 4521 992 4583 quo
1007 4520 1066 4583 per
1083 4506 1316 4583 procuratores
1330 4505 1468 4570 idoneos
1486 4515 1727 4588 praesentarent

70 4623 157 4678 muS,
180 4621 353 4669 monemus
367 4606 399 4666 et
413 4604 596 4673 hortamur,
611 4617 670 4679 per
684 4601 873 4679 Apostolica
929 4619 965 4665 se
974 4602 1727 4693 nostroconspect‘ui,quodstatueremussuper

70 4705 195 4782 scripta
220 4701 445 4783 praecipiendo
467 4700 684 4771 mandantes,
709 4702 873 4778 quatenus
930 4699 1727 4784 [exceptionibus]hujusmodirecepturae,tu1n

70 4819 148 4864 eum
179 4801 237 4879 qui
259 4803 329 4878 jam
358 4798 454 4878 quasi
480 4797 619 4859 maritus
650 4797 691 4858 ad
716 4796 873 4859 Ecclesiae
929 4798 1084 4876 quoniam
1099 4800 1135 4861 in
1148 4800 1267 4862 litteris
1283 4816 1349 4863 non
1364 4803 1553 4866 continetur
1566 4807 1607 4868 de
1625 4809 1727 4872 verbo

70 4902 197 4961 sanctae
212 4897 377 4975 refugium
395 4895 566 4972 singulare
581 4893 740 4971 confugit,
755 4910 796 4956 ne
811 4909 872 4958 co·
929 4897 969 4958 ad
985 4896 1122 4958 verbum
1137 4897 1286 4975 priorum
1308 4900 1512 4964 continentia
1528 4903 1725 4980 litterarum,

69 5001 171 5075 gutur
185 4998 220 5059 iu
235 4997 290 5058 sui
304 4995 519 5074 opprobrium
541 4992 670 5055 ordinis
685 4992 786 5055 vitam
805 4992 873 5054 du·
929 5010 1003 5056 cum
1025 4994 1060 5056 in
1080 4994 1148 5056 illis
1162 4995 1304 5068 dicatur,
1326 4999 1427 5060 nullis
1449 4999 1567 5062 litteris
1587 5004 1727 5071 obstan-

71 5113 150 5158 cere
166 5095 386 5166 inhonestam,
404 5093 439 5155 in
454 5091 567 5170 aliqua
575 5091 792 5153 ecclesiarum
807 5093 873 5153 tuae
928 5090 1029 5164 tibus,
1045 5091 1159 5171 siquae
1173 5095 1402 5171 apparuerint,
1417 5095 1533 5158 barum
1547 5101 1662 5164 tenore
1677 5107 1731 5169 ta-

71 5194 277 5274 provinciae,
313 5190 370 5253 nbi
402 5190 522 5253 melius
547 5188 671 5255 videris
695 5186 872 5264 expedire,
929 5190 1007 5262 cito,
1025 5205 1044 5251 a
1068 5189 1152 5252 Sede
1172 5192 1364 5269 apostolica
1384 5193 1579 5270 impetratae,
1598 5204 1731 5279 propter

71 5293 272 5356 auctoritate
294 5292 408 5352 nostra
432 5288 537 5364 recipi
561 5285 665 5349 iacias
685 5285 719 5347 in
735 5284 875 5347 canoni·
929 5304 1004 5366 quae
1016 5288 1127 5350 omnia
1142 5288 1271 5367 praelati
1287 5293 1403 5368 major,
1419 5295 1565 5370 juratiet
1578 5315 1729 5362 commn-

71 5407 149 5452 cum
160 5390 193 5451 et
205 5389 240 5451 in
253 5389 406 5463 iratrem;
423 5385 685 5449 contradictores
700 5383 792 5461 siqui
802 5381 875 5445 iue-
929 5387 985 5448 nia
1001 5389 1246 5464 proposuerunt
1260 5387 1444 5451 destinatas
1457 5392 1499 5454 ad
1521 5411 1580 5458 vos
1603 5398 1729 5460 litteras

71 5488 153 5563 rint,
168 5487 221 5548 rel
241 5485 395 5555 rebelles,
418 5486 481 5547 etc.
506 5484 624 5545 Datum
649 5484 762 5545 Romae
786 5481 873 5559 apud
930 5483 1026 5561 quasi
1041 5483 1081 5545 de
1096 5484 1299 5547 conscientia
1325 5489 1438 5551 nostra
1465 5507 1531 5553 nou
1546 5510 1729 5558 emanave-

74 5588 110 5649 S.
126 5586 261 5648 Petrum
271 5581 600 5660 XVlralendasjunii
614 5596 703 5643 anno
716 5580 873 5644 secundo.
930 5583 1008 5655 rint,
1023 5581 1152 5659 priores
1176 5583 1312 5648 minime
1336 5601 1524 5651 revocasse.
1546 5593 1630 5664 Quia
1651 5611 1729 5658 vero

220 5729 334 5772 rimor.
354 5728 429 5770 roua
448 5714 485 5771 ll.
1554 5721 1588 5780 25
