3794 6166
118 307 182 366 ree
713 268 971 364 'nrrs'rona
996 303 1073 363 nra
1098 302 1139 362 n.
1633 266 1639 275 ’
1710 305 1770 366 rae

118 463 240 526 debeat
269 464 445 542 prohibere
478 463 581 527 alium
612 461 826 535 benefacere,
857 461 915 523 sed
971 461 1164 524 violentiam
1193 461 1370 533 sustinere,
1395 462 1560 538 operariis
1582 463 1639 540 qui
1660 480 1680 525 a
1702 467 1769 525 Do-

119 561 260 639 quilibet
274 563 302 622 si
325 565 432 639 potest
453 560 650 624 benefacere
671 562 835 633 teneatur,
850 576 916 623 non
972 559 1061 621 mino
1074 559 1205 623 inritati
1220 559 1261 622 ad
1275 560 1401 621 terram
1415 559 1508 621 illam
1519 561 1768 638 praedicationis
1809 576 1813 583 ’

118 661 227 722 solum
242 660 501 737 estimpiumsed
512 660 613 722 etiam
626 658 812 731 abusivum,
830 658 915 736 quod
971 673 1047 718 rore
1069 657 1243 733 rigandam
1257 656 1311 719 vel
1332 657 1417 718 alios
1435 657 1623 719 divinorum
1636 659 1769 720 exhibi-

119 760 207 820 sicut
221 758 263 819 ad
274 758 478 820 audientiam
493 759 704 836 Apostolatus
714 757 819 819 nostri
835 773 915 833 per·
971 755 1063 816 tione
1084 755 1258 817 fovendam
1274 755 1487 827 accesserint,
1506 756 1640 832 dignam
1656 756 1770 834 provi-

118 856 351 928 venittueos,
365 856 420 933 qui
436 859 605 934 assumpto
621 857 730 918 crucis
744 855 917 932 signaculo
972 852 1080 913 dimus
1113 853 1291 929 specialem
1326 854 1469 928 gratiam
1508 855 1654 915 maxime
1679 855 1769 917 circa

119 969 156 1014 se
172 954 212 1015 ad
228 968 423 1015 succursum
443 953 591 1016 Livoniae
605 952 819 1025 devorerunt,
834 967 918 1030 quo·
972 951 1106 1027 propria
1120 950 1281 1012 benetlcia
1297 951 1474 1026 indulgeri,
1487 968 1562 1014 cum
1577 953 1679 1014 nullis
1692 953 1770 1014 aliis

118 1051 354 1112 minussotum
381 1052 625 1129 prosequantur
638 1051 807 1122 emissum,
824 1051 915 1111 rnul-
973 1048 1200 1110 ecclesiastica
1212 1048 1374 1110 beneficia
1396 1065 1469 1127 quae
1489 1050 1639 1112 christus
1658 1051 1693 1111 in
1709 1067 1769 1112 suo

118 1148 834 1227 tipliciterpraepedisetprosequentesilluc
849 1163 916 1210 non
973 1147 1767 1224 sanguineaequisivlt,meliuslocaricredautur,

119 1246 244 1323 pateris
263 1246 491 1319 transfretare,
506 1248 542 1309 ut
554 1247 603 1308 sic
617 1247 682 1325 ipsi
699 1246 832 1309 Christo
845 1246 916 1307 ini·
973 1260 1071 1321 quarn
1093 1244 1136 1304 iis
1164 1244 1220 1322 qui
1242 1244 1283 1306 ad
1303 1245 1526 1307 roborandam
1550 1246 1583 1308 et
1605 1247 1772 1323 amplian-

120 1343 265 1406 miciliae
274 1345 555 1423 moverequodam
565 1344 662 1406 modo
672 1345 830 1416 ridearis,
840 1344 917 1405 dum
973 1341 1048 1402 dam
1070 1341 1168 1403 tidem
1197 1343 1302 1420 ipsius
1330 1343 1477 1405 totaliter
1500 1360 1536 1405 se
1565 1344 1768 1405 adscribunt.

120 1441 274 1503 fidelibus
300 1443 370 1503 suls
398 1442 600 1519 patientibus
627 1459 689 1520 pro
714 1442 829 1505 eodem
850 1441 918 1503 im·
973 1439 1111 1501 Clericis
1134 1440 1247 1518 itaque
1269 1440 1325 1518 qui
1342 1441 1447 1502 divini
1463 1441 1586 1502 amoris
1610 1442 1770 1503 instinctu
1820 1424 1833 1455 '

120 1541 220 1618 pendi
231 1541 394 1601 auxilium
407 1541 589 1614 interdicis,
599 1541 641 1602 ad
656 1541 742 1619 quod
755 1541 918 1603 debueras
972 1535 1053 1598 illuc
1068 1537 1271 1614 praedicandi
1286 1538 1414 1614 gratia,
1439 1538 1493 1600 rel
1512 1539 1597 1600 alias
1619 1539 1655 1599 in
1670 1539 1772 1599 cleri-

118 1639 313 1716 impeudere
335 1639 484 1702 totaliter
505 1639 732 1717 temetipsum,
758 1639 789 1700 si
813 1639 917 1701 uelles
973 1634 1038 1695 cali
1059 1635 1244 1696 ministerio
1264 1637 1404 1696 Domino
1426 1636 1594 1696 serviendi
1615 1636 1771 1697 duxerint

117 1735 244 1812 aliquid
270 1735 455 1812 rependere
488 1737 628 1798 Domino
659 1751 719 1813 pro
751 1735 915 1806 omnibns,
973 1732 1206 1804 accedendum,
1224 1733 1612 1810 quandiupraedicationi
1628 1737 1772 1810 acejus-

117 1848 192 1909 quae
208 1832 324 1894 tribuit
343 1833 416 1910 ipse
433 1833 505 1895 tihi.
526 1835 578 1895 Ne
596 1834 702 1909 igitur
715 1849 776 1896 nos
788 1834 822 1896 et
833 1833 918 1895 alios
973 1830 1061 1890 modi
1078 1830 1263 1892 ministerio
1285 1830 1428 1892 fideliter
1442 1831 1638 1904 institerint,
1662 1831 1772 1908 perci-

119 1930 296 1992 andientes
339 1946 440 2007 super
477 1931 540 1993 hoc
573 1932 614 1993 de
651 1933 773 1993 caetero
814 1946 916 1992 scan-
973 1927 1085 2003 piendi
1099 1926 1262 1990 beneficia
1277 1945 1338 1990 sua
1352 1928 1492 2004 integre,
1507 1943 1547 1990 ac
1562 1929 1591 1989 si
1606 1932 1718 1990 essent
1734 1929 1767 1988 in

118 2026 253 2100 dalizes,
286 2028 528 2090 fraternitatem
556 2029 646 2091 tuam
681 2045 854 2091 monemus
886 2031 918 2090 et
973 2025 1124 2086 ecclesiis
1150 2025 1314 2103 aquibus
1341 2042 1380 2088 ea
1399 2025 1549 2088 obtinent
1570 2026 1767 2098 residentes,

121 2125 296 2188 hortamur
308 2128 441 2199 attente,
455 2127 710 2204 perApostolica
722 2126 783 2189 tibi
794 2127 917 2204 scripta
973 2124 1071 2199 prout
1092 2122 1188 2187 nobis
1211 2123 1384 2185 humiliter
1400 2125 1607 2201 supplicasti,
1622 2125 1770 2186 auotori-

118 2223 260 2286 tlrmiter
281 2225 502 2302 precipiendo
528 2224 736 2298 mandantes,
752 2227 917 2303 quatenus
971 2222 1040 2282 tate
1053 2221 1266 2298 praesentium
1279 2222 1420 2285 liberam
1434 2223 1647 2285 concedimus
1661 2221 1770 2283 iacul-

118 2321 218 2382 saluti
251 2323 317 2384 tna
342 2322 522 2385 consulens
544 2323 578 2384 et
601 2322 731 2394 honori,
749 2322 917 2400 praedictae
972 2319 1085 2391 tatem,
1105 2319 1152 2383 ita
1172 2320 1283 2383 tamen
1298 2320 1384 2398 quod
1399 2337 1462 2387 nec
1478 2321 1566 2383 ultra
1586 2320 1768 2383 triennium

118 2419 217 2480 terrae
230 2435 425 2481 succursum
439 2421 627 2482 nullatenus
650 2420 811 2498 impedire
826 2437 916 2498 prm·
971 2413 1050 2474 talis
1062 2413 1298 2477 heneficiffllm
1309 2416 1477 2493 PercelffiO
1488 2418 1694 2493 prorogetur,
1707 2430 1768 2476 110⁰

118 2533 249 2591 sumas3
266 2518 345 2595 quin
361 2519 471 2595 potius
485 2518 757 2581 succurrentibus
779 2510 917 2596 praestes
972 2511 1013 2573 ad
1032 2511 1229 2575 effrenatam
1245 2513 1490 2576 multitudinem
1498 2529 1648 2591 praesens
1655 2513 1769 2574 indul-

118 2615 310 2687 consilium,
334 2616 498 2677 auxilium
519 2618 551 2679 et
572 2616 731 2679 favorem.
747 2595 915 2695 Alioquin,
973 2610 1085 2685 gentis
1100 2610 1311 2673 extendatur·

121 2713 200 2789 qula
225 2712 267 2773 ob
294 2713 406 2776 audita
431 2715 569 2777 monitio
588 2714 808 2777 temeritatem
826 2715 916 2777 tuam
1011 2709 1129 2769 Datum
1144 2711 1257 2771 Romae
1272 2707 1359 2785 apud
1376 2708 1533 2771 Sanctum
1544 2708 1681 2771 Petrum
1698 2710 1769 2770 ter-

120 2809 307 2897 evidentius
317 2811 493 2882 revelaret,
517 2828 577 2873 nos
598 2828 671 2873 eam
692 2812 917 2875 talitercasti-
971 2803 1019 2865 tio
1033 2806 1245 2878 nonasmaib
1260 2805 1520 2868 annosecundo.

120 2906 285 2982 gabimus,
297 2909 383 2985 qnod
399 2910 519 2986 quibus
540 2912 591 2972 est
605 2927 693 2971 nnnc
712 2911 747 2972 in
775 2912 917 2973 scanda-

121 3004 201 3075 lum,
218 3005 263 3066 sit
274 3005 316 3066 ad
335 3006 552 3068 correctionis
567 3008 755 3085 exemplum
773 3009 806 3069 et
820 3024 915 3085 poena
1298 2974 1449 3062 CCXIX

119 3102 359 3181 paenitudinem
373 3104 587 3166 introducens
604 3105 647 3166 sit
661 3104 737 3166 aliis
752 3104 794 3165 ad
811 3107 918 3167 terro-
971 3109 1023 3167 Ad
1036 3110 1214 3180 decanum,
1229 3108 1490 3170 thesaurarium
1504 3109 1771 3170 cthraorrtum

119 3215 204 3260 rem.
1011 3206 1053 3265 rte
1087 3207 1207 3267 Insula
1233 3208 1436 3267 conontcum
1470 3206 1583 3267 sancti
1615 3208 1770 3272 Quintam

158 3298 278 3358 Datum
312 3300 426 3360 Romae
459 3299 547 3376 apud
575 3301 733 3360 Sanctum
763 3299 915 3367 Petrum,
1011 3303 1214 3364 Noviomen.

117 3396 149 3455 ll
164 3394 326 3456 kalendas
348 3397 446 3470 maii,
469 3396 682 3474 pontificatus
705 3397 812 3459 nostri
827 3411 916 3458 auno
1268 3378 1286 3436 ²⁵
1306 3379 1374 3437 '¹¹⁸5
1391 3379 1470 3439 ¹²¹⁸·

117 3492 277 3556 secunda
995 3484 1114 3548 [Regast.,
1128 3483 1174 3535 lib.
1186 3485 1217 3544 ll,
1231 3485 1307 3550 epist.
1319 3485 1389 3536 loen
1402 3486 1461 3536 llss.
1471 3487 1507 3537 La
1518 3487 1594 3537 Porto
1606 3485 1641 3538 du
1655 3488 1747 3551 rhein]

422 3618 615 3709 CCXVIII
1006 3591 1132 3674 &asora
1146 3591 1340 3650 acclamastica
1353 3600 1421 3693 post
1436 3593 1656 3666 appellationem
1672 3595 1728 3651 lata

1235 3688 1280 3738 est
1294 3690 1408 3754 penitus
1424 3683 1511 3739 nulla.
1662 3699 1679 3737 s

171 3760 225 3822 Ad
238 3759 469 3821 obretonam
483 3762 861 3837 messvsswvum·
1012 3787 1180 3851 Honorius
1194 3788 1326 3851 cuens
1340 3789 1420 3852 nus
1436 3790 1573 3860 cecano,
1589 3791 1785 3854 mesura:

421 3873 522 3931 5¹1¹ssst
538 3873 617 3933 1²¹⁸·
971 3885 1033 3958 rio,
1058 3886 1093 3948 et
1112 3887 1282 3949 Beruardo
1304 3887 1344 3950 de
1361 3888 1474 3950 Insula
1488 3889 1649 3952 canonico
1663 3890 1771 3952 sancti

215 3975 310 4042 [coda
320 3977 503 4043 diptomsueus
514 3980 635 4041 Prusae
647 3981 667 4039 l,
680 3979 719 4040 10.
732 3993 760 4031 n·
773 3980 811 4046 ⁹·]
972 3984 1120 4056 Quintini
1135 3986 1165 4047 N
1168 3986 1331 4048 oriomeu.
1347 3986 1512 4053 dioecesis.

116 4083 465 4144 Notillcatsccouoedere
475 4087 593 4145 liberam
606 4086 770 4146 laenitatem
780 4097 811 4146 nt
821 4089 913 4162 percl-
1010 4082 1129 4146 Dilecti
1138 4083 1199 4144 tilii
1207 4083 1353 4147 decanus
1365 4086 1399 4147 et
1410 4085 1592 4163 capitulum
1604 4087 1770 4147 Peroneu.

154 4189 224 4247 pere
244 4182 361 4246 possem
373 4173 480 4234 fructus
499 4176 717 4250 praebendarum
731 4178 844 4236 clericis
859 4193 916 4237 uon
971 4197 1032 4242 sua
1053 4181 1149 4243 nohis
1164 4182 1408 4258 significatione
1423 4185 1661 4256 monstrarunt,
1682 4182 1769 4261 quod

153 4261 419 4364 residthllbthllul
438 4265 467 4322 1¹¹
482 4267 629 4324 Prusssitffl
656 4265 829 4340 llloedississdi
851 4282 915 4325 mu·
971 4294 1047 4339 cum
1074 4279 1276 4341 venerabilis
1295 4281 1400 4343 trater
1418 4283 1532 4343 noster
1550 4284 1686 4344 Romen.
1709 4297 1769 4343 ar-

155 4366 210 4409 ¹¹¹¹⁸
220 4350 273 4409 δώ·
289 4350 444 4413 mmm·
971 4375 1202 4454 chlepiscopus
1217 4378 1484 4454 procurationem
1497 4379 1679 4441 indebitam
1694 4378 1770 4439 exi·

158 4469 327 4531 Honorius
339 4471 513 4547 episcopus
528 4486 646 4545 servus
661 4488 832 4534 servorum
843 4476 914 4548 Dei,
970 4473 1258 4549 geretaheisdem,
1274 4476 1332 4553 qui
1345 4477 1527 4537 sentientes
1534 4492 1579 4537 ex
1588 4476 1651 4537 hoc
1659 4475 1723 4537 sibi
1735 4477 1769 4538 et

120 4565 261 4627 salutern
276 4570 310 4628 et
323 4569 541 4645 apostolicam
562 4569 837 4644 benedictionem,
851 4588 915 4634 ve·
971 4586 1086 4632 eorum
1098 4572 1250 4634 ecclesiae
1258 4573 1488 4650 praejudicium
1502 4574 1670 4649 generari,
1683 4588 1769 4634 nos-

120 4663 263 4725 nerabili
277 4663 372 4729 tratri
385 4666 568 4729 christiano
583 4668 739 4745 episcopo
754 4671 914 4731 Prusciae.
970 4670 1055 4730 tram
1079 4670 1284 4732 audientiam
1303 4672 1525 4749 appellarunt,
1550 4671 1766 4743 dominicam,

160 4762 229 4823 Etsi
245 4764 426 4825 secundum
434 4766 626 4842 Apostolum
637 4768 811 4845 nequeqni
825 4768 918 4846 plan·
971 4782 1036 4843 qua
1055 4769 1209 4830 cantatur
1231 4770 1368 4832 Loetcre
1389 4772 1598 4840 Jerusalem,
1615 4769 1768 4846 proximo

119 4860 178 4930 tat,
199 4875 307 4938 neque
324 4863 381 4939 qui
398 4863 487 4937 rigat
501 4864 544 4925 sit
558 4864 695 4942 aliquid,
707 4865 764 4927 sed
782 4866 840 4943 qui
861 4866 918 4929 dat
970 4865 1174 4941 praeteritam
1184 4865 1401 4943 appellationi
1412 4866 1642 4944 prosequendo
1654 4866 1770 4929 termi-

120 4960 279 5021 Dominus
298 4960 550 5033 incrementum,
565 4977 608 5023 ne
629 4962 795 5024 tamenin
816 4963 916 5025 vinea
970 4979 1049 5025 num
1065 4964 1286 5040 praetlgentes.
1302 4963 1365 5025 Sed
1390 4963 1478 5026 idem
1498 4964 1769 5042 archiepiscopus

122 5057 254 5118 Domini
270 5057 416 5120 Sabaoth
430 5059 574 5120 cultores
595 5060 695 5136 positi
716 5061 750 5122 et
763 5062 917 5123 custodes
971 5060 1049 5122 iecit
1069 5060 1105 5122 in
1126 5077 1183 5123 eos
1205 5063 1280 5140 post
1298 5063 1555 5139 appellationem
1577 5064 1768 5140 praedictam

119 5153 160 5215 de
180 5155 284 5220 nimia
299 5155 471 5217 valeamus
489 5156 578 5218 circa
593 5157 815 5219 ministerium
836 5174 918 5220 nos·
971 5158 1767 5236 pervenerabilemiratremnostrumNoviomen.

118 5255 208 5314 trum
238 5253 440 5329 negligentia
461 5254 673 5331 reprehendi,
694 5270 774 5331 erga
795 5257 915 5319 novel·
971 5256 1161 5334 episcopum
1173 5258 1399 5320 dioecesanum
1414 5258 1562 5335 ipsorum
1581 5261 1768 5337 suspensio·

120 5350 186 5410 lam
211 5349 449 5427 plantationem
472 5351 514 5412 ad
532 5352 628 5413 tidem
649 5352 770 5415 christi
786 5356 916 5418 noviter
970 5354 1022 5415 nis
1057 5355 1257 5417 sententiam
1291 5355 1508 5433 promulgari.
1543 5357 1625 5419 (ium
1658 5360 1768 5420 autem

118 5449 153 5509 in
181 5450 322 5510 Pruscia
343 5464 579 5512 conversorum
598 5452 689 5513 tanto
713 5453 916 5515 exactiorem
970 5451 1056 5512 idem
1069 5452 1339 5530 archiepiscopus
1353 5455 1568 5530 procuratore
1578 5456 1717 5517 dimisso
1734 5457 1768 5516 in

118 5545 280 5609 adhibere
298 5546 505 5622 diligentiam
527 5549 709 5624 cupientes,
728 5551 851 5625 quanto
864 5551 917 5628 ip·
970 5551 1081 5610 Terrae
1113 5552 1244 5613 Sanctae
1272 5550 1456 5617 subsidium
1479 5554 1700 5630 personaliter
1724 5554 1770 5615 sit

118 5646 188 5708 siris
222 5645 393 5706 temeritas
428 5646 537 5708 minus
571 5649 682 5722 posset
713 5649 916 5711 contrariam
970 5646 1149 5722 profectus,
1162 5648 1356 5711 discretioni
1372 5653 1491 5712 vestrae
1504 5649 1769 5727 parapostolica
