3794 6166
116 316 180 381 397

120 478 191 541 sint
209 474 564 539 excommunicationis
582 473 744 545 adstricti,
768 473 836 535 nisi
856 488 917 533 eo-

120 593 195 638 rum
210 575 313 637 luent
324 576 391 637 tam
406 574 519 651 gravis
539 575 572 635 et
587 572 732 635 enormis
746 587 915 639 excessus,

119 674 209 753 quod
233 690 294 751 pro
314 672 533 734 absolutionis
554 671 715 733 benotlcio
738 668 917 731 obtinendo

119 773 242 834 merito
256 774 369 833 essent
383 769 424 832 ad
441 770 559 831 Sedem
573 769 795 846 apostolicam
807 770 918 829 trans-

120 870 291 945 mittendi3
318 886 358 932 ac
383 867 596 945 dispensandi
619 883 692 927 cum
716 866 776 938 eis,
794 866 918 926 stante

120 968 366 1030 absolutionem
382 966 560 1037 obtentam,
575 965 629 1026 vel
651 979 764 1025 sacros
784 962 917 1025 ordines

122 1066 342 1143 susceperint,
359 1065 413 1127 vel
434 1064 538 1126 iuncti
554 1062 758 1139 tuerintjam
777 1076 917 1137 suscep-

121 1164 189 1238 tis;
212 1164 246 1225 et
274 1165 429 1225 tonsuras
458 1162 523 1224 tuis
544 1160 684 1223 noviciis
713 1158 844 1220 clericis
868 1157 921 1218 ta-

121 1261 245 1332 ciendi,
259 1259 435 1321 dummodo
445 1258 617 1337 presbyter
626 1258 688 1332 sis3
701 1254 920 1319 benedicendi

123 1373 256 1436 quoque
283 1358 480 1419 vestimenta
508 1355 727 1418 sacerdotalia
755 1354 788 1415 et
814 1354 919 1430 pallas

123 1456 257 1531 altaris3
283 1456 316 1518 et
340 1453 613 1536 convenientibus
634 1452 820 1524 abbatibus,
844 1467 919 1513 cum

121 1555 299 1631 episcopus
323 1552 444 1614 absens
468 1551 579 1623 tuerit,
604 1549 869 1612 benedictionem
885 1549 919 1609 in

123 1651 338 1713 conclusione
351 1650 488 1727 capituli
503 1648 693 1726 proterendi
709 1647 848 1709 liberam
863 1646 921 1706 ha·

122 1748 204 1810 beas
217 1750 422 1826 potestatem.
436 1747 529 1808 Nulli
539 1762 631 1822 ergo,
641 1749 717 1818 eto,
732 1746 760 1805 si
776 1745 850 1823 quis
866 1758 920 1805 au·

121 1848 201 1917 tem,
217 1848 279 1908 etc.
294 1849 412 1908 Datum
423 1844 579 1907 Laterani
594 1843 688 1905 sexto
714 1842 823 1903 idibus
838 1841 919 1903 Maii

121 1945 336 2021 pontificatus
350 1943 456 2006 nostri
470 1958 558 2005 anno
573 1941 690 2019 primo.

431 2149 613 2237 dccxxi

120 2314 175 2373 Ad
210 2314 416 2373 Gerros-ium
461 2311 617 2372 abbatem
658 2309 921 2371 Proemonsirc-

163 2410 308 2477 toracem,
323 2409 468 2470 coeteros
496 2408 643 2480 abbates,
672 2409 920 2480 carronicosquc

163 2506 375 2568 Prvemortrt.
392 2508 541 2567 Ordinis.

419 2637 451 2695 il
467 2635 535 2693 maii
549 2636 626 2693 ¹217.

164 2760 211 2826 [tc
225 2761 308 2826 Paige,
320 2761 477 2812 Bibliotheca
490 2760 680 2810 Pramonstrat.
696 2757 761 2817 ord,
772 2773 798 2823 p.
811 2756 879 2823 duh]

126 2888 279 2946 Universae
294 2887 442 2961 regulares
455 2886 646 2942 institutiones
664 2890 694 2941 ct
707 2883 917 2956 dispositioncs,

159 2992 232 3049 quas
250 2976 285 3034 de
304 2975 450 3033 communi
470 2989 612 3032 consensu
627 2973 671 3032 vel
693 2972 810 3046 majoris
831 2972 920 3046 partis

159 3065 290 3135 iecerint,
303 3064 415 3122 roborat
424 3069 453 3120 et
467 3061 634 3120 communit.

163 3200 331 3262 Honorius
346 3199 521 3276 episcopus
537 3212 653 3258 servus
665 3212 836 3259 servorum
847 3196 917 3269 Dei,

121 3298 255 3360 dilectis
274 3298 352 3358 tiliis
368 3296 526 3359 Gervasio
546 3293 657 3357 abbati
675 3296 919 3356 Praemonstra-

122 3396 212 3457 tensi
246 3396 441 3473 caeterisque
476 3391 649 3455 abbatibus
683 3393 717 3453 et
750 3390 920 3453 canonicis

124 3492 454 3555 Praemonstratensis
474 3491 600 3554 ordinis
617 3492 684 3551 tam
702 3488 920 3566 praesentibus

124 3608 224 3669 quam
247 3590 378 3663 suturis,
394 3590 495 3651 vitam
508 3588 695 3664 regularem
711 3586 870 3664 protessis
884 3588 920 3648 in

124 3691 317 3772 perpetuam
333 3688 383 3749 rei
399 3688 602 3748 memoriam.

165 3782 921 3862 lnenrinentihpostolicaeSedisspecula,licet

124 3885 294 3951 immeriti,
310 3884 506 3960 disponente
520 3881 658 3944 Domino
671 3880 852 3952 constituti,
861 3897 920 3958 pro

125 3983 332 4058 singulorum
345 3983 433 4042 statu
448 3979 582 4042 solliciti
592 3995 667 4041 esse
678 3979 918 4056 compellimur,

124 4083 159 4144 et
172 4096 212 4142 ea
227 4080 358 4140 sincere
374 4080 525 4140 tenemur
540 4075 706 4154 amplecti,
722 4094 796 4154 quae
811 4076 851 4138 ad
864 4076 920 4138 in-

124 4178 330 4241 crementum
351 4176 524 4252 religionis
545 4175 722 4252 pertinent,
739 4176 772 4236 et
790 4174 831 4235 ad
847 4173 920 4235 vir·

748 308 977 375 aristotili.
999 308 1079 371 LIB,
1102 306 1127 369 1.

1706 306 1768 365 898

971 468 1103 541 mentis,
1119 467 1153 529 et
1167 465 1362 537 Innocentii,
1383 463 1666 543 predecessorum
1682 479 1766 525 nos-

972 569 1098 629 trorum
1124 568 1349 627 Romanorum
1370 563 1578 627 Pontificum,
1592 561 1768 624 universas

972 664 1143 740 regulares
1152 662 1379 723 institutiones
1388 661 1674 738 etdispositiones,
1686 674 1770 736 quas

972 761 1012 822 de
1039 761 1206 822 communi
1229 775 1393 821 consensu
1416 759 1470 820 vel
1491 759 1628 836 majoris
1655 759 1688 820 et
1709 775 1770 818 sa-

972 860 1078 921 nioris
1105 859 1210 936 partis
1234 858 1373 929 fecistis,
1400 858 1486 919 sicut
1508 858 1649 918 interius
1666 855 1772 917 deno·

973 958 1096 1026 tantur,
1115 955 1311 1017 auctoritate
1324 954 1512 1031 Apostolica
1527 953 1722 1015 roboramus
1738 953 1771 1015 et

973 1054 1148 1131 praesentis
1175 1052 1291 1128 scripti
1313 1052 1488 1129 privilegio
1511 1052 1769 1123 comnrunimns3

973 1150 1139 1222 videlicet,
1155 1150 1191 1211 nt
1205 1149 1285 1211 ordo
1301 1149 1481 1209 canonicus
1497 1147 1771 1226 quemadmodum

973 1247 1008 1308 in
1049 1246 1361 1309 Praemonstratensi
1401 1246 1544 1307 ecclesia
1590 1245 1772 1307 secundum

973 1345 1244 1421 beatihugustini
1255 1344 1404 1421 regulam
1416 1344 1449 1405 et
1460 1344 1711 1421 dispositionem
1721 1356 1773 1404 re·

974 1442 1121 1505 colendae
1133 1443 1303 1504 memoriae
1317 1442 1475 1503 Norberti
1490 1443 1655 1519 quondam
1675 1444 1772 1503 Prae·

973 1542 1228 1603 monstratensis
1250 1540 1378 1602 ordinis
1403 1540 1615 1608 institutoris,
1637 1540 1672 1600 et
1694 1554 1774 1601 suc·

974 1654 1145 1700 caseorum
1158 1654 1295 1699 suorum
1315 1638 1350 1699 in
1369 1637 1510 1699 candido
1525 1636 1652 1709 habitu,
1668 1637 1770 1699 insti-

974 1737 1064 1798 tutus
1086 1751 1159 1797 esse
1181 1736 1397 1812 dignoscitur,
1415 1751 1474 1812 per
1488 1751 1603 1796 omnes
1622 1734 1772 1812 ejusdem

975 1833 1101 1895 ordinis
1117 1834 1278 1895 ecclesias
1300 1834 1468 1911 perpetuis
1490 1833 1694 1910 temporibus
1715 1834 1773 1894 in-

974 1931 1177 1995 violabiliter
1206 1931 1411 2004 observetur,
1434 1932 1468 1993 et
1493 1933 1617 1993 eaedem
1641 1933 1773 2010 penitus

974 2030 1205 2102 observantiae,
1229 2030 1331 2091 iidem
1364 2046 1494 2108 quoque
1523 2029 1615 2102 libri,
1646 2030 1701 2106 qui
1730 2029 1772 2090 ad

974 2127 1123 2189 divinum
1151 2127 1297 2189 osticium
1329 2128 1514 2204 pertinent,
1546 2126 1587 2188 ab
1618 2126 1772 2187 omnibus

974 2226 1123 2303 ejusdem
1145 2225 1274 2286 ordinis
1298 2225 1451 2287 ecclesiis
1479 2223 1690 2286 unitormiter
1717 2225 1772 2285 te·

974 2324 1128 2394 neantur,
1145 2324 1207 2384 etc.
1219 2319 1349 2402 [Omnia
1371 2324 1469 2399 prout
1488 2323 1602 2399 jacent
1616 2322 1652 2382 in
1666 2321 1774 2399 privi-

974 2420 1062 2497 legio
1076 2421 1163 2492 XXI,
1178 2435 1238 2481 seu
1251 2418 1429 2496 diplomate
1444 2420 1539 2480 Lucii
1553 2416 1624 2499 Ill]

1014 2518 1083 2577 Nec
1105 2515 1216 2592 aliqua
1240 2516 1382 2577 ecclesia
1401 2516 1454 2578 vel
1479 2531 1620 2593 persona
1645 2514 1772 2577 ordinis

973 2614 1076 2676 vestri
1104 2613 1264 2676 adversus
1297 2613 1484 2674 communia
1508 2613 1614 2690 ipsius
1645 2614 1774 2675 ordinis

973 2712 1136 2783 instituta,
1150 2711 1361 2788 privilegium
1373 2710 1507 2788 aliquod
1523 2710 1702 2788 postulare,
1719 2711 1772 2771 vel

974 2809 1145 2871 obtentum
1178 2808 1299 2871 audeat
1331 2808 1577 2886 quomodolibet
1611 2809 1768 2871 retinere.

974 2907 1075 2969 Nulla
1098 2907 1197 2968 etiam
1223 2907 1442 2969 ecclesiarum
1461 2907 1493 2967 ei
1518 2922 1617 2983 qnam
1644 2908 1771 2983 genuit,

974 3005 1155 3083 quamlibet
1165 3004 1290 3066 terreni
1305 3005 1468 3066 commodi
1478 3005 1688 3066 exactionem
1703 3006 1771 3066 im-

974 3103 1085 3180 ponat,
1113 3101 1171 3163 sed
1193 3102 1320 3164 tantum
1343 3103 1437 3179 pater
1454 3102 1567 3175 abbas,
1591 3119 1706 3164 curam
1730 3103 1771 3163 de

974 3199 1124 3277 proiectu
1135 3200 1202 3261 tam
1219 3199 1279 3259 filii
1290 3198 1418 3261 abbatis
1434 3215 1532 3276 qnam
1549 3199 1687 3262 fratrum
1710 3200 1773 3261 do-

975 3316 1047 3360 mus
1063 3298 1153 3358 illius
1168 3296 1299 3368 habeat,
1320 3301 1352 3359 et
1371 3298 1567 3374 potestatem
1580 3297 1700 3359 habeat
1714 3315 1772 3359 se-

975 3396 1118 3458 cundum
1134 3395 1285 3457 ordinem
1300 3394 1499 3471 corrigendi,
1514 3410 1587 3472 quae
1603 3396 1637 3456 in
1653 3411 1692 3456 es
1712 3412 1775 3457 no·

974 3493 1061 3556 verit
1086 3491 1295 3568 corrigenda,
1321 3494 1355 3554 et
1372 3491 1423 3552 illi
1445 3492 1476 3554 ei
1502 3493 1660 3569 tanquam
1686 3492 1774 3570 patri

974 3589 1195 3652 reverentiam
1222 3587 1358 3649 filialem
1380 3588 1552 3650 humiliter
1577 3589 1769 3650 exhibeant.

974 3687 1083 3750 Abbas
1109 3688 1219 3747 autem
1250 3687 1579 3749 praemonstratensis
1604 3686 1768 3758 ecclesiae,

976 3802 1048 3864 quaa
1074 3784 1181 3845 mater
1204 3799 1276 3845 esse
1296 3783 1502 3859 dignoscitur
1528 3784 1682 3857 aliarum,
1706 3800 1773 3845 non

975 3884 1081 3945 solum
1106 3882 1207 3943 iniis
1232 3882 1383 3943 ecclesiis
1408 3898 1490 3960 quas
1520 3881 1677 3955 instituit,
1714 3881 1773 3943 sed

975 3981 1074 4043 etiam
1088 3980 1122 4040 in
1132 3979 1285 4041 omnibus
1300 3979 1377 4040 aliis
1391 3979 1543 4040 ecclesiis
1559 3980 1707 4057 ejusdem
1721 3996 1772 4041 or·

975 4079 1074 4151 dinis,
1096 4080 1129 4140 et
1148 4078 1353 4154 dignitatem,
1368 4079 1401 4139 et
1413 4077 1559 4139 osticium
1574 4078 1677 4154 patris
1693 4079 1775 4141 obti-

975 4179 1063 4249 neat,
1079 4179 1112 4237 et
1127 4176 1159 4237 ei
1173 4176 1213 4236 ab
1229 4175 1382 4237 omnibns
1401 4176 1469 4238 tam
1481 4175 1655 4239 abbatibus
1675 4193 1774 4255 quam

124 4278 232 4338 tutum
243 4276 394 4353 spectant
410 4275 581 4348 ornatum,
601 4273 764 4349 quatenus
779 4270 920 4347 religio·
975 4274 1134 4336 tratribus
1153 4272 1263 4335 debita
1281 4274 1368 4351 patri
1390 4272 1579 4336 obedientia
1598 4274 1774 4352 impenda-

125 4390 240 4436 sorum
266 4373 379 4451 quies,
406 4372 448 4432 ab
476 4371 566 4435 omni
600 4370 644 4431 sit
673 4368 921 4446 perturbatione
975 4373 1040 4434 tur.
1059 4373 1226 4432 Praeterea
1247 4370 1511 4432 omnesabbates
1527 4372 1654 4433 ordinis
1669 4372 1774 4434 vestri
1889 4358 1893 4369 ’

125 4488 258 4543 secura,
284 4472 318 4532 et
342 4486 362 4530 a
387 4472 469 4547 jngo
495 4467 672 4532 mundanas
696 4466 920 4543 oppressionis
976 4468 1117 4545 singulis
1131 4468 1228 4529 annis
1243 4468 1285 4528 ad
1305 4468 1462 4543 generale
1476 4469 1658 4545 capitulum
1681 4471 1776 4531 Prae·

124 4572 279 4631 servetur
289 4569 407 4639 illaesa,
425 4582 525 4643 quum
537 4563 726 4642 Apostolica
739 4564 920 4626 fuerittui-
977 4570 1205 4638 monstratum,
1243 4566 1425 4643 postposita
1461 4566 1551 4627 omni
1577 4566 1772 4639 occasione,

125 4668 217 4729 tione
237 4666 376 4726 munita.
398 4662 612 4726 Attendentes
628 4662 741 4742 itaque
758 4661 920 4738 quomodo
975 4664 1187 4735 conveniant,
1204 4662 1271 4724 illis
1287 4663 1367 4724 solis
1382 4663 1542 4739 exceptis,
1568 4679 1650 4741 quos
1674 4679 1694 4724 a
1718 4662 1773 4723 ia-

124 4764 246 4841 religio
258 4766 291 4825 et
300 4763 382 4826 ordo
392 4762 502 4827 vester
514 4761 618 4823 multa
633 4758 802 4835 refulgens
813 4759 921 4836 gloria
975 4762 1056 4823 bore
1082 4761 1145 4822 vise
1164 4760 1314 4837 corporis
1332 4760 1554 4822 retardaverit
1574 4760 1773 4822 infirmitas:

125 4862 332 4933 meritorum,
354 4862 387 4922 et
413 4859 522 4936 gratia
546 4858 699 4919 redolens
721 4858 919 4929 sanctitatis,
976 4859 1033 4937 qui
1056 4859 1166 4919 tamem
1188 4857 1342 4919 idoneum
1361 4873 1421 4935 pro
1443 4873 1479 4918 se
1500 4857 1656 4934 delegare
1673 4858 1776 4920 debe·
1882 4930 1885 4937 Ι

126 4960 281 5040 palmites
294 4974 401 5019 suosa
415 4957 501 5018 mari
516 4972 622 5033 usque
639 4955 680 5016 ad
701 4970 792 5016 mare
805 4958 923 5017 exten·
976 4957 1057 5018 bunt
1069 4957 1233 5028 nuntium,
1248 4973 1307 5033 per
1321 4972 1417 5033 quem
1430 4957 1613 5017 necessitas
1626 4958 1659 5019 et
1673 4973 1776 5019 causa

125 5058 224 5129 derit,
250 5056 357 5135 ipsum
382 5054 530 5117 ordinem
556 5055 589 5116 et
610 5054 786 5116 universas
807 5052 921 5114 domos
976 5053 1209 5116 remorationis
1234 5070 1304 5115 suae
1326 5053 1472 5131 capitulo
1493 5054 1629 5116 valeant
1651 5071 1778 5117 renun-
1858 5042 1872 5085 ’-

124 5155 275 5233 eJusdern
308 5154 434 5215 ordinis
474 5152 673 5230 apostolicas
707 5150 922 5228 protectionis
976 5152 1067 5215 tiari.
1080 5152 1128 5213 lbi
1150 5152 1273 5223 autem,
1288 5151 1344 5229 qui
1361 5151 1397 5213 in
1412 5152 1647 5213 remotioribus
1670 5154 1777 5230 parti-
1830 5214 1834 5221 .

127 5252 285 5330 praesidio
300 5251 455 5312 duximus
473 5249 696 5312 confovendas
716 5250 749 5310 et
766 5249 922 5324 praesenti
976 5250 1038 5311 bus
1059 5248 1258 5321 habitantes,
1282 5249 1358 5311 sine
1375 5250 1469 5325 gravi
1489 5249 1684 5313 difficultate
1704 5251 1778 5313 sin-
1885 5250 1890 5283 ·’

127 5350 303 5428 privilegio
329 5347 536 5409 muniendas.
554 5348 737 5423 Eaproptcr
753 5346 864 5408 dilecti
887 5346 922 5407 in
977 5348 1063 5425 gulis
1076 5348 1173 5410 annis
1186 5364 1222 5408 se
1240 5348 1450 5425 nequiverint
1467 5348 1612 5425 capitulo
1627 5365 1780 5425 praesen·

128 5448 267 5509 Domino
288 5447 360 5518 tilii,
383 5445 502 5507 vestris
521 5446 622 5522 justis
647 5445 923 5521 postulationibus
977 5447 1059 5518 tare,
1076 5446 1111 5507 in
1126 5462 1166 5507 eo
1181 5446 1323 5507 termino
1345 5445 1557 5519 conveniant,
1574 5446 1681 5527 quiin
1704 5448 1779 5525 ipso

128 5544 304 5621 benignius
313 5544 507 5614 annuentes
516 5542 557 5604 ad
569 5543 740 5619 exourplar
750 5542 858 5604 felicis
869 5559 924 5605 re-
978 5545 1027 5606 eis
1040 5543 1187 5620 capitulo
1201 5543 1302 5605 inerit
1314 5544 1526 5605 constitutus.

129 5642 332 5709 cordationis
349 5640 541 5714 Alexandri,
563 5640 668 5709 Lucii,
694 5640 831 5714 Urbani,
848 5641 924 5703 Cle-
1019 5641 1054 5703 Si
1081 5656 1161 5703 vero
1185 5641 1326 5718 quilibet
1348 5640 1516 5713 abbatum,
1539 5641 1598 5703 aut
1621 5642 1782 5720 praeposi·
