3802 6166
577 223 634 285 Χῖ.
648 251 691 268 -
707 221 753 285 IN
771 220 994 285 GATHEDRA
1015 220 1164 283 SANCTI
1185 223 1321 287 PETRI.

130 226 190 291 133
1713 234 1772 297 134

168 385 275 447 Deum
300 397 374 447 esse
400 398 477 446 eum
500 382 672 445 confessus
694 383 761 455 est,
791 377 923 458 quando
977 381 1085 444 oliva.
1109 384 1208 461 Brgo,
1223 385 1353 448 Beatus
1376 400 1425 459 es,
1440 382 1560 453 Simon
1582 393 1769 469 bartona,
1891 450 1894 455 .

129 480 235 545 dixit:
253 485 303 545 Tu
314 495 352 544 es
363 482 521 544 cbristus
530 482 724 552 Filiusdlet
736 482 817 542 etei.
834 482 923 541 Duas
976 482 1057 553 quta
1070 494 1153 543 cero
1167 482 1201 545 et
1209 486 1353 559 θαρρεῖς
1366 498 1436 546 aea
1449 489 1617 551 revelavit
1629 489 1700 563 tint,
1711 495 1771 557 sed

129 578 305 641 confltetur
318 578 354 640 iu
375 578 505 641 Christo
524 580 661 640 naturas
674 578 707 640 et
725 594 824 639 unam
842 593 922 654 per·
976 579 1087 640 Peter
1120 595 1218 643 necem
1251 582 1399 643 coetestts
1433 587 1491 656 qut
1525 586 1578 647 θεῖ
1611 591 1648 649 te
1679 596 1772 657 coelts
1886 636 1889 641 -

128 692 256 749 sonam,
273 678 425 738 naturam
440 676 619 737 humanam
638 676 671 738 et
694 676 847 739 naturam
866 675 921 736 di·
978 674 1109 755 (blattb.
1136 693 1205 749 xus,
1237 675 1300 755 17).
1330 679 1413 740 Caro
1440 681 1474 741 θῖ
1501 685 1656 759 sanguis,
1686 686 1773 750 idest

128 773 241 835 sinam
258 795 266 834 :
283 775 435 835 naturam
458 772 638 834 humanam
660 789 735 834 cum
750 773 851 834 dicit:
874 775 923 833 Tu
977 773 1094 835 scribae
1123 776 1155 835 et
1183 774 1346 837 Pharisaei
1378 776 1419 836 de
1447 794 1588 855 quorum
1610 799 1711 844 carne
1738 789 1772 847 et
1875 776 1879 783 ’

128 886 165 933 ec
192 872 375 940 Christum
400 871 552 931 naturam
579 870 727 931 divinam
751 886 825 930 curn
849 869 919 933 ait:
977 872 1610 950 sanguinetuexisti;quemadmodum
1626 881 1714 942 etde
1734 899 1770 944 se
1833 930 1837 935 .

128 971 237 1031 Filios
248 970 313 1030 Det
325 969 405 1027 virt.
429 967 534 1028 Filius
550 968 637 1029 enim
657 968 716 1028 Dei
731 984 796 1029 non
816 967 924 1044 potest
976 969 1057 1031 dicit
1070 970 1256 1046 Apostolus.
1275 971 1333 1031 Vel
1350 971 1471 1034 dicitur
1483 976 1652 1049 Bardona,
1670 979 1767 1053 idest,

129 1080 200 1127 esse
215 1065 282 1125 nisi
297 1067 401 1137 Deus,
419 1064 505 1126 sicut
524 1065 612 1126 illius
626 1064 771 1126 bominis
786 1080 852 1127 non
867 1081 922 1142 ρο-
976 1066 1064 1127 dlius
1078 1068 1216 1129 loannis
1241 1067 1297 1145 qui
1317 1068 1554 1146 interpretatur
1567 1074 1676 1149 gratia
1696 1078 1767 1139 Dei.

129 1164 190 1224 test
204 1178 280 1224 esse
295 1162 360 1224 nisi
383 1163 492 1224 horno.
515 1164 612 1234 Nam,
634 1162 721 1225 sicut
734 1163 846 1224 anima
865 1179 922 1224 ra·
975 1165 1116 1226 Tantam
1134 1165 1275 1241 gratiam
1292 1167 1450 1228 Dominus
1472 1170 1571 1231 Petro
1592 1175 1768 1247 concessit,

128 1259 262 1321 tionalis
278 1261 310 1322 et
322 1276 398 1345 caro
414 1276 499 1321 unus
519 1261 570 1321 est
588 1260 697 1332 borne,
716 1260 763 1321 ita
782 1263 867 1323 Dens
889 1261 922 1324 et
977 1262 1012 1322 ut
1027 1261 1142 1323 umbra
1157 1265 1229 1338 ejus
1245 1266 1443 1326 sanarentur
1455 1265 1591 1339 infirmi,
1615 1270 1662 1331 ita
1677 1272 1713 1332 ut
1733 1273 1769 1333 in

79 1410 80 1415 ,
129 1357 323 1419 bomounus
335 1359 385 1419 est
397 1358 557 1419 Christus.
570 1358 648 1418 Vel:
662 1357 921 1423 Tuest'brtstas
974 1359 1094 1436 plateis
1114 1359 1274 1435 eJicerent
1288 1360 1448 1433 infirmos,
1469 1364 1504 1425 ut
1524 1366 1679 1429 veniente
1701 1371 1769 1431 Pe-

127 1458 236 1517 Filtas
254 1459 319 1517 Det
340 1458 420 1527 etet,
443 1455 499 1533 qni
522 1456 639 1517 vivens
659 1455 693 1516 in
715 1472 751 1518 se
775 1454 922 1517 vilificat
976 1458 1038 1528 tro,
1056 1457 1172 1519 saltem
1193 1457 1308 1519 umbra
1332 1462 1404 1535 ejus
1426 1458 1636 1524 obumbraret
1650 1481 1769 1541 quem-

128 1553 303 1628 universa3
319 1553 354 1615 in
370 1553 602 1630 quesivimus,
619 1569 792 1615 moremur
812 1552 845 1614 et
864 1569 921 1613 su·
975 1554 1063 1631 piam
1088 1570 1202 1616 eorum
1221 1558 1255 1617 et
1276 1557 1475 1617 sanarentur
1503 1557 1544 1618 ab
1565 1558 1771 1625 infirmitati-

128 1667 209 1711 mus.
231 1653 327 1713 Hanc
349 1652 475 1713 tantam
498 1650 594 1712 fldem
618 1651 711 1715 nulla
730 1666 846 1729 passus
870 1653 921 1713 θεῖ
971 1651 1047 1721 bus.
1062 1655 1132 1715 Hoc
1147 1651 1497 1717 manifestetestantur
1511 1657 1611 1718 Actus
1628 1661 1768 1736 Aposto-

128 1749 285 1810 bominus
315 1749 497 1811 tentatione
525 1749 678 1822 deficere,
706 1765 781 1811 cum
809 1749 918 1812 dixit:

127 1850 255 1919 Sbrton,
281 1850 411 1915 Simon,
435 1849 586 1910 Soterem
608 1848 776 1922 expetivit
795 1862 855 1910 vos
882 1849 922 1911 ut

127 1944 298 2006 embrarct
314 1945 402 2007 sicut
414 1946 580 2018 triticum,
594 1948 654 2009 sed
668 1961 729 2022 eqo
740 1960 807 2021 pro
822 1946 854 2009 te
867 1961 922 2009 ro·

126 2045 215 2118 pani,
228 2042 348 2111 Petrc,
363 2042 401 2104 ut
416 2044 632 2117 noredestetat
646 2045 731 2117 sides
747 2045 817 2116 tua,
835 2042 868 2106 ct
883 2043 921 2104 tu

127 2142 307 2214 dtqtcnndo
322 2154 509 2202 coerceretis
518 2143 690 2215 cotttirane
700 2142 834 2218 fratres
844 2141 921 2203 tuos

127 2234 217 2315 (Luc.
232 2253 317 2309 xxu,
331 2237 397 2317 37).

162 2336 259 2396 Hauc
273 2334 514 2396 confessionem
530 2334 791 2413 quadrupliciter
802 2350 919 2397 remu-

125 2432 256 2493 neravit
266 2433 426 2494 Christus.
441 2433 552 2501 Primo
565 2433 651 2510 quod
665 2433 750 2494 dixit
759 2448 834 2494 eum
845 2448 919 2494 esse

125 2529 228 2589 filium
245 2529 425 2606 columbae3
451 2530 595 2592 secundo
619 2530 704 2608 quod
726 2532 823 2592 vocat
844 2547 919 2592 eum

126 2627 278 2701 Petrum3
292 2627 390 2689 tertio
404 2627 534 2704 quando
547 2626 650 2689 dixit:
664 2626 737 2688 Tibi
752 2627 835 2689 dabo
849 2628 921 2688 cla-

125 2740 182 2785 res
202 2725 299 2800 regni
320 2725 496 2799 coelorum3
517 2727 637 2801 quarto
657 2725 787 2803 quando
809 2725 916 2786 dixit:

124 2823 361 2897 Quodcztmque
395 2825 560 2900 ligaveris
580 2838 705 2897 ,super
743 2825 917 2885 terram...

128 2917 260 2998 (Mattb.
276 2937 345 2993 xer,
367 2920 430 3000 19).
447 2921 559 2982 Primo
574 2921 705 2983 vocavit
720 2937 795 2982 eum
814 2920 919 2983 fllium

122 3017 284 3079 columbae
306 3018 438 3096 quando
458 3017 565 3080 dixit:
592 3019 722 3081 Beatus
737 3035 784 3090 cs,
800 3023 920 3081 Straton

122 3120 197 3177 Bar
217 3119 308 3178 Ione
333 3113 430 3194 (lbid.
457 3132 526 3188 xvi,
544 3114 607 3196 17).
642 3118 763 3178 Beatus
799 3117 920 3179 dicitur

123 3213 218 3291 quasi
232 3212 318 3275 bene
333 3216 460 3275 auctus.
475 3214 596 3275 Beatus
610 3215 729 3275 Petrus
746 3213 809 3276 fuit
823 3215 920 3292 quasi

121 3311 206 3374 bene
232 3313 350 3373 auctus
375 3327 435 3388 per
459 3310 677 3390 principalem
702 3312 857 3389 gratiam,
884 3313 918 3373 in

122 3409 185 3471 bac
197 3411 278 3482 vita,
290 3425 351 3487 per
359 3409 576 3471 excellentem
584 3409 724 3486 gloriam
736 3410 770 3470 in
779 3409 918 3472 coelesti.

124 3511 188 3571 Per
200 3508 419 3586 principalem
433 3508 586 3583 gratiam,
601 3506 680 3584 quia
693 3507 784 3569 dedit
797 3508 828 3567 ei
842 3523 919 3568 ma-

122 3606 296 3683 gisterium
318 3605 520 3667 universalis
539 3605 707 3678 Ecclesiae,
730 3605 763 3667 et
782 3605 920 3683 insuper

123 3705 213 3767 dedit
227 3704 260 3766 ei
273 3704 385 3765 claves
399 3703 494 3780 regni
509 3703 679 3764 coelerum.

159 3808 235 3865 Per
249 3803 471 3865 excellentem
484 3805 641 3878 plastem,
661 3800 739 3878 quia
755 3800 841 3864 sicut
857 3800 920 3863 fuit

123 3901 248 3978 primus
284 3898 317 3959 in
339 3898 521 3977 apostolis,
548 3899 595 3962 ita
630 3899 757 3976 primus
791 3899 920 3961 assist't

123 3999 254 4061 Christo
277 3997 312 4058 in
330 3997 433 4059 coelis.
449 4000 525 4059 Bar
537 4000 626 4058 lonc
649 4012 769 4058 nomen
790 3998 840 4059 est
860 3997 920 4059 be-

120 4094 269 4164 braeum,
294 4094 512 4172 compositum
535 4109 578 4155 ex
600 4093 730 4171 integro
756 4095 843 4173 quod
869 4096 919 4158 est

121 4196 205 4267 Ber,
217 4193 305 4255 idest
314 4192 430 4265 Filius,
445 4192 478 4253 θῖ
487 4193 663 4269 corruptus
673 4193 759 4271 quod
770 4193 821 4256 θεῖ
829 4197 920 4255 lona

120 4308 177 4371 pro
200 4295 350 4362 Ioanne,
373 4289 459 4351 idest
477 4289 566 4351 tilius
589 4290 740 4352 loannis.
761 4290 823 4352 Vel
844 4296 919 4354 Bar

119 4394 208 4453 Jorta
220 4387 459 4466 interpretatur
472 4386 561 4447 illius
577 4387 748 4449 columbae.
760 4388 918 4451 Columba

121 4491 169 4551 est
182 4487 327 4565 Spiritus
340 4486 493 4557 Sanctus,
511 4485 567 4561 qui
581 4485 673 4547 venit
687 4501 789 4562 super
800 4486 918 4547 Chris-

121 4589 188 4648 tum
204 4585 240 4647 iu
262 4581 407 4646 Jordane
423 4582 569 4643 flumine.
586 4583 707 4645 Beatus
727 4584 846 4645 Petrus
867 4586 918 4645 est

122 4684 210 4745 filius
235 4680 408 4751 columbae,
428 4680 505 4757 quia
528 4679 671 4759 Spiritus
688 4681 828 4742 Sanctus
850 4698 916 4742 nu-

119 4782 211 4843 trivit
222 4780 370 4842 animam
385 4780 468 4855 eJuS,
481 4777 568 4838 sicut
580 4779 673 4854 pater
684 4777 788 4839 nutrit
799 4778 913 4840 fllium.

120 4880 176 4941 l‘el
194 4879 318 4940 dicitur
334 4876 423 4936 filins
445 4873 605 4936 columbae
629 4889 689 4951 pro
711 4875 814 4936 multa
829 4876 914 4936 sim·

119 4976 277 5055 plicitate,
299 4989 360 5051 pro
383 4972 485 5035 multa
510 4972 774 5044 mansuetudine,
801 4974 834 5035 et
854 4992 915 5053 pro

119 5076 223 5137 multa
237 5073 427 5134 dilectione.

157 5173 236 5234 Tria
249 5172 362 5247 itaque
374 5168 518 5230 notanda
534 5167 611 5229 sunt
621 5167 656 5228 in
671 5166 735 5229 ista
748 5168 911 5245 columba,

119 5270 213 5339 idest,
230 5269 350 5331 devota
365 5266 399 5327 et
417 5265 553 5326 humilis
569 5265 807 5339 anima-idest,
828 5270 913 5345 quod

975 1749 1093 1810 lorum.
1109 1750 1202 1811 Unde
1215 1749 1338 1812 dictum
1352 1752 1402 1812 θεῖ
1412 1752 1529 1813 Petro:
1546 1754 1595 1813 Tu
1607 1771 1643 1816 es
1657 1757 1770 1832 paster

975 1847 1097 1919 ovium,
1121 1847 1275 1924 princeps
1294 1848 1537 1924 Apostolorum,
1553 1850 1614 1913 tibi
1634 1853 1771 1919 tradidit

975 1947 1061 2007 Deus
1076 1944 1186 2005 claves
1198 1945 1293 2021 regni
1308 1945 1477 2008 coelorum.

1014 2043 1134 2103 Nonne
1152 2042 1238 2119 quod
1253 2043 1377 2105 dictum
1395 2046 1446 2106 est
1459 2045 1567 2117 Petro,
1582 2044 1705 2109 dictum
1720 2050 1772 2112 θεῖ

975 2139 1127 2201 omnibus
1143 2140 1391 2203 srrccessoribus
1406 2143 1501 2219 ejust
1520 2144 1679 2206 Omnibus
1693 2145 1770 2209 data

975 2238 1025 2298 est
1040 2238 1185 2315 potestas
1210 2237 1337 2313 ligandi
1354 2239 1453 2316 atque
1477 2241 1637 2302 solvendi.
1655 2245 1770 2305 Omni·
1861 2250 1864 2255 '
1890 2214 1897 2233 τ

973 2333 1036 2397 bus
1058 2333 1234 2395 commissa
1256 2337 1307 2397 θεῖ
1330 2350 1412 2397 cura
1432 2336 1465 2397 et
1487 2337 1675 2400 sollicitudo
1697 2356 1770 2401 om-

974 2432 1067 2493 nium
1079 2431 1307 2505 ecclesiarum,
1322 2431 1357 2493 ut
1372 2434 1527 2495 mandata
1542 2434 1600 2496 Dei
1612 2436 1768 2513 populum

975 2529 1114 2590 doceant
1147 2527 1248 2589 verbo
1283 2529 1529 2605 praedicationis
1557 2533 1590 2593 et
1617 2534 1769 2610 exemplo

973 2627 1051 2688 boni
1066 2626 1224 2704 temporis
1243 2642 1318 2688 eum
1334 2629 1484 2703 pascant,
1497 2630 1532 2692 et
1545 2645 1605 2705 pro
1621 2631 1766 2707 peccatis

974 2740 1089 2787 eorum
1102 2724 1141 2785 ad
1159 2726 1262 2786 Deum
1275 2725 1493 2788 intercedant.
1510 2727 1604 2788 Unde
1617 2741 1691 2790 cum
1702 2731 1771 2791 Do-

974 2823 1083 2885 minus
1099 2821 1290 2901 loqueretnr
1304 2821 1458 2884 omuibus
1472 2825 1640 2901 Apostolis
1656 2826 1767 2897 simul,

974 2921 1047 2981 ait:
1074 2923 1228 2987 oacrum
1241 2921 1451 2983 acclamaretis
1470 2925 1623 2997 peccata,
1647 2926 1771 2987 retald-

973 3018 1097 3079 tnntur
1110 3021 1197 3081 ete...
1216 3019 1296 3077 Cum
1314 3018 1424 3079 autem
1446 3018 1509 3080 soli
1524 3021 1623 3082 Petro
1638 3021 1768 3085 locutus

974 3116 1072 3186 esset,
1090 3114 1194 3177 dixit:
1223 3117 1458 3190 Quodcumque
1481 3121 1645 3193 ligaveris
1664 3135 1772 3195 super

975 3215 1121 3285 terram,
1138 3213 1207 3274 ortt
1224 3213 1371 3289 cipetum
1388 3215 1422 3276 ct
1436 3217 1473 3277 te
1494 3219 1624 3277 coelis...
1645 3216 1691 3279 nt
1709 3219 1770 3280 ttbt
1894 3268 1897 3275 .

974 3315 1058 3373 dabo
1079 3316 1191 3373 claves
1204 3313 1305 3387 replet
1321 3317 1497 3374 coelorum.
1518 3314 1667 3375 Ostendit
1683 3315 1769 3392 quod

975 3409 1088 3470 caeteri
1102 3407 1211 3470 vocati
1230 3408 1357 3470 suntin
1374 3409 1502 3486 partem
1521 3411 1767 3487 sollicitudinis,

975 3506 1065 3567 solus
1077 3507 1188 3567 autem
1203 3506 1321 3566 Petrus
1336 3507 1524 3582 assumptus
1541 3508 1592 3569 est
1609 3508 1644 3568 iu
1662 3506 1772 3585 pleni-

974 3604 1122 3678 tudinem
1133 3601 1304 3680 potestatis
1319 3618 1326 3657 ε
1344 3602 1421 3679 quia
1436 3603 1526 3664 solus
1541 3606 1648 3680 potest
1664 3604 1771 3681 ligare

974 3702 1128 3773 caeteros,
1155 3699 1212 3761 sed
1237 3714 1303 3761 non
1330 3698 1430 3775 ligari
1453 3702 1563 3776 potest
1585 3717 1605 3763 a
1627 3702 1768 3764 caeteris.

974 3800 1058 3872 Quia
1092 3813 1267 3859 successor
1301 3796 1404 3871 Petri,
1431 3798 1586 3861 videlicet
1614 3802 1768 3862 Summus

974 3896 1138 3969 Pontifex,
1163 3894 1385 3973 priucipatum
1420 3895 1587 3957 cathedre
1611 3899 1769 3960 Romanas

973 3995 1131 4058 Ecclesiae
1150 3992 1297 4071 possidet
1311 3992 1344 4054 et
1363 3991 1537 4069 gubernat,
1554 3993 1610 4071 qui
1625 3994 1771 4071 plenitu-

973 4092 1083 4155 dinem
1098 4091 1236 4153 bonoris
1256 4090 1308 4151 sui
1323 4090 1356 4151 θῖ
1370 4090 1608 4166 amplissimam
1622 4091 1770 4167 dignita-

972 4192 1040 4254 tem
1054 4188 1185 4252 caeteris
1204 4187 1356 4249 ecclesiis
1375 4203 1435 4265 per
1456 4186 1647 4250 universum
1671 4206 1769 4251 mun-

973 4289 1050 4349 dum
1075 4288 1111 4349 in
1146 4285 1285 4348 Domino
1318 4284 1506 4347 constitutis
1542 4286 1711 4349 distrihuit
1735 4288 1769 4350 et

972 4385 1152 4463 dispensat,
1169 4383 1328 4444 ordinans
1340 4382 1375 4442 in
1388 4382 1436 4443 eis
1452 4382 1676 4459 patriarchas,
1698 4385 1769 4461 pri-

972 4484 1089 4555 mates,
1106 4481 1289 4559 episcopos,
1305 4478 1450 4551 abbates,
1468 4480 1670 4557 caeterosque
1685 4497 1767 4558 praa

972 4584 1067 4655 latos,
1095 4580 1182 4641 sicut
1210 4576 1288 4639 fecit
1319 4578 1463 4654 Moysen,
1486 4578 1542 4655 qui
1567 4594 1641 4638 cum
1667 4594 1765 4640 mane

972 4678 1132 4758 usquead
1156 4690 1332 4753 vesperum
1348 4674 1489 4742 sederet,
1513 4674 1546 4735 et
1567 4689 1632 4734 non
1654 4676 1767 4751 posset

971 4777 1136 4840 sustinere
1146 4772 1366 4850 frequentiam
1379 4770 1503 4847 populi,
1515 4769 1679 4848 judicium
1694 4789 1768 4849 pos·

970 4874 1118 4943 tulantis,
1134 4870 1297 4940 tribunos,
1315 4866 1537 4938 centuriones,
1554 4871 1588 4928 et
1600 4869 1766 4946 qninqua-

969 4971 1125 5049 genarios
1139 4969 1175 5029 in
1188 4964 1308 5043 populo
1324 4963 1500 5037 ordinavit,
1514 4965 1549 5025 ut
1561 4963 1624 5042 ipsi
1635 4966 1765 5030 minora

970 5066 1174 5133 solummodo
1194 5062 1396 5140 judicarent,
1417 5061 1457 5121 ad
1482 5078 1517 5123 se
1535 5077 1616 5124 vero
1638 5066 1764 5141 majora

969 5165 1102 5244 negotia
1113 5160 1291 5231 deferrent,
1304 5174 1378 5236 quae
1392 5158 1539 5236 quotidie
1552 5175 1614 5237 per
1628 5161 1763 5223 miseri-

969 5263 1117 5329 cordiam
1129 5257 1188 5321 Dei
1203 5256 1354 5319 facimus.

119 5366 304 5429 nidificavit
324 5365 359 5425 in
382 5362 606 5438 foraminibus
621 5363 734 5440 petrae,
752 5365 837 5442 quod
859 5366 936 5445 of·¹
1009 5360 1095 5424 Dicit
1118 5372 1198 5434 ergo
1222 5358 1308 5417 Deus
1331 5353 1431 5415 Pater
1456 5352 1517 5414 sub
1540 5368 1680 5431 persona
1703 5358 1766 5418 Za-

119 5464 287 5527 ferebatur
301 5463 336 5522 in
351 5460 515 5522 sacrificio
531 5461 652 5534 retorto
668 5461 709 5522 ad
725 5461 845 5524 collum
862 5480 915 5527 ca·
969 5458 1093 5522 cbariae
1112 5478 1119 5517 :
1139 5455 1320 5528 assensere·
1332 5454 1420 5521 duas
1439 5454 1559 5529 vireas
1579 5450 1689 5531 (Zacb.
1712 5470 1760 5527 x1,

119 5563 196 5642 pite,
218 5560 305 5640 quod
330 5558 405 5621 tulit
429 5558 470 5621 ad
488 5574 599 5621 arcam
624 5573 753 5621 ramum
771 5559 913 5625 viventis
967 5559 1012 5635 7),
1028 5554 1124 5629 idest,
1138 5551 1255 5616 rocavi
1273 5548 1355 5614 duos
1376 5548 1543 5627 apostolos
1564 5549 1635 5610 sive
1648 5552 1762 5627 pasto-
