3802 6166
81 310 144 373 201
270 380 273 386 ,
358 312 459 374 XVII.
475 342 516 358 -·
530 314 575 375 IN
596 272 1473 398 0111111111εΑΝοΤΗοΑΝΝΙεΒΑΡΤΙεΤΕ.
1681 319 1744 379 202

87 468 152 532 Sed
175 469 291 532 Mariae
317 471 416 532 Matri
441 473 689 535 annuntiatur:
712 476 888 549 Goiictptes
942 474 1078 552 propter
1109 475 1251 537 salutem
1281 475 1445 549 nostram,
1480 476 1517 539 ut
1548 478 1743 541 assisterent

48 593 59 610 ·
84 569 120 629 et
137 570 262 642 paries
285 569 407 642 titiiani,
438 569 472 633 ei
496 575 632 633 cacabis
659 585 785 635 :romeu
813 575 888 647 ejus
942 588 1054 634 coram
1069 572 1208 635 Domino
1223 573 1263 635 ad
1279 573 1480 636 laudandum
1495 576 1528 636 et
1543 574 1743 637 benedicen-

84 669 207 728 Jcsum
222 664 316 744 (Luc.
333 682 356 739 t,
370 666 436 746 31).
453 670 519 729 Cur
532 669 596 731 hoc
610 669 676 731 nisi
692 670 776 747 quod
790 673 888 732 ioan·
941 670 1030 731 dum.
1043 674 1089 731 lie
1102 670 1197 732 nobis
1208 670 1330 732 dicitur
1342 673 1377 733 in
1392 673 1524 734 Psalmo
1538 694 1545 732 :
1557 676 1630 751 Epo
1643 676 1741 735 diui:

86 780 146 826 nes
171 765 349 842 conceptus
375 768 425 827 est
451 767 486 828 in
517 768 663 844 peccata,
694 768 780 830 sicut
807 767 888 829 dicit
941 769 1601 850 ,011601108111110000100100001110.
1624 772 1674 843 81,
1693 769 1739 852 6).

85 862 191 926 David
223 885 230 923 :
260 867 347 926 Eece
380 867 417 925 in
442 856 680 939 iniquitatibus
706 866 888 940 eoiieeptns
981 870 1054 927 Per
1071 868 1360 939 cehaereditaiene,
1377 868 1454 944 qnia
1471 869 1505 929 in
1527 869 1653 930 coelesti
1670 869 1774 931 llae··-
1876 890 1881 901 ·

84 977 201 1023 ueni...
220 958 288 1040 (Ps.
315 963 365 1033 50,
386 962 431 1042 6).
460 963 556 1024 Solus
577 967 686 1026 autem
707 967 803 1026 iesus
826 963 889 1026 lirit
941 964 1081 1026 reditate
1112 966 1239 1028 tantam
1279 966 1420 1041 gloriam
1456 966 1590 1029 habehit
1624 968 1739 1035 homo,
1860 982 1863 987 ·

85 1059 267 1137 conceptus
295 1059 367 1121 sine
389 1061 497 1138 culpa,
522 1062 598 1139 quia
621 1062 684 1124 init
709 1064 887 1139 conceptus
942 1061 1098 1137 quantam
1116 1062 1148 1122 et
1166 1061 1304 1137 angelus
1326 1062 1436 1124 hahet.
1466 1064 1559 1125 Unde
1580 1065 1741 1126 Dominus

86 1155 126 1218 de
158 1156 285 1235 Spiritu
313 1159 450 1226 Sancto,
486 1158 571 1221 sicut
599 1160 646 1222 ait
672 1161 810 1236 angelus
845 1160 885 1221 ad
941 1158 976 1218 in
990 1159 1172 1235 Evangelio
1190 1180 1197 1220 :
1214 1162 1378 1234 AEqraaies
1396 1165 1489 1222 enim
1512 1167 1642 1239 atraciis
1659 1163 1743 1224 sitiit
1846 1168 1851 1187 “

85 1256 258 1331 Virginem
282 1277 290 1317 :
314 1257 467 1330 spiritus
491 1259 638 1320 Sanctus
664 1259 888 1335 superveniet
942 1255 1035 1334 (Luc.
1049 1273 1107 1328 xx,
1123 1256 1188 1336 36).
1207 1260 1246 1319 nt
1260 1260 1336 1318 sunt
1351 1258 1410 1318 lilii
1424 1259 1494 1331 Dei,
1507 1275 1582 1321 eum
1598 1261 1664 1321 sint
1680 1260 1742 1321 lilii

86 1356 122 1415 in
140 1353 212 1415 te...
242 1350 336 1433 (Luc.
361 1368 383 1426 1,
410 1353 475 1434 35).
501 1354 567 1417 alii
587 1355 682 1435 pueri
703 1357 826 1418 exeunt
847 1356 887 1418 de
942 1355 1206 1416 resurrectionis.
1225 1355 1350 1417 Etideo
1364 1356 1468 1418 dixit:
1484 1358 1567 1418 Sunt
1581 1358 1740 1434 aequales.
1826 1358 1832 1369 “

87 1450 181 1511 utero
197 1449 313 1511 matris
337 1465 452 1513 eorum
479 1451 605 1512 sordidi
626 1452 784 1528 originali
809 1469 888 1531 pec·
941 1450 1085 1513 Verbum
1109 1453 1283 1529 praesentis
1311 1454 1469 1531 temporis
1494 1455 1641 1531 protulit,
1670 1456 1743 1517 sive

88 1548 172 1609 cato.
200 1549 266 1609 Iste
292 1548 456 1626 processit
484 1548 652 1627 tamquam
682 1566 822 1628 sponsus
847 1551 887 1613 de
942 1550 1158 1626 Evangelium
1174 1551 1295 1627 posuit,
1315 1551 1393 1628 quia
1415 1553 1501 1630 quod
1517 1551 1663 1615 futurum
1678 1553 1739 1625 est,

88 1645 238 1707 thalamo
261 1661 334 1714 suo,
350 1646 446 1719 idest,
471 1646 663 1724 splendidus
678 1649 712 1710 et
734 1647 885 1710 decorus.
942 1647 1172 1724 inpraesentia
1196 1649 1255 1710 Dei
1273 1652 1344 1726 jam
1369 1648 1491 1712 iactum
1515 1651 1575 1712 est.
1602 1651 1651 1713 hd
1678 1652 1742 1713 hoc

90 1744 153 1805 alii
181 1743 277 1821 pueri
305 1744 438 1821 plorant
461 1744 496 1806 in
524 1761 584 1807 sua
608 1746 793 1819 nativitate,
823 1748 887 1809 iste
941 1745 1112 1806 sciendum
1127 1746 1179 1808 est
1198 1746 1284 1823 quod
1303 1748 1339 1807 in
1361 1750 1463 1809 Sacra
1484 1749 1655 1825 Scriptura
1679 1765 1743 1809 an-

89 1857 166 1904 vero
182 1841 258 1903 risit
275 1840 307 1903 et
322 1841 480 1918 garrdium
495 1843 593 1905 matri
613 1843 713 1905 dedit.
737 1847 784 1906 De
798 1846 888 1907 nati·
941 1843 1035 1918 gelus
1050 1843 1311 1921 quadrupliciter
1335 1845 1506 1923 accipitur.
1524 1847 1582 1908 Est
1597 1862 1741 1925 namque

89 1940 189 2001 :inte
211 1939 352 2002 loannis
376 1939 498 2003 dicitur
519 1940 553 2004 in
577 1942 758 2020 Evangelio
780 1964 787 2002 ε
810 1947 886 2005 Aa·
942 1941 1080 2017 angelus
1090 1943 1222 2003 Satanae
1234 1943 1287 2003 vel
1301 1942 1472 2016 daemonis,
1483 1945 1621 2020 angelus
1635 1945 1739 2021 pacis,

89 2038 219 2100 duritas
233 2041 339 2100 vieini
353 2038 634 2115 cicognatiquod
648 2042 887 2118 :maniacam
941 2039 1080 2115 angelus
1095 2039 1270 2101 ministerii
1287 2042 1319 2102 et
1340 2042 1480 2117 angelus
1502 2042 1645 2104 consilii.
1671 2046 1742 2105 hn—
1770 2116 1773 2120 Δ
1854 2063 1857 2067 ·

89 2137 179 2198 Deris
191 2138 471 2198 misericordiane
489 2153 591 2199 simne
607 2153 686 2199 mein
702 2142 884 2211 Elisabeth,
941 2138 1036 2213 gelus
1065 2135 1225 2199 daemonis
1250 2139 1451 2215 colaphizat,
1480 2141 1618 2216 angelus
1646 2141 1740 2217 pacis

88 2234 417 2310 congratulabantur
431 2238 463 2296 et
479 2232 572 2316 (Luc.
594 2253 616 2308 1,
632 2235 698 2316 58).
721 2237 830 2298 Vicini
855 2238 887 2298 et
941 2234 1094 2307 aedificat,
1117 2235 1255 2310 angelus
1274 2235 1452 2298 ministerii
1472 2236 1647 2310 confortat,
1675 2254 1740 2299 an·

90 2332 220 2408 cognati
228 2332 306 2393 sunt
315 2332 427 2408 angeli
438 2333 497 2395 Dei
507 2334 539 2395 et
549 2335 667 2406 sancti,
680 2334 735 2412 qui
746 2328 887 2412 quatuor
940 2332 1035 2408 gelus
1050 2331 1181 2394 consilii
1196 2320 1316 2395 liberat
1327 2334 1378 2394 vel
1392 2337 1538 2395 coronat.
1556 2337 1612 2397 Est
1627 2335 1739 2413 itaquo
1862 2346 1868 2356 '

91 2428 263 2491 decausis
287 2429 443 2492 dicuntur
469 2447 543 2493 esse
569 2431 672 2493 vieini
696 2433 729 2494 et
754 2433 885 2508 cognati
941 2430 1080 2507 angelus
1092 2430 1233 2501 daemon,
1246 2431 1384 2508 angelus
1400 2432 1514 2506 homo,
1532 2433 1671 2509 angelus
1686 2451 1739 2495 su·
1783 2466 1791 2483 ·

92 2542 147 2604 per
173 2525 465 2600 cohabitationem,
496 2545 555 2606 per
576 2530 704 2591 naturae
724 2530 885 2591 similitu·
941 2543 1043 2604 perna
1058 2530 1216 2605 potestas,
1231 2529 1369 2604 angelus
1385 2547 1514 2607 quoque
1530 2531 1736 2594 Emmanuel.
1864 2542 1869 2549 ·

92 2624 211 2698 dinem,
228 2639 289 2702 per
309 2624 551 2689 fraternitatem
570 2628 603 2689 et
618 2643 680 2705 per
697 2627 885 2689 cohaeredi-
941 2630 986 2687 De
1002 2626 1119 2701 angelo
1135 2626 1267 2687 Satanae
1287 2626 1389 2688 hahes
1407 2627 1441 2688 in
1461 2628 1617 2705 Apostolo
1638 2633 1739 2691 :An-

90 2725 199 2784 tatem.
223 2726 297 2785 Per
315 2725 610 2799 cohabitationem,
632 2725 709 2802 quia
725 2728 758 2786 et
773 2725 887 2786 nohis-
939 2729 1034 2801 petiis
1047 2720 1255 2798 Satanoequi
1267 2726 1523 2800 mecetapdizot
1536 2726 1580 2805 (ll
1592 2729 1737 2800 Cor.xn,

90 2837 161 2881 eum
185 2820 394 2883 habitantia
420 2821 483 2884 hoc
505 2823 638 2896 mundo,
662 2824 749 2885 etin
775 2823 885 2884 tuturo
939 2820 985 2900 7).
1002 2825 1048 2883 De
1071 2822 1190 2898 angelo
1206 2823 1298 2900 pacis
1317 2823 1351 2883 in
1375 2824 1462 2884 isaia
1481 2827 1627 2901 :Aiipeti
1641 2830 1740 2901 pacis

90 2918 259 2980 nobiscum
288 2918 483 2982 habitabunt
515 2920 550 2981 in
579 2922 673 2983 coelo.
706 2920 885 2983 Nobiscum
940 2935 1061 2982 nauare
1086 2922 1214 2993 flebunt
1243 2919 1300 2999 (Is.
1326 2937 1447 2993 xxxin,
1477 2919 1522 3001 7).
1550 2926 1596 2984 De
1620 2922 1740 2999 angelo

89 3013 239 3078 habitant
262 3017 297 3078 in
316 3016 380 3079 hoc
401 3018 523 3080 mundo
548 3019 770 3082 custodientes
791 3036 885 3080 nasa
940 3018 1118 3079 ministerii
1139 3018 1173 3079 in
1194 3019 1371 3080 Psalmista
1388 3040 1395 3079 :
1412 3022 1476 3086 ttici
1493 3021 1578 3095 facit
1601 3027 1741 3098 usipetes

89 3115 246 3191 periculis
267 3114 300 3176 et
321 3116 511 3192 apeccatis.
541 3117 633 3180 Unde
653 3118 757 3179 David
784 3139 791 3178 :
814 3121 887 3179 An-
939 3131 1020 3178 suos
1047 3116 1209 3192 spiritus,
1243 3117 1278 3178 et
1304 3118 1486 3179 miiiistros
1516 3132 1597 3180 saeos
1623 3122 1740 3196 iniiam

88 3216 259 3288 actissuis
274 3215 454 3275 0100110011
472 3217 514 3276 de
529 3215 573 3287 te,
588 3216 628 3276 ut
646 3216 837 3278 custodiant
854 3217 886 3277 te
940 3213 1110 3275 nereidem.
1132 3214 1172 3274 Et
1188 3213 1365 3289 apostolus
1382 3234 1389 3273 :
1408 3214 1496 3276 81011
1515 3230 1664 3288 italiaque
1678 3218 1742 3276 aa»

88 3310 739 3393 100001100301101011...(Ρο.90,11).
764 3313 887 3375 Nobis·
939 3311 1187 3372 ministratorii
1209 3311 1365 3385 spirtius.
1394 3313 1441 3372 be
1464 3312 1583 3388 angelo
1607 3311 1741 3373 consilii

88 3424 159 3470 cum
174 3407 328 3470 habitant
346 3408 381 3469 in
402 3408 523 3482 futuro,
545 3411 631 3472 sicut
655 3412 813 3489 scriptum
837 3411 887 3472 est
941 3409 988 3470 ait
1015 3408 1121 3470 isaias
1149 3430 1157 3468 ε
1182 3409 1226 3469 Et
1255 3410 1433 3471 uocabitur
1459 3413 1579 3484 manni
1607 3412 1741 3471 consuit

87 3507 120 3567 in
131 3506 386 3583 Evangelio:ln
399 3509 656 3571 aestimatione
668 3524 736 3571 :ion
747 3509 884 3581 nizibeni,
940 3512 1091 3583 angelus.
1110 3506 1173 3566 Sed
1194 3505 1385 3576 Zacharias,
1409 3506 1488 3582 quia
1511 3522 1577 3566 non
1597 3506 1741 3571 credidit
1864 3516 1871 3523 '

88 3606 391 3680 recensuerimus,
406 3609 466 3667 sed
481 3607 887 3683 eruntsicutangetilici
941 3604 1059 3681 angelo
1094 3603 1134 3664 de
1168 3603 1342 3664 nativitate
1373 3603 1434 3663 iiiii
1466 3603 1519 3664 sui
1555 3602 1661 3664 iactus
1690 3607 1741 3666 est

87 3706 121 3764 in
133 3707 217 3765 eaelo
230 3701 348 3782 (Marc.
364 3719 425 3775 111,
441 3703 507 3783 25).
526 3709 597 3766 Per
610 3706 750 3768 naturae
762 3707 888 3766 simiti—
941 3703 1062 3762 mutus.
1081 3700 1249 3774 Abraham
1264 3703 1385 3773 autem,
1410 3700 1488 3779 quia
1504 3701 1644 3763 credidit
1658 3704 1738 3774 Deo,

88 3800 252 3873 tudinem,
276 3801 354 3878 quia
381 3801 518 3882 spiritus
544 3803 738 3880 angelorum
759 3804 791 3864 et
818 3802 887 3879 spi·
940 3800 1129 3878 reputatum
1141 3801 1192 3861 est
1206 3799 1237 3860 ei
1252 3799 1292 3860 ad
1307 3799 1484 3876 justitiam.

87 3898 171 3961 ritus
191 3898 363 3960 hominum
379 3900 526 3978 ejusdem
547 3904 676 3962 naturae
691 3901 723 3964 et
737 3900 886 3977 ejusrhm
981 3897 1041 3959 Vel
1062 3897 1129 3959 alio
1144 3896 1241 3959 modo
1258 3919 1265 3957 ε
1283 3901 1310 3958 Α
1325 3898 1504 3967 senectute,
1530 3898 1608 3976 quia
1625 3900 1742 3960 sancta

87 3996 317 4058 similitudinis
332 3999 419 4060 sunt.
446 3998 539 4065 Unde
554 3999 658 4060 David
673 3999 709 4060 in
732 3999 884 4060 Psalmo:
942 3996 1090 4057 Ecclesia
1110 4011 1129 4056 a
1147 3995 1264 4072 primis
1286 3995 1488 4073 temporibus
1512 3996 1686 4059 consenuit
1704 3997 1741 4059 in

86 4096 247 4157 ltinrnsti
281 4111 360 4158 eiam
393 4102 498 4170 paulo
530 4101 648 4159 minus
679 4099 721 4158 ab
756 4099 888 4174 carpetis
940 4093 1037 4155 bonis
1059 4092 1217 4155 moribus.
1241 4093 1337 4156 Unde
1358 4094 1393 4154 in
1418 4093 1504 4155 libro
1529 4094 1739 4172 Sapientiae:

88 4192 160 4271 (Ps.
178 4194 210 4265 8,
231 4191 277 4272 6).
304 4194 390 4255 Nam
411 4193 462 4255 illi
485 4195 563 4256 sunt
586 4195 803 4267 immortales,
829 4194 885 4256 sed
940 4191 1105 4253 Senectus
1129 4195 1223 4252 enini
1252 4194 1457 4253 venerabilis
1485 4191 1537 4253 est
1566 4194 1741 4253 11001110-
1868 4272 1871 4277 Ι

87 4291 139 4352 isti
156 4291 331 4367 mortales:
348 4291 399 4352 illi
414 4293 492 4354 sunt
504 4292 742 4370 impassibiles,
756 4292 814 4354 sed
830 4291 887 4353 isti
942 4291 1062 4361 iterna,
1095 4303 1204 4361 neeric
1226 4303 1401 4350 annornm
1423 4304 1570 4351 :tumere
1595 4304 1741 4363 eompu-

86 4389 285 4467 passibiles:
309 4388 360 4450 illi
388 4388 567 4463 beati,.sed
591 4391 648 4452 isti
674 4390 806 4465 miseri3
838 4389 886 4450 illi
942 4387 1016 4448 tata
1040 4384 1132 4463 (Sap.
1160 4402 1211 4456 1v,
1235 4384 1280 4465 8).
1309 4389 1335 4446 Α
1365 4386 1521 4447 diuturna
1553 4386 1739 4449 sterilitato.

86 4486 305 4564 triumphant,
322 4487 379 4549 sed
394 4488 451 4550 isti
466 4487 621 4550 militant.
639 4488 732 4549 Unde
754 4487 884 4549 David:
941 4485 1095 4560 Legimus
1120 4484 1155 4544 in
1175 4484 1282 4545 reteri
1301 4485 1521 4556 testamento,
1550 4484 1636 4561 quod
1661 4501 1739 4544 mu-

86 4585 245 4647 ltinuisti
259 4591 450 4659 erinipauio
463 4588 630 4650 nainusab
642 4589 784 4663 carpetis.
801 4588 887 4661 Ergo
942 4583 1043 4644 lieres
1066 4582 1198 4644 steriles
1218 4585 1314 4643 erant
1333 4583 1368 4643 in
1392 4582 1604 4660 opprobrium
1624 4583 1659 4642 in
1685 4583 1740 4642 ls-

86 4683 142 4761 qni
168 4682 249 4744 tunc
275 4683 386 4744 ndnor
412 4684 499 4756 erat,
527 4683 562 4744 in
594 4698 698 4759 regno
727 4682 887 4744 coelorum
942 4681 1023 4752 rael,
1045 4682 1204 4757 quantum
1219 4681 1260 4742 ad
1283 4681 1438 4742 litteram.
1467 4679 1621 4757 Corporis
1645 4695 1761 4740 nam--

86 4785 195 4859 major
219 4779 284 4842 erit
307 4782 437 4842 ioanne
462 4781 623 4859 Baptista.
652 4782 739 4842 Deus
768 4780 887 4841 minuit
942 4794 1005 4856 que
1016 4779 1176 4840 sterilitas
1191 4794 1257 4839 non
1273 4782 1325 4840 est
1336 4779 1519 4855 peecatum,
1537 4778 1646 4838 mente
1662 4792 1741 4840 vero
1797 4836 1800 4841 .

86 4879 256 4940 hominem
287 4878 525 4956 paulominus
560 4877 602 4940 ah
635 4877 779 4955 angelis,
809 4878 886 4955 quia
942 4875 1083 4948 steriles,
1100 4876 1197 4948 idest,
1218 4875 1341 4936 abono
1361 4891 1460 4954 opere
1476 4875 1562 4952 apud
1585 4878 1689 4936 Deum
1704 4877 1741 4937 ih
1854 4934 1858 4947 ,

86 4976 221 5039 mortali
246 4992 385 5055 corpore
404 4976 530 5040 vestitIt
552 4992 640 5050 elim,
669 4976 755 5053 quod
777 4975 887 5052 angeli
942 4972 1155 5052 opprobrium
1185 4973 1273 5034 sunt.
1307 4974 1427 5034 Nonne
1452 4975 1535 5035 Sara
1566 4989 1670 5051 usque
1699 4973 1741 5035 ad

86 5092 152 5136 non
169 5073 305 5136 habent.
942 5070 1181 5148 octogesimum
1195 5086 1318 5132 annum
1341 5071 1465 5133 sterilis
1480 5070 1552 5141 fuit,
1573 5074 1606 5133 ot
1628 5072 1741 5134 tarnen

126 5178 201 5235 Per
214 5172 487 5247 maternitatem,
503 5171 580 5250 quia
600 5174 700 5233 Pater
714 5187 801 5232 unns
816 5188 889 5232 om-
943 5170 976 5230 in
1001 5170 1116 5231 ultima
1140 5170 1311 5231 senectute
1334 5169 1450 5246 genuit
1473 5171 1587 5230 lsaact
1615 5170 1742 5232 Rachel

85 5273 178 5334 nium
195 5270 384 5331 nostrornm
404 5271 438 5331 et
454 5270 587 5331 illorum
604 5271 664 5331 est.
680 5273 720 5330 Et
733 5270 808 5330 ideo
827 5284 887 5331 nos
942 5283 1071 5347 quoque
1091 5267 1148 5328 diu
1172 5267 1295 5328 sterilis
1320 5267 1392 5340 init,
1420 5270 1453 5328 et
1477 5268 1593 5343 genuit
1617 5268 1740 5346 ioseph

86 5372 118 5431 et
142 5369 194 5431 illi
222 5367 283 5428 lilii
311 5367 369 5428 Dei
394 5368 427 5429 et
453 5367 574 5429 iratres
598 5384 722 5428 snmus.
749 5370 795 5429 De
822 5367 887 5427 illis
942 5366 1116 5427 Dominum
1141 5366 1287 5442 AEgypti.
1315 5366 1394 5436 Quis
1422 5364 1539 5426 fortior
1568 5369 1739 5439 samsone,

87 5481 233 5544 namque
247 5464 418 5526 diciturin
432 5465 519 5526 Job:
546 5466 720 5527 Venerunt
740 5466 802 5536 sitii
824 5467 888 5526 Dei
943 5464 994 5524 vel
1015 5463 1161 5524 sanctior
1186 5464 1357 5524 Samuelel
1385 5467 1425 5524 Ei
1450 5464 1560 5524 tamen
1585 5464 1620 5524 hi
1644 5464 1741 5525 umbo

86 5567 124 5626 nt
150 5564 358 5626 assisterent
377 5577 493 5624 corana
519 5565 665 5627 Danaus
687 5561 773 5640 (doh.
794 5578 817 5634 r,
840 5560 886 5641 6).
942 5563 1064 5622 matres
1095 5561 1225 5622 steriles
1259 5560 1455 5622 habuerunt.
1496 5562 1615 5621 Nonne
1644 5564 1740 5623 Anna

85 5661 296 5723 i'enerunta
320 5660 506 5721 ministerio
521 5661 562 5722 ad
579 5659 663 5738 quod
689 5659 889 5739 deputantur
943 5660 1173 5720 mulerBeatae
1194 5657 1743 5733 111011001000111101000100-
1856 5654 1860 5659 '
