3802 6166
128 284 189 343 eet

129 440 295 519 episcopis
310 442 344 503 in
358 458 497 519 qurrrum
511 436 709 499 dioecesibus
721 439 799 497 sunt
813 437 929 499 domus

129 538 351 607 (hrrtlnreion,
373 537 500 599 ordinis
520 535 721 607 constitutae,
740 534 881 597 salutem
896 538 930 598 et

128 637 345 715 uprrrstolicam
362 634 637 695 benedictionem.

168 740 273 805 errrm
307 732 419 793 dilecti
444 732 504 792 lllii
533 730 653 792 tratres
680 729 928 792 carthusiensis

127 831 266 901 ordinis,
283 829 429 907 acceptis
449 830 566 906 pennis
587 827 747 890 columbae
759 828 794 888 in
808 826 929 888 mentis

126 928 339 990 solitudinem
360 927 536 994 evolarint,
562 926 696 1004 illicque
721 942 781 1003 pro
802 926 872 986 suis
896 926 929 987 et

126 1026 269 1089 ullorum
294 1025 438 1101 peccatis
465 1025 635 1101 premendis
660 1026 695 1085 in
719 1039 778 1085 ara
805 1022 925 1093 cordis,

126 1122 280 1187 mactatis
308 1122 499 1183 carnalibus
526 1122 718 1193 desideriis,
746 1121 926 1182 holocaus-

127 1218 925 1298 tnrnollerentesbominesemetipsosnepedes,

125 1336 208 1399 quos
231 1319 393 1391 laverant,
416 1322 578 1395 cogantur
596 1319 716 1380 iterum
738 1317 925 1394 inquinare,

125 1416 326 1479 fraternitati
352 1419 471 1479 restrae
498 1433 557 1494 per
584 1416 774 1493 Apostolica
803 1415 927 1491 scripta

126 1516 335 1587 mandamus,
348 1518 511 1593 (platanus
527 1514 665 1592 quilibet
677 1515 822 1575 vestrum
834 1527 928 1589 paro·

124 1612 264 1675 chianos
277 1631 367 1681 sartis,
381 1614 436 1690 qni
448 1629 505 1674 eos
519 1610 793 1689 praesumpserint
802 1611 926 1673 temere

124 1712 315 1783 molestare,
343 1714 377 1772 ut
392 1727 492 1791 srrper
511 1710 574 1771 hoc
594 1710 643 1771 eis
659 1709 802 1770 debitam
825 1707 927 1768 eatis-

123 1810 301 1871 lactiunem
317 1809 522 1886 impendant,
539 1808 720 1870 monitione
740 1806 925 1884 praemissa,

123 1924 183 1989 per
211 1924 387 1970 consuram
417 1906 680 1969 ecclesiasticam
703 1904 926 1982 appellatione

123 2009 250 2069 remota
269 2005 456 2084 curnpellat.

165 2106 203 2167 nt
215 2104 372 2183 quoniam
388 2104 498 2173 iidem,
513 2103 549 2163 ut
563 2102 740 2173 credimus,
752 2100 793 2183 ad
805 2099 927 2162 calum·

124 2204 214 2265 nlurn
238 2203 459 2281 projecerunt,
485 2201 683 2263 auctoritate
712 2198 926 2276 praesentium

123 2301 324 2373 inhibemus,
342 2318 383 2363 ue
399 2300 473 2380 quis
486 2300 615 2378 priores
630 2315 690 2360 seu
706 2297 825 2359 tratres
840 2295 928 2358 ordi·

123 2400 176 2463 uls
205 2399 379 2461 rilernorali
409 2399 521 2459 subire
545 2398 722 2476 cornpellat
749 2394 925 2457 calumniae

118 2500 358 2577 juramentum,
388 2512 449 2557 nec
472 2496 571 2557 iidem
587 2496 628 2557 ad
645 2494 817 2557 terendum
832 2492 928 2554 testi-

124 2596 272 2659 monium
288 2598 451 2669 conantur
466 2594 573 2655 inriti.

165 2698 282 2757 bulum
311 2693 477 2765 laterani,
507 2692 621 2769 quinto
651 2690 725 2750 idue
754 2686 923 2759 februarii,

123 2792 336 2875 punilllcutus
352 2791 457 2852 nostri
472 2805 562 2850 anno
576 2787 733 2848 secundo.

209 3120 260 3182 Ad
274 3115 431 3178 abbatem
446 3118 480 3178 ct
494 3116 702 3177 coercentem
720 3115 840 3177 Sartctt

303 3215 549 3286 Spnepborinni
566 3213 745 3275 Metennio:

436 3340 523 3399 eleb.
540 3344 616 3400 1218.

155 3462 274 3529 [hepest.,
290 3455 335 3506 lib.
349 3456 381 3514 ll,
392 3454 467 3519 epist.
477 3455 533 3504 831.
545 3457 602 3507 llss.
616 3457 653 3507 La
666 3457 743 3507 Porte
753 3456 788 3508 du
800 3448 893 3521 rhen]

207 3563 409 3623 Possessiones
423 3562 498 3618 illius
512 3570 671 3620 conventus
685 3564 844 3622 conllrmat.

163 3681 346 3751 llonorias,
378 3680 454 3746 etc„
486 3679 616 3741 dilectis
646 3680 723 3741 liliis
755 3680 865 3742 abbati
892 3683 925 3742 et

124 3778 301 3843 conventui
320 3776 433 3838 Sancti
449 3776 683 3852 symphoriani
703 3780 823 3841 Meten.

164 3881 270 3950 Quum
286 3890 305 3935 a
324 3873 419 3935 nobis
434 3874 595 3949 petitur...
612 3891 717 3951 casque
730 3893 741 3935 .·
756 3875 922 3952 perduca-

123 3979 178 4041 tur
190 3972 355 4034 ellectum.
370 3973 416 4030 Ea
432 3971 575 4047 propter,
601 3987 708 4045 iisque
723 3990 734 4033 .·
745 3989 921 4037 assensu...

124 4069 306 4137 llcclesiam
327 4067 441 4127 Sancti
469 4067 628 4144 Stephani
648 4069 688 4129 de
709 4072 826 4145 Arajes
848 4087 922 4133 cum

124 4164 278 4233 omnibus
293 4164 504 4241 pertinentiis
516 4165 586 4225 suis
597 4182 616 4226 a
629 4166 816 4227 venerabili
827 4166 922 4230 tratri

123 4265 275 4329 inostro...
305 4262 426 4322 Meten.
450 4262 606 4339 episcopo
627 4264 811 4340 imperialis
837 4266 922 4327 aulae

122 4359 336 4430 ‹mucellari0,
360 4358 473 4419 dilecti
494 4360 554 4420 lilii
569 4360 695 4422 Ellonis
718 4364 839 4423 Melea.
862 4379 915 4424 ar·

122 4456 322 4527 ‹elridiaconi
340 4457 374 4515 in
396 4459 492 4531 cujus
510 4458 784 4521 archidiaconatu
807 4461 920 4522 eadem

123 4554 276 4621 ‹forisistit
300 4553 442 4614 ecclesia
469 4555 711 4619 interveniente
740 4574 919 4631 consensu,

122 4653 216 4717 vohis
240 4651 294 4729 pia
321 4650 521 4713 liberalitate
550 4653 715 4727 collatam,
747 4672 821 4717 cum
846 4659 921 4733 jure

123 4752 328 4831 patronatus
343 4750 428 4827 quod
445 4750 569 4812 habere
584 4751 732 4815 dicimini
745 4754 781 4816 in
793 4755 919 4827 eadem,

121 4849 209 4913 slent
227 4862 267 4907 ea
290 4847 380 4924 juste
406 4864 445 4909 ac
467 4847 604 4924 pacillce
629 4850 799 4923 obtinetis,
829 4855 862 4913 et
888 4853 920 4913 in

121 4944 312 5009 eorumdem
328 4945 475 5022 episcopi
488 4950 522 5008 et
543 4947 773 5011 archidiaconi
789 4950 918 5020 litteris,

121 5044 243 5106 dicitur
264 5043 438 5115 contineri,
462 5044 567 5115 vobis
585 5046 619 5106 et
639 5061 698 5122 per
711 5063 769 5107 vos
787 5063 922 5109 monas-

119 5140 213 5204 terio'
240 5140 351 5199 vestro
384 5140 582 5203 auctoritate
613 5143 804 5218 Apostolica
839 5161 922 5207 con-

119 5240 290 5301 llrrnamus
325 5237 358 5297 et
388 5238 564 5313 praesentis
592 5239 707 5316 scripti
735 5241 920 5318 patrocinio

119 5333 373 5399 communimus.
390 5334 482 5395 Nulli
497 5351 587 5412 ergo,
606 5337 682 5403 etc..
703 5340 828 5401 nostrae
845 5356 921 5401 con·

119 5430 329 5503 firmationis,
348 5434 410 5493 etc.
431 5433 553 5510 Siquis
573 5437 695 5507 autem,
713 5438 775 5499 etc.
801 5440 919 5499 Datum

120 5532 275 5593 lieteram
303 5529 418 5609 quium
449 5531 524 5591 idus
550 5530 711 5597 februarii
741 5551 830 5598 enno
860 5551 918 5598 se-

119 5625 238 5691 claudo.

751 278 925 339 hoxoah
949 279 992 339 lll
1014 280 1162 340 OPERA.

1314 449 1450 536 CXXX

983 592 1034 649 Ad
1040 592 1197 664 priorem
1207 591 1457 653 etcoaeentnm
1466 596 1789 667 ceaepenmensrm.

1286 704 1376 763 Stel).
1394 707 1474 765 1218.

1014 808 1133 872 [begeat.
1149 809 1193 859 lib.
1204 811 1235 869 ll,
1247 810 1322 874 epist.
1333 810 1389 861 me.
1404 814 1462 863 bles.
1476 813 1514 863 Le
1526 815 1605 864 Porte
1617 814 1656 863 dn
1667 815 1761 879 rnen]

982 907 1024 963 lte
1035 922 1172 980 personas
1182 909 1225 965 eis
1236 908 1364 967 subditas
1375 910 1478 983 aliquis
1487 913 1790 971 excommunicatione

1152 997 1198 1054 vel
1213 997 1362 1056 interdicto
1377 1000 1498 1073 elligere
1512 1002 1617 1073 possit.

1022 1114 1200 1185 Honorius,
1222 1116 1299 1186 etc,
1322 1116 1453 1177 dilectis
1475 1116 1597 1178 liliis...
1622 1119 1734 1196 priori
1759 1122 1789 1183 et

982 1211 1158 1271 conventui
1171 1212 1435 1288 compendiensi.

1021 1310 1039 1369 J
1043 1308 1125 1369 ustis
1139 1310 1333 1386 petentium,
1351 1327 1484 1386 lesqlte:
1504 1313 1722 1390 complere...
1745 1318 1789 1376 Ea

981 1407 1116 1482 propter
1130 1422 1448 1481 usquemssensu...
1465 1411 1683 1475 Auctoritate
1703 1430 1788 1490 prae·

982 1503 1125 1565 sentium
1149 1503 1339 1568 inhibemus
1354 1523 1396 1567 ne
1412 1508 1535 1588 aliquis
1551 1510 1788 1588 archiepisco-

982 1617 1108 1678 porum,
1136 1602 1188 1664 vel
1211 1603 1453 1680 episcoporum,
1481 1622 1541 1667 seu
1557 1606 1628 1668 alia
1647 1625 1789 1685 persona

982 1698 1223 1767 ecelesiastica,
1250 1701 1490 1764 ministeriales
1510 1718 1572 1765 seu
1600 1706 1788 1769 servientes

982 1798 1173 1859 monasterii
1194 1798 1297 1860 vestri
1311 1799 1347 1861 in
1361 1799 1468 1876 ipsius
1490 1799 1668 1880 obsequiis
1687 1802 1788 1865 insis-

981 1895 1099 1967 tentes,
1110 1895 1319 1970 interdicere,
1333 1898 1385 1960 rel
1396 1900 1699 1962 excommunicare
1710 1918 1789 1980 pree·

981 1993 1099 2065 sumat,
1121 1993 1268 2075 quandiu
1283 2010 1342 2056 vos
1365 1997 1473 2072 parati
1496 1997 1579 2058 estis
1601 1997 1646 2060 de
1663 1999 1734 2061 illis
1755 2001 1788 2061 in

981 2090 1074 2152 curia
1099 2093 1209 2154 vestra
1233 2091 1370 2157 cuilibet
1399 2095 1619 2171 conquerenti
1644 2099 1788 2175 justitiae

981 2189 1217 2266 plenitudinem
1228 2189 1399 2261 exhibere,
1411 2192 1477 2252 nisi
1495 2191 1612 2253 forsan
1626 2210 1787 2259 excessus

981 2288 1025 2348 sit
1056 2286 1138 2349 adeo
1169 2288 1378 2361 manifestus,
1414 2290 1501 2366 quod
1527 2292 1788 2370 justificationis

981 2385 1073 2446 locus
1095 2384 1206 2447 nullus
1221 2386 1353 2458 existat,
1377 2403 1436 2448 seu
1450 2388 1498 2449 ita
1514 2390 1679 2462 enormia,
1702 2390 1786 2469 quod

981 2481 1022 2544 ad
1048 2485 1195 2545 vestrum
1221 2483 1384 2561 judicium
1416 2501 1481 2546 non
1513 2486 1702 2562 pertineat,
1735 2488 1786 2549 sel

976 2580 1192 2659 judiciarium
1223 2581 1372 2647 ordinem
1399 2599 1466 2645 non
1496 2585 1662 2663 requirat.
1695 2587 1783 2649 Nulli

980 2695 1071 2755 erge,
1090 2680 1164 2751 ete,
1185 2683 1308 2741 nostrae
1328 2680 1549 2743 inhibitionis.
1572 2682 1609 2743 Si
1626 2683 1707 2760 quis
1721 2700 1783 2744 au-

980 2777 1057 2849 tem,
1083 2778 1145 2837 etc.
1174 2777 1291 2839 Datum
1313 2778 1469 2841 Laterani
1494 2778 1610 2857 quinto
1631 2780 1712 2843 idus
1737 2781 1785 2843 te-

980 2872 1107 2935 bruarii
1120 2889 1207 2936 anno
1223 2875 1378 2936 secundo.

1297 3035 1452 3122 CXXXI

979 3182 1030 3241 Act
1043 3181 1210 3240 decertum
1219 3179 1412 3249 Sinoricct„
1424 3181 1606 3242 caederem
1617 3185 1778 3245 Noctem.

1019 3277 1053 3337 et
1060 3279 1215 3350 priorem
1229 3278 1341 3337 serenti
1354 3279 1492 3339 h'tcotoi
1502 3282 1682 3341 suession.
1695 3284 1780 3341 ‹tice-

1018 3375 1116 3435 cesis.

1283 3448 1371 3508 illel).
1388 3451 1465 3509 litt.

1011 3558 1134 3622 [blegent.,
1144 3556 1189 3607 lib.
1205 3557 1238 3613 11,
1250 3557 1324 3622 epist.
1334 3558 1389 3607 839.
1403 3559 1463 3609 llas.
1472 3559 1508 3609 Le
1520 3558 1595 3611 Porte
1605 3561 1643 3611 du
1654 3564 1748 3629 rheti]

979 3666 1122 3724 anrulum
1132 3674 1161 3724 ct
1171 3665 1283 3723 nritram
1296 3664 1427 3723 concedit
1436 3665 1532 3724 abbati
1541 3668 1775 3743 compendiensi.

1018 3775 1196 3849 Honorius,
1217 3778 1295 3849 ete,
1309 3775 1442 3837 dilectis·
1460 3775 1538 3837 tiliis
1553 3777 1684 3841 decano
1708 3782 1774 3843 Sil-

978 3876 1176 3936 vanecten...
1199 3873 1328 3936 cantori
1347 3873 1556 3945 Noviomen.,
1581 3879 1654 3937 et...
1672 3879 1773 3954 priori

980 3974 1092 4034 Sancti
1113 3972 1244 4034 Nicolai
1265 3973 1301 4033 in
1322 3975 1425 4033 Bosco
1451 3973 1671 4036 Suessionen.
1688 3977 1774 4037 dioe-

978 4070 1074 4131 cesis.

1018 4171 1123 4239 Quum
1153 4168 1248 4232 robis
1275 4168 1406 4230 nostras
1436 4167 1552 4230 demus
1581 4170 1713 4232 litteras
1738 4172 1769 4232 in

978 4265 1153 4339 nrarrdatis,
1168 4269 1204 4327 ut
1219 4265 1407 4326 examinata
1420 4265 1583 4327 electione
1597 4267 1640 4328 de
1652 4269 1770 4329 dilecto

978 4362 1046 4423 lilio
1061 4361 1194 4425 elberto
1209 4362 1371 4424 monacho
1384 4361 1619 4438 compendien.
1637 4380 1768 4426 monas-

977 4458 1051 4521 terii
1065 4460 1100 4520 in
1113 4460 1228 4521 eodem
1242 4460 1442 4521 monasterio
1453 4459 1632 4533 celebrata,
1648 4463 1768 4539 pariter

977 4560 1009 4618 et
1030 4558 1145 4629 electo,
1174 4558 1203 4617 ei
1222 4574 1296 4619 eam
1316 4556 1355 4617 de
1373 4573 1514 4634 persona
1534 4557 1657 4620 idonea
1677 4560 1768 4621 inre·

977 4655 1093 4716 neritis
1112 4655 1271 4717 canonice
1291 4654 1501 4724 celebratam,
1523 4655 1631 4730 ipsam
1654 4658 1764 4718 aucto-

976 4753 1074 4815 ritate
1110 4752 1299 4829 Apostolica
1332 4751 1534 4814 confirmetis
1569 4755 1603 4814 et
1642 4753 1764 4815 faciatis

976 4850 1080 4911 electo
1090 4852 1185 4928 juxta
1199 4850 1306 4927 ipsius
1316 4849 1509 4913 monasterii
1522 4851 1763 4927 privilegiorum

975 4949 1123 5008 tenorem
1138 4963 1257 5007 munus
1272 4946 1511 5009 benedictionis
1527 4947 1685 5024 impendi.
1697 4948 1763 5009 bis·

976 5045 1115 5106 crationi
1130 5047 1250 5107 vestrae
1265 5061 1325 5122 per
1336 5044 1524 5121 Apostolica
1537 5046 1663 5123 scripta
1678 5060 1763 5107 man·

975 5143 1092 5205 damus
1106 5144 1269 5220 quatenus
1284 5158 1358 5203 cum
1373 5142 1445 5204 haec
1460 5142 1524 5204 rite
1539 5142 1670 5206 fueritis
1685 5158 1760 5203 ene-

975 5241 1054 5312 cuti,
1069 5255 1164 5300 usum
1184 5240 1290 5301 mitrae
1312 5255 1351 5299 ac
1366 5239 1481 5303 annuli
1495 5239 1602 5301 eidem
1622 5240 1762 5302 auctori-

974 5340 1042 5401 tate
1064 5342 1176 5400 nostra
1200 5337 1420 5414 personaliter
1444 5338 1648 5401 concedatis.
1679 5335 1762 5412 erod

974 5438 1003 5497 si
1019 5453 1083 5498 non
1099 5451 1225 5507 omnes,
1241 5436 1315 5506 etc,
1334 5435 1397 5495 duo
1409 5437 1566 5507 vestrum,
1583 5439 1648 5499 etc.

1013 5536 1131 5595 Datum
1157 5532 1313 5595 Laterani
1346 5533 1461 5610 quinto
1487 5532 1563 5595 idus
1594 5532 1763 5605 februarii,

973 5649 1061 5696 anno
1076 5631 1233 5694 secundo.
