3802 6166
81 340 102 400 o
717 338 945 401 EPISTOLAE.
968 336 1048 399 LIB.
1071 338 1095 398 1.

83 501 361 564 illuminationem
375 502 524 579 gentium
551 504 584 565 et
609 501 750 580 gloriam
765 500 876 562 cbris-

81 600 184 663 tianae
209 598 316 678 plebis
341 601 464 663 mundo
487 601 635 665 noscitur
649 598 878 678 praeeminere.

83 701 191 774 Super
210 698 296 761 hanc
311 699 463 776 equidem
479 698 707 761 eminentioris
721 696 879 759 Ecclesiae

82 798 251 874 speculam
272 796 442 860 constituit
475 796 635 859 Dominus
667 794 871 859 venerabilis

82 894 252 957 memoriae
280 894 511 957 Innocentium
536 896 726 973 episcopum
755 896 800 957 III
822 897 878 974 qni

83 1008 143 1069 per
153 993 231 1054 vitae
246 992 375 1061 merita,
385 993 418 1054 et
429 992 600 1071 sapientise
616 993 878 1071 magnitudinem

84 1090 297 1151 Innocentius
310 1090 431 1152 meruit
444 1091 617 1168 appellari,
630 1094 665 1156 ut
679 1092 879 1169 significatio

83 1188 227 1249 neminis
241 1188 428 1265 regularem
438 1192 695 1268 consequeretur
708 1190 876 1269 effectum

84 1285 171 1347 unde
190 1285 269 1348 feeit
289 1285 383 1347 illum
405 1303 555 1349 creseere
570 1288 605 1348 in
620 1288 749 1365 plebem
770 1305 876 1362 suam,

82 1387 116 1445 et
125 1384 357 1446 testamentum
375 1384 405 1445 ei
423 1385 562 1449 eontulit
573 1386 690 1463 gratiae
705 1386 876 1464 plenioris,

83 1482 240 1559 quoniam
268 1482 442 1544 ecelesiam
468 1485 729 1562 Graecumque
757 1484 878 1562 spretis

82 1580 208 1656 azymis
220 1580 380 1654 ueritatis
397 1580 432 1641 in
445 1579 606 1646 fermento
621 1582 810 1645 sacrificare
825 1598 879 1644 re-

81 1677 146 1738 teri
161 1678 391 1754 praesumebat,
408 1678 468 1739 sub
483 1679 556 1740 alas
570 1680 728 1742 Ecclesiae
751 1681 878 1742 Rorna-

82 1791 135 1835 nae
147 1774 291 1847 reduxit,
308 1776 341 1837 et
356 1774 455 1837 bodie
470 1774 534 1837 sibi
549 1776 706 1854 tanquam
723 1776 879 1853 specialis

82 1872 153 1933 iilia
175 1871 364 1933 famulatur.
380 1874 504 1935 Verum
525 1874 604 1952 quia
625 1873 775 1937 mortalis
794 1875 876 1947 erat,

82 1971 114 2032 et
136 1970 335 2032 seutentiam
359 1971 474 2032 mortis
495 1970 637 2033 evadere
660 1987 728 2033 non
751 1973 880 2050 poterat

81 2067 298 2144 temporalis;
323 2067 447 2130 ideirco
478 2083 514 2130 se
544 2068 646 2130 armis
675 2070 879 2146 penitentie

82 2165 305 2242 premunivit,
329 2166 447 2243 optans
473 2165 622 2240 dissolvi,
645 2170 679 2230 et
703 2184 777 2231 esse
803 2184 878 2232 cum

80 2262 226 2335 Christo,
241 2263 355 2340 inquo
372 2263 406 2326 et
426 2279 599 2342 perquem
617 2266 730 2328 vivere
747 2264 879 2329 volebat

82 2361 114 2421 et
129 2360 230 2438 mori;
249 2361 364 2438 sieque
376 2360 416 2424 de
427 2361 483 2423 via
495 2361 651 2425 transivit
666 2364 706 2425 ad
723 2364 876 2441 patriam,

81 2460 114 2518 et
129 2457 171 2519 de
186 2458 248 2520 boe
268 2458 435 2534 ergastulo
450 2460 561 2522 earnis
575 2460 758 2523 translatus
772 2462 824 2525 est
836 2461 878 2525 ad

81 2556 251 2617 consortia
274 2558 462 2630 Beatorum,
481 2574 556 2620 cum
575 2557 694 2637 quibus
713 2560 875 2636 regnabit,

81 2669 205 2715 corona
237 2655 521 2719 immarcessibilis
546 2656 662 2733 gloriae
688 2658 876 2721 coronatus.

82 2753 122 2812 Et
135 2751 215 2815 lieet
228 2768 295 2814 non
310 2752 497 2815 dubitemus
513 2760 586 2816 esse
600 2757 763 2826 sanetum,
780 2770 877 2833 quem

80 2865 170 2926 apex
194 2850 295 2912 tantae
318 2850 489 2928 dignitatis
515 2852 646 2927 attollit,
661 2854 877 2916 nihilominus

80 2947 322 3024 omnipotentis
338 2948 546 3011 elementiam
558 2950 783 3028 imploremus,
799 2953 835 3013 ut
848 2951 878 3012 si

80 3046 208 3124 aliquid
229 3046 362 3109 veniale
385 3046 448 3109 sibi
472 3046 512 3111 de
536 3049 697 3125 contagiis
723 3049 877 3112 humanae

82 3143 273 3220 fragilitatis
288 3145 431 3218 iubaesit,
442 3146 529 3209 dono
540 3162 609 3208 suae
621 3147 753 3225 pietatis
765 3146 878 3209 indul-

83 3243 169 3317 geat,
195 3244 228 3305 et
255 3242 437 3319 abstergat,
463 3260 536 3322 quaa
564 3246 689 3322 patrem
716 3244 878 3309 interris

86 3340 300 3404 constituerat
313 3342 345 3402 ei
360 3340 537 3403 doctorem.
554 3342 661 3420 lpsius
680 3342 812 3405 demum
824 3360 879 3406 ve·

84 3437 224 3498 nerabili
244 3453 391 3515 corpore,
413 3439 593 3502 secuudum
615 3439 778 3502 celebrem
798 3458 879 3503 eon-

84 3535 302 3606 suetudinem,
325 3536 501 3609 tumulato,
525 3538 673 3600 universi
688 3538 875 3600 cardinales

82 3633 284 3694 unanimiter
297 3634 534 3707 convenerunt,
551 3635 586 3696 ut
597 3633 637 3696 de
649 3634 877 3699 substituendo

80 3732 214 3808 pastore
227 3731 427 3808 tractarent;
445 3748 585 3810 eumque
599 3732 746 3794 omnium
761 3733 795 3796 et
807 3734 878 3795 sin-

79 3828 233 3905 gulorum
247 3828 433 3892 voluntates
449 3831 560 3892 essent
575 3830 753 3906 diligenter
763 3832 878 3910 requi-

81 3927 166 3998 sitae,
182 3926 219 3987 in
237 3942 297 3989 nos
320 3927 397 3989 vota
421 3927 567 3990 omnium
591 3929 827 4003 conuenerunt,
845 3931 878 3993 et

81 4023 128 4086 ita
140 4024 214 4102 pari
226 4026 301 4086 roto
314 4025 347 4087 et
360 4025 509 4087 unanimi
524 4026 711 4100 eoncordia,
728 4027 768 4090 de
784 4028 877 4105 parte

81 4122 315 4184 sollicitudinis
328 4125 531 4186 vocaverunt
551 4140 611 4187 nos
634 4125 670 4187 in
692 4125 876 4202 plenitudi-

82 4235 158 4281 nem
171 4220 352 4297 potestatis.
368 4221 438 4283 Nec
449 4222 562 4282 tamen
574 4222 801 4285 contradicere
816 4238 878 4300 po-

81 4317 223 4389 tuimus,
240 4334 301 4380 nee
325 4319 426 4380 etiam
448 4319 624 4389 reluctare,
649 4322 797 4382 nostram
818 4320 875 4381 in-

81 4414 314 4477 sufficientiam
329 4415 521 4492 allegantes,
532 4417 645 4478 utnon
656 4418 875 4494 compellere-

82 4528 157 4573 mur
178 4512 290 4575 subire
314 4512 442 4590 pondus
469 4512 570 4575 orricii
585 4512 773 4590 pastoralis,
791 4513 876 4592 quod

80 4610 273 4673 solebamus
300 4611 456 4672 libentius
475 4612 611 4673 evitare.
636 4613 741 4684 Quum
764 4612 876 4690 itaque

81 4710 182 4770 tantae
210 4708 382 4785 dignitatis
407 4710 441 4771 et
465 4708 602 4771 honoris
631 4725 725 4779 onus,
753 4709 876 4787 absque

81 4808 267 4869 vestrarum
281 4806 469 4869 orationum
488 4806 657 4883 suffragiis
672 4808 759 4869 serre
771 4807 876 4870 nostri

81 4904 213 4966 humeri
224 4921 290 4966 non
301 4904 460 4976 valerent,
473 4904 722 4971 universitatem
732 4906 877 4967 vestram

82 5019 238 5080 rogamus
253 5003 288 5064 in
301 5001 450 5075 Domino,
467 5003 500 5064 et
514 5018 698 5077 monemus,
714 5006 877 5083 quatenus

83 5101 269 5164 conditoris
301 5100 448 5163 omniurn
480 5100 688 5161 elementiam
718 5102 875 5176 exoretis,

82 5200 167 5277 quod
183 5198 280 5261 nobis
295 5198 336 5261 de
359 5212 495 5258 munere
510 5198 626 5274 gratiae
641 5216 710 5261 suae
725 5200 877 5264 conferre

83 5298 248 5373 dignetur,
273 5297 308 5358 ut
329 5311 403 5357 eum
427 5296 557 5358 temone
581 5295 657 5357 tidei
678 5298 711 5360 et
729 5299 876 5361 anchora

78 5396 234 5473 justitiae,
259 5392 420 5471 prtneipis
435 5393 665 5471 Apostolorum
688 5396 877 5458 naviculam

82 5493 316 5569 gubernemus,
330 5493 419 5554 etc...
439 5491 556 5553 Datum
571 5492 714 5563 Perusii,
731 5496 806 5556 Vlll
820 5494 878 5557 ka·

82 5592 198 5654 lendes
224 5588 374 5669 Augusti,
407 5588 616 5667 pontificatus
652 5591 756 5652 nostri
789 5607 876 5655 anno

84 5706 201 5769 primo.

1283 507 1380 595 VIII

933 760 985 818 Ad
999 758 1262 819 cisterciensem
1274 760 1315 820 dc
1329 759 1527 827 Fientitote,
1539 760 1728 823 Pontinia-

972 870 1120 933 oensem,
1133 859 1417 919 clarevallensem
1428 857 1461 918 et
1471 860 1730 921 Morinnmden·

972 968 1046 1015 sene
1058 954 1205 1016 abbates.

1236 1086 1270 1145 26
1282 1085 1333 1161 jd.
1351 1087 1430 1145 lale.

994 1227 1142 1294 lituumque,
1164 1228 1273 1279 Annales
1286 1228 1472 1289 cistercienses,
1484 1235 1503 1279 t.
1520 1229 1564 1289 lv,
1577 1242 1604 1294 p.
1617 1229 1670 1294 St]

933 1361 1081 1435 Significat
1102 1361 1144 1420 eis
1163 1363 1372 1435 promotionem
1396 1378 1488 1432 suam,
1509 1371 1538 1420 et
1563 1379 1614 1421 eos
1629 1362 1726 1421 borla-

968 1457 1012 1507 tur
1026 1450 1061 1507 ed
1076 1451 1156 1508 utilia
1185 1449 1314 1509 facienda
1334 1468 1384 1525 pro
1405 1451 1555 1526 religione,
1572 1458 1600 1509 et
1612 1467 1643 1509 se
1667 1456 1726 1511 beo

968 1546 996 1596 el
1011 1539 1118 1597 mundo
1126 1540 1209 1598 utiles
1223 1540 1411 1598 exhibendos.

974 1682 1181 1745 sinceritatis
1190 1684 1339 1758 affectus,
1352 1701 1417 1763 quo
1433 1685 1541 1747 adlmc
1554 1686 1589 1747 in
1600 1686 1722 1747 minori

933 1780 1042 1842 cilicio
1057 1782 1227 1844 constituti
1242 1784 1389 1844 vestnun
1404 1800 1517 1843 sumus
1533 1800 1663 1860 semper
1675 1800 1725 1845 or-

933 1877 1042 1939 dinem
1055 1880 1247 1957 amplexati,
1263 1882 1296 1943 et
1319 1880 1507 1943 sollicitudo
1532 1881 1634 1941 oilieii
1646 1897 1728 1957 pss-

932 1976 1061 2049 toralis,
1089 1977 1129 2039 ad
1158 1978 1245 2056 quod
1274 1978 1351 2040 licet
1379 1979 1537 2041 immeriti
1567 1977 1728 2055 assumpti

933 2092 1059 2149 sumus,
1070 2076 1210 2138 Domino
1221 2075 1433 2153 disponente;
1447 2076 1654 2153 potissimum
1667 2092 1728 2136 nos

932 2174 1104 2245 inducunt,
1121 2175 1157 2237 ut
1170 2174 1275 2234 simus
1292 2173 1437 2246 solliciti,
1455 2173 1619 2251 qrromodo
1637 2172 1726 2234 idem

932 2272 967 2333 in
983 2272 1206 2349 slmplieitate,
1225 2288 1264 2334 ae
1286 2272 1431 2348 puritate
1451 2271 1566 2348 primae
1592 2271 1729 2333 institu-

932 2371 1033 2433 tionis
1059 2370 1164 2449 ipsius
1179 2369 1290 2432 valeat
1313 2369 1516 2442 conservari,
1534 2384 1576 2430 ne
1591 2369 1727 2431 inimico

932 2469 1065 2530 homine
1081 2483 1180 2545 super
1196 2466 1382 2528 seminante
1396 2467 1534 2539 zizania,
1551 2467 1641 2527 illins
1657 2466 1728 2527 dis-

932 2566 1093 2627 cessionis
1109 2566 1144 2625 in
1157 2580 1197 2627 eo
1208 2564 1318 2626 locum
1329 2564 1484 2641 reperiat,
1502 2563 1558 2642 qui
1579 2564 1723 2637 laetatnr,

932 2679 1005 2723 cum
1021 2661 1107 2723 male
1122 2661 1248 2735 lecerit,
1263 2662 1295 2723 et
1307 2662 1342 2722 in
1353 2661 1505 2739 pessimis
1513 2659 1613 2723 rebus
1629 2660 1728 2722 exul·

931 2759 990 2821 tat.

971 2856 1051 2920 lude
1066 2858 1125 2930 est,
1140 2856 1227 2935 quod
1243 2855 1450 2919 devotionem
1465 2859 1610 2919 vestram
1625 2872 1727 2932 roga-

932 2971 1005 3015 mus
1027 2954 1197 3028 attentius,
1213 2953 1247 3017 et
1269 2954 1486 3016 exhortamur
1511 2954 1546 3015 in
1572 2954 1724 3025 Domino,

931 3069 992 3129 per
1011 3052 1200 3129 apostoliea
1227 3051 1322 3113 vobis
1355 3051 1479 3128 scripta
1503 3050 1726 3128 praecipiendo

932 3149 1125 3212 mandantes
1146 3151 1310 3228 quatenus
1324 3150 1364 3210 ad
1375 3149 1469 3210 illum
1479 3148 1639 3210 habentes
1652 3164 1727 3208 eum

931 3248 986 3325 pia
1006 3247 1179 3310 devotione
1193 3248 1390 3325 respectum,
1408 3247 1465 3323 qui
1480 3262 1546 3307 non
1571 3246 1621 3307 est
1640 3247 1728 3307 Deus

932 3343 1156 3417 dissentionis,
1187 3343 1245 3406 sed
1280 3344 1383 3421 paeis,
1411 3344 1538 3406 faciens
1563 3342 1599 3403 in
1630 3341 1727 3403 domo

932 3442 1105 3503 unanimes
1121 3440 1283 3512 habitare,
1302 3442 1336 3501 in
1352 3440 1512 3502 unitatem
1527 3440 1674 3516 spiritus,
1691 3439 1726 3499 in

931 3538 1064 3602 vinculo
1094 3539 1200 3615 pacis,
1231 3537 1421 3610 servantes,
1451 3539 1485 3598 et
1511 3535 1724 3614 providentes

930 3635 1064 3709 bonum,
1087 3651 1153 3697 non
1179 3635 1417 3697 solumbonum
1440 3636 1518 3705 Deo,
1541 3632 1599 3694 sed
1625 3632 1726 3694 etiam

932 3749 1043 3797 eoram
1058 3731 1419 3805 omnibushominibus,
1432 3732 1518 3794 sicut
1531 3730 1611 3794 dicit
1624 3734 1726 3808 Apos-

930 3832 1038 3895 tolus:
1056 3831 1207 3894 Gereatis
1236 3831 1370 3893 omnino
1394 3846 1435 3891 ne
1451 3829 1625 3891 occasione
1649 3843 1727 3890 ver-

931 3930 1057 4003 borum,
1075 3946 1148 4008 quae
1164 3928 1297 4007 quidam
1315 3929 1463 3991 vestrum
1484 3926 1580 3989 bonae
1600 3941 1728 3988 memo-

930 4029 990 4090 riae
1017 4028 1210 4091 Innocentio
1236 4029 1327 4103 Papa
1351 4025 1589 4103 praedecessori
1611 4024 1724 4086 nostro

930 4127 1174 4202 proposuerunt
1202 4126 1349 4202 tempore
1383 4123 1521 4186 concilii
1547 4121 1725 4200 generalis,

931 4223 1056 4301 aliquid
1077 4223 1112 4283 in
1126 4222 1276 4298 generali
1291 4222 1447 4299 capitulo,
1462 4222 1516 4283 uel
1533 4222 1634 4284 etiam
1646 4220 1724 4280 alibi

930 4319 1134 4399 proponatis,
1165 4335 1225 4381 seu
1241 4320 1341 4380 etiam
1356 4318 1528 4390 ordinetis,
1553 4333 1613 4394 per
1638 4316 1723 4394 quod

930 4419 965 4479 in
981 4418 1097 4479 ordine
1109 4417 1230 4488 vestro,
1244 4415 1437 4477 scandalum
1446 4414 1557 4477 valeat
1565 4412 1720 4483 suboriri,

931 4531 1027 4593 quem
1048 4515 1084 4576 in
1105 4529 1166 4575 sua
1185 4513 1330 4591 puritate
1355 4512 1489 4584 curetis,
1507 4526 1566 4588 pro
1591 4508 1720 4572 viribus

931 4612 1106 4683 custodire,
1116 4627 1217 4689 puras
1231 4626 1349 4672 manns
1361 4609 1402 4671 ad
1417 4612 1520 4670 Deum
1532 4607 1724 4669 inoratione

931 4710 1098 4785 levantes;
1114 4710 1151 4770 ut
1165 4725 1232 4786 pax
1244 4708 1313 4782 Dei,
1322 4723 1395 4783 quae
1410 4707 1725 4782 exsuperatomnem

932 4822 1075 4877 sensum,
1091 4805 1254 4868 custodiat
1279 4802 1520 4871 cordavestra,
1541 4801 1573 4861 et
1594 4798 1725 4859 intelli-

931 4904 1060 4981 gentias
1070 4904 1199 4965 vestras
1214 4902 1249 4964 in
1264 4900 1393 4962 Christo
1403 4901 1492 4970 lesu,
1505 4896 1561 4974 qui
1575 4896 1725 4958 adexbi-

931 5001 1074 5063 bendum
1099 4999 1296 5062 humilitatis
1320 4996 1519 5073 exemplum,
1546 5010 1613 5057 non
1634 4994 1725 5056 venit

932 5099 1133 5170 ministrari,
1170 5098 1228 5159 sed
1261 5096 1368 5158 voluit
1400 5095 1602 5155 ministrare.
1638 5095 1725 5153 Pre-

932 5213 1007 5259 eum
1037 5196 1226 5259 nostrarum
1260 5193 1425 5271 primitias
1456 5191 1569 5253 taliter
1600 5190 1724 5267 imple-

932 5295 1010 5367 tnri,
1028 5292 1114 5372 quod
1136 5291 1254 5369 gratiae
1276 5290 1397 5352 divinae
1416 5306 1476 5352 vos
1493 5288 1639 5350 reddatis
1665 5304 1726 5348 ae-

932 5392 1060 5469 eeptos,
1091 5390 1123 5451 et
1152 5391 1303 5450 nostrum
1336 5387 1472 5464 possitis
1507 5386 1666 5453 savorem,
1693 5386 1726 5445 et

933 5489 1026 5551 Sedis
1057 5486 1254 5565 Apostolicse
1289 5486 1483 5563 promereri.
1511 5484 1629 5545 Datum
1658 5484 1725 5541 Pe-

931 5586 1026 5659 rusii,
1053 5587 1112 5647 VII
1145 5582 1305 5647 kalendas
1329 5584 1484 5661 Augusti,
1512 5580 1724 5660 pontillcatus

933 5684 1037 5747 nostri
1049 5700 1137 5747 anno
1151 5683 1268 5763 primo.
