3802 6166
90 312 150 383 337
365 314 483 375 xxlx.
498 342 539 358 -
553 312 599 375 IN
620 313 752 375 FESTO
774 312 1030 377 SANCTORUM
1050 312 1230 409 enims
1251 314 1304 376 Ul*
1325 314 1465 377 PAULI.
1679 319 1739 381 338

128 472 200 532 Hoc
217 434 328 534 alitem
354 472 440 550 quod
468 472 625 546 diximus,
652 471 780 535 duobus
810 471 887 535 aliis
941 475 1035 535 enim
1060 473 1261 549 iniquitates
1287 476 1544 545 observaveris,
1569 478 1736 551 Daruirie,

88 568 208 642 modis,
224 571 332 646 potest
347 570 887 649 intelligireccamuspermundi
941 573 1085 633 Domine
1110 574 1187 646 auis
1209 573 1391 635 sustinebit
1405 571 1475 652 (Pe.
1498 574 1567 646 129,
1582 572 1628 653 3).
1657 574 1739 648 Quis
1846 576 1848 583 '

88 665 694 745 elementatpunimurperillaNam
708 669 888 731 calorcon·
940 668 1029 728 enim
1054 683 1121 728 non
1148 668 1264 730 timeat
1286 669 1432 747 jndicem
1458 670 1736 747 poten-tissimum,

86 762 187 824 sumit
201 779 263 825 nos
279 763 314 825 in
330 766 455 837 aestate,
469 780 529 827 aer
542 765 707 827 morbidet
721 781 782 827 sua
801 765 885 826 cali·
940 764 1221 841 sapientissimum
1235 767 1268 828 et
1278 767 1520 844 Justissimumi
1533 769 1736 830 Potentissi-

85 859 174 935 gine,
185 860 220 922 ei
233 861 281 922 sic
291 861 332 922 de
343 861 484 924 caeteris.
498 864 724 940 ltempeccant
734 863 886 926 homines
940 878 1040 934 mum,
1057 878 1153 939 quem
1169 878 1266 925 nemo
1281 866 1388 941 potest
1409 865 1566 941 effugere,
1594 866 1735 942 sapien·

86 974 147 1034 per
160 959 312 1035 corporis
326 959 473 1021 membra
488 963 522 1022 et
544 961 580 1021 in
596 960 726 1021 interno
749 963 886 1038 torque-
938 959 1103 1022 tissimum
1118 975 1215 1038 quem
1227 977 1324 1023 nemo
1339 963 1446 1039 potest
1459 963 1576 1034 latere,
1585 964 1738 1040 Justissi-

86 1055 210 1116 buntur
224 1071 285 1132 per
307 1055 377 1128 illa,
394 1057 526 1134 quando
549 1059 673 1119 vermis
688 1074 803 1121 eorum
818 1074 884 1120 non
938 1073 1027 1117 mum
1049 1073 1146 1135 quem
1162 1074 1260 1120 nemo
1282 1060 1387 1137 potest
1402 1076 1626 1139 corrumpere.
1642 1062 1737 1123 Unde

86 1153 258 1223 morietur,
284 1156 317 1216 et
341 1154 429 1230 ignis
459 1171 524 1217 non
548 1156 771 1232 extinguetur.
794 1157 884 1232 Ignis
938 1152 999 1216 lob
1019 1171 1026 1214 :
1043 1171 1061 1213 s
1076 1155 1111 1216 Si
1126 1155 1283 1218 fortitudo
1297 1157 1469 1234 quaeritur,
1486 1157 1736 1221 robustissimus
1867 1182 1870 1186 ·

85 1250 248 1326 gebennae
263 1267 325 1313 nec
338 1251 439 1328 lignis
455 1254 610 1325 nutritur,
629 1270 689 1315 nec
704 1255 786 1315 llatu
807 1270 886 1315 suo-
938 1252 1038 1323 «est,
1067 1252 1200 1328 sapiens
1229 1253 1328 1315 corde
1354 1255 1388 1316 et
1415 1254 1510 1317 tortis
1536 1255 1667 1319 robore.
1699 1257 1736 1318 Si

84 1347 247 1420 venditur,
272 1349 329 1409 sed
344 1364 364 1410 a
379 1352 446 1411 Deo
462 1352 593 1412 creatus
609 1352 658 1412 est
678 1351 886 1428 inextingui-
938 1366 956 1407 s
978 1349 1117 1425 aequitas
1126 1350 1246 1428 jndicii
1261 1351 1431 1428 quaeritur,
1446 1369 1543 1414 nemo
1560 1355 1660 1416 audet
1673 1369 1735 1430 pro

84 1444 163 1505 bilis
178 1445 221 1505 ab
236 1446 364 1523 origine
376 1447 501 1508 mnndi.
520 1448 684 1525 Scriptum
697 1448 792 1510 estin
803 1449 882 1512 bob:
938 1464 957 1506 s
978 1461 1030 1507 me
1041 1447 1267 1509 testimonium
1281 1448 1431 1511 reddere.
1444 1450 1672 1527 SiJustiiicare
1683 1467 1737 1512 me

84 1545 270 1605 Devorabit
293 1559 373 1605 eum
393 1547 485 1622 iprits
500 1550 560 1619 qvi
579 1561 648 1608 riou
666 1548 885 1608 succenditur
939 1561 957 1602 s
979 1544 1127 1617 voluero,
1150 1559 1187 1607 vs
1207 1562 1317 1606 meum
1333 1547 1565 1610 condemnabit
1578 1565 1641 1620 me,
1657 1564 1736 1625 pra-

86 1639 242 1719 (tob.xx,
256 1640 321 1721 26).
336 1643 572 1704 Credituresse
585 1642 754 1705 subternis
765 1660 886 1705 secun·
938 1658 957 1700 s
978 1657 1055 1701 vum
1081 1657 1134 1702 me
1161 1642 1388 1720 comprobabit
1411 1645 1512 1706 etiam
1535 1646 1565 1705 si
1592 1645 1735 1722 simplex

84 1738 162 1797 dum
189 1738 272 1798 illud
302 1740 530 1817 propheticum
565 1741 663 1803 Isaiae
691 1744 884 1816 :infernus
938 1737 1269 1817 «subrusticum,
1296 1738 1360 1818 19).
1392 1741 1475 1814 Quia
1499 1741 1570 1819 ipse
1596 1742 1681 1804 dixit
1704 1743 1737 1804 et

84 1837 203 1896 albior
226 1838 450 1899 conturbatus
477 1839 529 1899 est
556 1842 593 1899 iu
613 1854 795 1902 occursura
821 1842 885 1900 aa·
938 1835 1126 1909 factasunt,
1143 1837 1484 1901 mandavitetcreata
1500 1840 1588 1901 sunt.

84 1933 209 1994 verrens
229 1933 352 2013 tnt(1s.
375 1949 444 2007 xiv,
459 1934 504 2014 9).
523 1936 586 1997 Sed
611 1938 643 1998 et
658 1937 765 1998 omnis
791 1936 883 1997 locus
978 1936 1025 1995 De
1037 1936 1131 1997 sexto
1146 1934 1242 1996 nobis
1255 1937 1380 2013 ioseph
1395 1941 1446 2000 est
1458 1937 1657 2014 exemplum,
1678 1937 1736 2016 qui

83 2030 235 2107 reprobis
268 2032 318 2093 est
345 2033 498 2109 poenalis,
528 2034 584 2111 qui
614 2050 726 2095 secum
753 2050 885 2111 semper
938 2032 1433 2108 cumquotidieinuitareturad
1448 2035 1609 2112 stuprum,
1627 2036 1732 2098 dixit:

84 2127 237 2189 deserunt
251 2130 446 2202 cruciatum,
462 2132 496 2193 et
505 2132 626 2208 ubique
640 2135 755 2194 contra
767 2148 803 2193 se
814 2135 885 2193 tor-
937 2132 1025 2190 Ecce
1047 2133 1216 2192 Dominus
1238 2146 1337 2193 metis
1357 2136 1533 2194 urtivcrsis
1551 2137 1636 2194 milri
1659 2134 1735 2195 tra-

83 2228 229 2287 mentum
253 2227 440 2288 incurrunt.
472 2229 565 2290 Unde
590 2229 768 2291 Ezechiel:
786 2234 882 2291 Pro·
937 2227 1029 2298 ditis,
1049 2228 1188 2305 ipuorat
1213 2232 1294 2302 auid
1313 2230 1436 2290 babeat
1457 2233 1733 2291 inactuosum..

82 2325 207 2383 drictum
230 2338 314 2400 erpo
331 2327 448 2400 iovem
466 2329 507 2387 de
530 2330 642 2388 medio
663 2327 724 2399 tui,
745 2330 803 2401 atei
824 2341 883 2388 co·
939 2321 1159 2401 (Genxxxix,
1171 2323 1216 2403 8).
1230 2325 1284 2387 Sic
1295 2325 1508 2387 debetdicere
1518 2326 1733 2399 christianus,

83 2421 202 2480 recedat
217 2421 250 2480 te
267 2419 532 2499 (Ezecb.xxv1u,
549 2421 613 2501 18).
855 2488 862 2497 ,
937 2421 1067 2497 quoties
1093 2422 1198 2483 allicit
1221 2438 1297 2483 eum
1325 2424 1594 2500 concupiscentia
1621 2424 1735 2484 mundi

124 2516 215 2593 Ignis
236 2519 347 2580 autem
370 2519 533 2595 gelrennae
556 2535 687 2597 semper
707 2520 836 2583 ardebit
850 2522 883 2584 et
937 2517 1047 2595 hujus,
1059 2519 1471 2584 recordaribeneticiornm
1482 2521 1553 2593 Dei,
1567 2521 1734 2583 dimittere

84 2629 264 2690 numquam
274 2614 407 2689 lucebit,
425 2633 555 2694 semper
569 2620 644 2679 uret
658 2616 690 2679 et
702 2634 881 2696 numquam
937 2616 1075 2691 pallium
1102 2617 1228 2678 tenenti
1252 2618 1427 2695 AEgyptiae,
1457 2618 1554 2690 idest,
1573 2619 1732 2695 peccandi

84 2712 267 2784 consumet,
291 2727 421 2790 semper
436 2714 559 2776 alliciet
577 2717 610 2776 et
625 2731 804 2792 numquam
819 2715 881 2777 de·
937 2714 1144 2776 occasionem
1161 2715 1333 2776 saecularis
1346 2715 1632 2792 concupiscentiae.

84 2809 183 2871 ticiet.
199 2810 393 2872 Benedicit:
408 2812 648 2887 Producam...;
662 2813 884 2891 scriptumest
976 2813 1023 2872 De
1044 2811 1184 2888 septimo
1207 2814 1355 2874 loannes
1377 2813 1411 2874 in
1433 2813 1574 2889 epistola
1592 2835 1599 2873 ε
1616 2815 1735 2875 Ursinis

82 2907 173 2968 enim
193 2908 229 2968 in
247 2908 445 2971 Salomone:
464 2914 536 2971 Per
549 2927 626 2985 quse
639 2913 879 2986 peccatbomo,
936 2910 994 2982 aad
1005 2909 1105 2970 ltabet
1118 2923 1215 2984 spem
1232 2913 1270 2971 iu
1284 2925 1334 2981 eo,
1351 2910 1478 2972 scilicet
1490 2911 1526 2971 in
1538 2913 1617 2982 Deo,
1633 2926 1736 2972 sanc-

81 3020 149 3078 per
180 3009 254 3066 baec
280 3004 315 3067 et
340 3007 522 3080 torquetur
547 3005 639 3087 (Sap.
668 3025 715 3081 11,
741 3008 803 3087 17).
832 3009 881 3070 Oh
937 3006 1044 3078 titiant
1058 3022 1107 3078 se,
1133 3006 1224 3068 sicut
1245 3008 1278 3068 et
1293 3010 1347 3069 iiie
1366 3009 1508 3069 soricius
1524 3010 1576 3069 est
1591 3006 1619 3087 (l
1635 3010 1733 3071 ioan.

85 3103 229 3179 quantus
244 3104 323 3164 tunc
342 3103 406 3166 erit
419 3105 519 3168 timor
533 3106 566 3167 et
579 3109 720 3167 tremori
738 3109 881 3184 quantus
936 3117 985 3175 111,
1001 3103 1047 3182 3).
1067 3105 1103 3165 ln
1127 3104 1278 3166 hocloco
1298 3105 1462 3182 particula
1479 3106 1569 3167 sicut
1584 3121 1650 3166 non
1672 3120 1734 3183 po-

84 3200 148 3259 erit
162 3199 306 3274 gemitus
320 3202 353 3262 et
365 3201 471 3273 tletus,
489 3202 575 3265 sicut
588 3203 669 3264 dicit
682 3203 743 3266 Job
761 3226 768 3265 ε
789 3208 881 3267 Nave
936 3200 1027 3262 nitur
1046 3216 1105 3278 pro
1125 3202 1319 3278 quantitate,
1340 3203 1397 3264 sed
1417 3219 1477 3280 pro
1501 3203 1730 3265 similitudine.

83 3300 114 3356 si
127 3302 295 3359 antemnae
310 3302 385 3360 coeit
403 3301 672 3362 corttrerrziscuut
690 3303 723 3362 et
739 3303 879 3376 pavent,
936 3298 1031 3361 Unde
1046 3299 1097 3359 est
1111 3299 1192 3359 illud
1217 3300 1445 3376 euangelicum
1468 3316 1476 3360 :
1502 3300 1642 3362 «Estote
1657 3316 1736 3377 per-

83 3394 116 3454 et
136 3398 251 3472 anoeii
272 3400 368 3468 pacis
386 3412 508 3459 amare
526 3398 664 3470 fiebunt,
684 3400 882 3472 peccatores
936 3412 954 3454 (ι
976 3395 1064 3467 lecti,
1090 3397 1176 3457 sicut
1199 3399 1232 3458 et
1247 3399 1346 3458 Peter
1361 3400 1473 3459 vester
1491 3397 1636 3459 coelestis
1652 3413 1733 3474 per-

82 3492 201 3554 auteuv
221 3495 302 3566 auid
324 3495 451 3567 sacient
467 3493 542 3573 (lob
570 3511 662 3568 xxvi,
686 3494 761 3575 li)t
790 3496 883 3558 Sicut
936 3492 1162 3567 «iectusest3
1177 3494 1735 3571 quisolemsuumoriritacitsuper

82 3588 163 3650 dicit
177 3590 283 3650 isaias
300 3607 307 3645 ι
323 3592 361 3651 St
368 3593 488 3662 justus
510 3595 573 3653 vien
596 3594 797 3666 salvabitur,
814 3597 883 3654 iru-
936 3608 954 3649 s
975 3589 1079 3652 bonos
1095 3592 1129 3652 et
1142 3591 1248 3652 malos
1258 3594 1290 3652 el
1305 3592 1390 3668 pluit
1402 3607 1502 3668 super
1509 3593 1618 3669 justos
1634 3593 1666 3652 et
1678 3593 1734 3653 in-

79 3690 161 3761 pins
173 3688 207 3749 et
217 3688 447 3761 peccatorum·
458 3691 658 3762 parebuntt
681 3691 773 3751 Heut
798 3690 881 3767 proh
936 3688 1118 3765 «Justoso
1131 3686 1263 3767 (Matth.
1284 3706 1315 3762 v,
1333 3689 1397 3769 45).
1420 3691 1460 3751 Et
1483 3691 1559 3767 quia
1583 3690 1660 3753 talis
1680 3691 1751 3752 est'

83 3785 196 3845 dolori
214 3785 372 3861 quantum
384 3784 449 3847 erit
460 3787 611 3863 planctus
627 3789 659 3850 et
667 3787 813 3849 ululatus
828 3788 881 3849 his
936 3787 1030 3863 pater
1054 3786 1174 3859 vester,
1195 3785 1323 3848 debetis
1344 3790 1554 3850 contemnere
1582 3788 1733 3850 carnalia

83 3881 139 3957 qui
168 3880 262 3942 nullo
293 3881 440 3945 tonitruo
472 3886 549 3946 sunt
577 3883 774 3946 fulminandi
791 3887 879 3959 zita,
936 3883 1112 3956 desideria,
1134 3900 1207 3961 quae
1229 3885 1385 3953 militant,
1400 3885 1496 3958 idest,
1511 3889 1659 3963 pugnant
1673 3885 1735 3947 ad-

82 3981 265 4051 raaiedicti,
280 3983 316 4041 tu
330 3984 444 4057 torrem
458 3983 630 4044 aeteruum
643 3981 775 4061 (Matth.
799 3999 879 4057 xxv,
936 3997 1051 4042 versus
1069 3982 1215 4044 animam
1232 4004 1240 4043 ε
1254 3983 1572 4045 «conversationem
1586 3985 1732 4045 vestram
1851 4038 1854 4045 .

82 4076 146 4154 41).
159 4079 265 4138 Amen
280 4077 353 4138 dico
365 4077 459 4139 uobis
475 4077 568 4140 ibunt
582 4079 616 4140 hi
634 4080 668 4141 in
681 4080 881 4158 supplicium
935 4095 954 4137 ιι
975 4078 1063 4141 inter
1084 4080 1200 4155 gentes
1226 4079 1347 4142 bonam
1371 4080 1500 4153 habete,
1528 4082 1565 4143 ut
1583 4081 1733 4143 videntes

83 4177 256 4247 aeternum,
280 4190 341 4236 nec
363 4175 501 4238 exibunt
515 4177 602 4249 inde,
620 4177 725 4239 donec
751 4180 883 4241 solvant
935 4193 953 4235 s
976 4192 1075 4253 opera
1086 4179 1197 4239 vestra
1212 4177 1298 4239 bona
1312 4178 1499 4254 glorificent
1513 4181 1646 4241 Patrem
1656 4196 1735 4242 ves·

84 4272 279 4333 universum
295 4272 440 4335 debitum
453 4274 553 4335 etiam
565 4290 668 4352 usqne
681 4275 721 4335 ad
735 4276 882 4337 novissi·
935 4289 953 4331 s
976 4275 1063 4335 trum
1075 4273 1132 4350 qui
1143 4274 1177 4334 in
1191 4275 1284 4336 coelis
1297 4278 1384 4339 est».
1396 4275 1429 4353 (1
1440 4278 1510 4338 Pet.
1525 4292 1561 4349 11,
1576 4276 1639 4356 12).
1651 4279 1733 4338 Cum

82 4385 173 4429 mum
195 4368 424 4446 quadrantem,
442 4369 498 4431 ubi
511 4371 574 4433 erit
588 4372 685 4433 fletus
699 4373 733 4434 et
759 4373 882 4435 stridor
935 4371 1024 4431 enim
1048 4371 1171 4449 impius
1193 4371 1234 4432 ab
1256 4372 1425 4449 impietate
1441 4375 1656 4446 convertitur,
1672 4390 1733 4450 pro

82 4465 242 4528 dentium.
271 4467 383 4529 Fletus
405 4470 515 4529 autem
537 4485 580 4530 ex
608 4469 695 4545 ignis
717 4471 829 4532 calore
848 4474 881 4534 et
935 4470 1025 4530 certo
1040 4468 1153 4530 dicere
1169 4469 1285 4546 potest,
1301 4486 1367 4531 non
1382 4487 1455 4531 sum
1471 4472 1568 4548 quod,
1592 4472 1732 4545 sueram,

81 4563 172 4626 sumo
186 4565 362 4637 excitatur,
381 4566 504 4627 stridor
518 4581 597 4627 vero
619 4582 661 4627 ex
684 4566 818 4643 frigore.
842 4570 881 4631 nt
935 4564 1025 4641 quia,
1049 4565 1214 4638 videlicet,
1236 4582 1303 4628 non
1318 4569 1370 4629 est
1384 4567 1537 4645 inculpa,
1552 4569 1629 4629 licet
1643 4568 1731 4628 idem

81 4661 127 4723 ibi
147 4663 198 4723 est
215 4663 367 4738 gehenna
389 4663 447 4724 illa
466 4664 743 4740 inextinguibilis,
769 4665 823 4726 cui
851 4665 881 4726 si
935 4663 1025 4724 sitin
1039 4665 1171 4737 natura,
1188 4665 1368 4725 secundum
1383 4666 1465 4726 illud
1480 4666 1706 4743 propheticum
1721 4680 1730 4726 :

80 4762 186 4822 totum
220 4776 312 4822 mare
341 4761 441 4822 etiam
471 4761 641 4834 induetur,
672 4762 759 4824 sicut
788 4764 880 4838 gutta
940 4762 1039 4823 Verte
1059 4764 1183 4835 impios
1203 4763 1237 4824 et
1258 4778 1327 4823 riou
1353 4765 1456 4823 erupit
1476 4759 1729 4840 (Prov.x11,7).

81 4875 177 4935 aquae
189 4858 224 4919 in
235 4859 365 4919 camino
376 4859 486 4921 statim
498 4862 696 4932 assumetur,
714 4862 747 4922 et
756 4860 880 4936 glacies
934 4861 1019 4920 Hae
1033 4858 1083 4920 est
1097 4859 1246 4919 mutatio
1265 4860 1422 4919 denterce
1435 4861 1574 4919 Eacetsi
1596 4858 1664 4936 (Pe.
1678 4862 1729 4933 tv,

81 4954 324 5016 indissolubilis
350 4956 442 5028 adeo,
474 4957 560 5034 quod
591 4957 620 5018 si
651 4957 756 5020 etiam
785 4974 880 5019 mons
936 4954 999 5033 ll).
1028 4956 1087 5016 Est
1122 4970 1202 5030 ergo
1234 4953 1305 5015 baec
1337 4954 1550 5015 commutatio
1585 4955 1731 5019 dextere
1819 4942 1826 4951 ¹

81 5054 201 5129 igneus
225 5053 466 5126 immitteretur,
484 5054 641 5116 continuo
661 5055 878 5131 extinguere·
934 5052 1067 5113 Excelsi
1093 5051 1252 5123 tribuere,
1273 5051 1412 5119 scillcet,
1435 5053 1567 5114 terrena
1583 5069 1644 5130 pro
1659 5070 1730 5115 coe-

81 5155 145 5213 tur.
166 5149 369 5213 Transibunt
389 5152 477 5213 enim
507 5150 548 5212 ab
569 5152 665 5229 aquis
689 5151 816 5214 nivium
838 5152 879 5214 ad
934 5149 1083 5221 lestibus,
1100 5149 1289 5227 corporalia
1303 5164 1364 5226 pro
1378 5150 1620 5228 spiritualibus,
1634 5152 1731 5214 tran-

80 5250 226 5311 calorem
239 5248 389 5319 nimium,
405 5250 538 5325 propter
552 5250 638 5326 quod
650 5249 716 5310 erit
727 5249 772 5309 ibi
783 5250 879 5312 tletus
934 5247 1049 5308 sitoria
1065 5262 1124 5324 pro
1134 5247 1279 5308 eternis.

80 5349 113 5407 et
134 5345 259 5408 stridor
277 5345 433 5406 dentium.
455 5349 634 5422 Propterea
660 5346 781 5408 clamat
802 5363 881 5424 pro-
974 5347 1056 5406 Ecce
1079 5345 1277 5417 invenimus,
1292 5344 1535 5419 iratres,unam
1549 5347 1728 5425 pretiosam

81 5443 180 5521 pheta
202 5442 306 5505 David
322 5463 329 5501 :
347 5445 400 5504 Ne
424 5444 534 5505 intres
555 5447 593 5504 iu
608 5446 780 5515 judicium
801 5460 881 5507 merri
934 5441 1158 5517 margaritam.
1187 5443 1303 5505 Venite
1336 5458 1415 5520 ergo
1441 5446 1474 5506 et
1500 5459 1730 5521 comparemus

79 5555 183 5602 servo
199 5541 268 5611 tuo,
282 5542 364 5614 arvia
379 5553 447 5600 nou
454 5540 707 5614 justificabitur
716 5544 752 5603 iu
775 5556 878 5603 cons-
933 5536 1037 5599 illam.
1052 5540 1102 5601 Ne
1111 5539 1256 5601 timeatis
1268 5538 1309 5601 de
1322 5541 1440 5618 pretio.
1450 5542 1525 5602 Non
1536 5541 1625 5602 enim
1635 5556 1730 5618 opor·

78 5638 182 5716 pactu
208 5637 267 5698 tuo
287 5639 399 5698 orariis
425 5639 545 5698 viveras
572 5635 643 5716 (Ps.
675 5638 743 5710 142,
772 5636 818 5717 2).
841 5641 879 5702 Si
932 5636 979 5698 tet
1008 5651 1068 5697 nos
1093 5636 1205 5698 omnia
1233 5637 1379 5699 vendere
1404 5638 1444 5700 ad
1472 5639 1729 5715 comparandam
