3794 6166
190 300 258 365 ’823

515 371 523 407 l

191 463 396 540 infringere,
413 465 475 525 etc.
500 461 536 526 Si
558 461 633 540 quis
653 462 776 534 autem,
790 461 854 522 eto.
877 461 995 521 Datum

202 562 370 634 Laterani,
391 563 451 622 Vll
473 559 634 621 kalendas
658 558 770 637 iulii,
785 557 996 636 pontificatus

202 660 310 723 nostri
324 674 412 721 anno
424 657 581 721 secundo.

200 940 253 1000 Ad
267 937 476 1013 impetrem
493 810 674 1010 etssraffl
684 936 805 995 domata
823 933 1000 1006 hospitalis

432 1033 771 1108 Hierosolpmttonae.

504 1138 540 1196 25
549 1137 611 1211 jun.
622 1138 700 1195 lala.

280 1236 409 1302 [Tlreinen
420 1236 585 1287 Monumente
595 1235 740 1299 llungcriaa,
753 1235 772 1293 l,
785 1232 824 1290 lt,
835 1248 862 1284 n.
870 1232 923 1297 aa]

193 1336 336 1394 nonarum
349 1335 403 1393 500
417 1349 577 1393 marcarum
589 1333 701 1408 argenti
724 1331 875 1400 redditum,
892 1331 927 1388 ab
941 1333 998 1389 ln·

238 1424 306 1483 drea
320 1426 477 1499 ilungariae
483 1439 555 1497 rege
566 1422 602 1480 de
615 1421 799 1496 proventibus
813 1422 916 1478 salium
931 1435 999 1477 suo·

238 1529 302 1572 rura
311 1514 341 1571 in
353 1512 507 1572 salecheis
517 1527 699 1581 conoessum,
709 1509 869 1569 conflrmat.

243 1622 379 1684 Dilectis
407 1622 486 1683 tiliis
489 1665 569 1692 ......
594 1620 754 1697 magistro
783 1619 817 1681 et
843 1617 1001 1680 iratribus

202 1720 320 1783 domus
348 1719 523 1797 hospitalis
555 1717 882 1796 Hierosolymitanae,
910 1715 1003 1776 salu-

207 1819 369 1889 temeto.

246 1918 358 1978 Cuma
374 1915 471 1977 nobis
480 1916 613 1993 petitur,
629 1916 693 1976 etc.
710 1914 902 1991 Eupropter,
925 1913 1000 1983 eto,

206 2029 314 2089 usque
324 2030 475 2086 assensu,
490 2029 636 2075 annuum
647 2012 903 2090 quingentarum
919 2024 1004 2071 mar·

207 2127 322 2173 carum
337 2112 468 2189 argenti
483 2111 648 2174 redditum
669 2108 763 2171 vobis
787 2124 807 2169 a
829 2108 1003 2171 carissimo

206 2210 241 2271 in
257 2211 387 2273 Christo
402 2211 473 2272 illio
497 2211 611 2272 nostro
634 2208 765 2270 Andron
781 2206 904 2268 illustri
924 2221 1003 2283 rege

205 2309 386 2385 Hungariae
396 2309 437 2370 de
452 2307 666 2385 proventibus
678 2306 799 2368 salium
819 2320 955 2367 suorum
968 2305 1003 2369 iu

207 2407 326 2469 salech
361 2406 415 2484 pia
444 2405 645 2468 liberalitate
682 2420 892 2475 concessum,
918 2402 1005 2465 sicut

205 2504 315 2581 ipsum
330 2506 422 2582 juste
435 2519 475 2566 ac
497 2504 634 2581 pacifice
649 2500 805 2564 obtinetis
818 2501 852 2562 et
863 2500 897 2561 in
913 2501 1005 2577 elus·

206 2602 281 2664 dem
295 2602 384 2679 regis
397 2602 519 2664 litteris
541 2601 672 2679 plenius
687 2599 893 2673 continetur3
910 2597 1003 2659 vobis

204 2700 239 2761 et
252 2716 312 2777 per
324 2716 383 2762 vos
395 2699 508 2762 domui
523 2701 642 2761 vestrae
652 2699 851 2760 auctoritate
863 2697 1005 2773 Aposto-

206 2797 272 2859 lica
285 2798 532 2864 confirmamus.
540 2796 756 2874 etpraesentis
765 2795 878 2871 scripti
886 2795 1002 2870 patro-

205 2895 296 2957 cinio
311 2895 563 2957 communimus.
577 2894 625 2955 nd
642 2895 801 2970 majorem
822 2894 932 2953 autem
954 2891 1003 2952 rei

207 2992 422 3064 evidentiam,
439 2993 587 3054 tenorem
603 2991 789 3052 litterarum
801 2988 948 3066 ipsarum
963 2988 1003 3050 de

130 3086 133 3093 ’
207 3089 310 3152 verbo
320 3090 361 3151 ad
376 3089 513 3152 verbum
522 3089 687 3168 jussimus
707 3086 928 3166 presentibus
942 3102 1005 3148 an-

206 3189 328 3251 notari.
343 3188 405 3260 Qui
419 3188 497 3251 talis
508 3190 558 3250 est
574 3209 582 3248 ε

248 3287 429 3348 innomine
445 3289 568 3349 sanctae
588 3286 760 3348 Trinitatis
775 3288 806 3348 et
822 3284 1003 3346 individuae

205 3386 356 3446 unitatis.
393 3385 542 3446 Andreas
579 3385 639 3445 Dei
667 3386 776 3461 gratia
809 3383 1001 3459 Hungariae,

206 3483 390 3554 Dalmatiae,
408 3483 559 3554 Croatiae,
573 3486 698 3554 Ramae,
711 3483 847 3553 serviae,
860 3481 1001 3553 Galitiae,

207 3582 488 3658 Lodomircaeque,
499 3582 600 3642 resin
611 3584 816 3658 perpetuum.
830 3580 1004 3641 Excellen-

205 3677 1003 3756 tissimaregumnobilitas,licetnullislargiendl

205 3777 367 3840 limitibus
383 3777 612 3839 circumscribi
628 3777 756 3848 debeat,
766 3778 932 3854 praeci-pua
947 3778 1003 3838 ta·

206 3893 282 3937 men
309 3877 416 3938 eidem
443 3876 629 3937 adhibenda
659 3878 710 3937 est
733 3875 1001 3952 circumspectio,

207 3977 371 4052 quatenus
400 3973 607 4050 singulorum
625 3976 730 4036 status
751 3976 784 4035 et
797 3974 1003 4036 differentias

209 4072 438 4142 considerans,
456 4072 525 4131 illis
552 4087 621 4147 prae
643 4072 772 4132 caeteris
787 4071 1004 4132 excellentius

206 4187 276 4231 suae
303 4171 390 4230 dona
418 4170 652 4231 munificentiae
680 4171 852 4246 largiatur,
882 4170 939 4246 qui
973 4171 1006 4230 et

205 4269 437 4346 temporalium
478 4268 714 4329 beneficiorum
756 4268 893 4329 servitio
940 4267 1004 4328 sibi

207 4368 351 4428 fideliter
372 4367 610 4444 obsequuntur,
627 4371 659 4427 et
680 4367 713 4426 in
728 4365 907 4427 offerendis
923 4382 1004 4426 ora-

205 4467 334 4527 tionum
359 4468 392 4526 et
415 4466 703 4542 eleemosynarum
738 4465 918 4525 sacrificiis
939 4480 1004 4524 non

206 4566 335 4626 trunam
357 4580 429 4635 sua,
452 4580 566 4624 verum
591 4565 624 4624 et
647 4579 807 4639 personas
823 4563 863 4622 ad
883 4562 1005 4623 Christi

205 4661 336 4722 laudem
353 4663 385 4721 et
395 4662 536 4736 gloriam
552 4660 730 4721 offerentes
750 4676 809 4736 pro
833 4660 1004 4719 commodo

205 4759 476 4829 Christianitatis,
500 4761 533 4819 et
560 4774 740 4833 regnorum
766 4759 915 4818 omniurn
939 4758 1007 4819 uti-

207 4856 301 4918 litate
330 4859 397 4917 Deo
417 4857 544 4933 jugiter
571 4858 604 4916 et
631 4856 748 4917 devote
788 4855 1004 4916 famulantur.

206 4956 287 5014 Cum
313 4954 424 5030 itaque
447 4954 674 5015 sacratissima
701 4955 815 5015 Sancti
839 4954 1003 5016 lobannis

206 5052 363 5126 Baptistae
379 5052 495 5112 domus
510 5052 686 5128 hospitalis
705 5052 746 5112 de
759 5052 946 5114 Jerusalem
963 5051 1004 5112 ab

207 5149 352 5224 antiquis
363 5150 561 5210 saeculorum
576 5150 779 5226 temporibus
793 5149 915 5226 ubique
927 5166 1007 5226 par-

207 5246 290 5307 tium
306 5246 396 5305 orbis
417 5263 459 5307 ex
481 5263 516 5308 se
536 5247 697 5308 bonorum
715 5264 864 5324 operum,
885 5250 917 5310 et
932 5249 1006 5309 sin-

209 5359 294 5404 cerae
319 5341 503 5403 devotionis
530 5345 818 5406 commendaretur
835 5345 1004 5423 obsequio,

203 5442 301 5517 juxta
323 5438 403 5497 illud
421 5441 601 5502 veridicum
621 5444 823 5519 propheticae
836 5445 1005 5520 provisio·

206 5538 259 5597 nis
279 5533 491 5613 praesagium,
521 5539 678 5599 mamillis
702 5540 790 5614 regis
814 5540 1004 5612 lactaberis,

206 5632 362 5712 pervigili
377 5646 456 5693 cum
473 5633 620 5697 bdelium
633 5639 665 5698 et
686 5637 838 5714 dillgenti
850 5639 1008 5702 aluistis-

817 297 995 361 HONORII
1017 297 1062 359 111
1084 296 1233 359 OPERA.

1796 301 1845 362 tel

1052 455 1848 536 norumregumetprlrtcipumpmvidentiaurulti'

1053 555 1131 634 plici
1147 555 1326 632 largitione
1339 571 1476 617 munere
1491 554 1694 634 praedotata,
1710 571 1848 619 crescere

1053 656 1086 715 et
1101 668 1161 731 per
1175 653 1349 715 universos
1363 653 1453 715 orbis
1464 653 1550 714 lines
1565 653 1694 715 meruit
1708 651 1848 729 <blatan

1054 750 1141 811 inter
1152 765 1235 827 quos
1255 764 1321 810 non
1336 749 1464 811 tautum
1488 752 1686 811 nostrorum
1708 750 1849 811 anteces-

1045 862 1166 908 ‘sorum
1180 846 1221 907 ad
1235 846 1322 907 idern
1338 847 1464 909 intenta
1478 847 1600 924 pietas,
1618 846 1677 908 sed
1703 847 1738 909 et
1749 850 1851 909 nostra

1054 944 1197 1021 diligens
1222 944 1372 1012 solertia,
1391 944 1488 1022 prout
1507 944 1698 1022 unicuique
1713 947 1851 1006 nostran

1055 1042 1215 1104 divinitus
1243 1041 1408 1104 illustrari
1431 1042 1539 1104 visum
1552 1042 1617 1115 est,
1638 1041 1732 1103 hanc
1750 1057 1852 1102 sacra·

1054 1139 1218 1202 tissimam
1229 1139 1362 1201 domum
1377 1139 1577 1216 largissimis
1586 1140 1695 1216 regiae
1710 1139 1851 1215 largitio-

1055 1238 1107 1298 nis
1121 1236 1326 1310 muneribus,
1343 1238 1432 1299 uude
1443 1240 1510 1299 Deo
1523 1236 1654 1314 gratias
1671 1236 1850 1307 referimus,

1055 1335 1268 1396 honoraret:
1295 1350 1412 1396 verum
1440 1333 1525 1412 quod
1549 1334 1693 1411 segnius
1723 1333 1853 1396 inritant

1055 1432 1185 1493 animos
1200 1431 1345 1493 demissa
1357 1447 1418 1510 per
1441 1446 1552 1504 aures,
1567 1446 1673 1510 quam
1700 1434 1851 1509 quaesunt

1056 1528 1161 1591 oculis
1185 1530 1361 1591 commissa
1384 1527 1550 1601 fidelibus,
1567 1545 1647 1590 cum
1672 1528 1720 1590 ad
1738 1530 1852 1590 Sancta

1055 1629 1167 1689 Terrae
1182 1626 1413 1689 liberationem
1434 1627 1470 1687 in
1490 1642 1549 1704 spe
1572 1626 1705 1688 divinae
1721 1626 1853 1704 potesta-

1056 1725 1101 1788 tis
1114 1725 1326 1798 accessimus,
1340 1741 1413 1803 quar
1429 1725 1470 1786 de
1484 1725 1674 1786 memorata
1694 1723 1794 1785 domo
1805 1738 1856 1801 per

1057 1821 1191 1885 odorem
1219 1821 1298 1884 boni
1317 1821 1463 1882 nominis
1490 1821 1525 1883 et
1548 1820 1728 1898 opinionis
1750 1820 1852 1881 illaesa

1058 1918 1580 1998 perorbemterrarumrelatione
1589 1934 1853 1996 perceperamus,

1057 2018 1127 2079 illio
1141 2018 1208 2079 tam
1224 2033 1244 2078 a
1268 2016 1372 2078 tratre
1385 2016 1532 2078 Guarino
1548 2015 1590 2078 de
1615 2018 1734 2078 Monte
1757 2016 1853 2085 acuta,

1057 2113 1855 2193 ejusdemsanctaedomusvenerabilismagistro,

1058 2229 1157 2290 quam
1171 2228 1191 2273 a
1207 2211 1366 2274 tratribus
1378 2212 1516 2273 honeste
1531 2210 1761 2288 susceptiflde
1779 2227 1855 2288 pers

1058 2311 1212 2388 perimus
1227 2304 1370 2372 oculata.
1385 2309 1558 2386 Siquidem
1572 2308 1622 2370 ibi
1634 2294 1798 2386 degentes
1807 2309 1852 2369 vi·

1059 2407 1297 2470 demusdiebus
1309 2407 1449 2483 singulis
1459 2407 1673 2468 innumeram
1683 2422 1854 2485 pauperum

1058 2506 1302 2569 multitudinem
1314 2505 1478 2582 largifluis
1490 2504 1854 2582 eleemosynarumero

1057 2603 1247 2681 gationibus
1262 2602 1390 2674 satiari,
1407 2601 1521 2663 morbo
1533 2601 1638 2664 etiam
1659 2602 1855 2664 lacescentes

1058 2702 1219 2765 lectorum
1227 2701 1377 2762 mollium
1383 2700 1570 2762 etciborum
1579 2700 1682 2777 copia
1695 2702 1730 2762 et
1739 2699 1855 2762 deliciis

1058 2800 1246 2873 confoveri,
1273 2801 1479 2861 mortuorum
1503 2813 1659 2875 corpora,
1687 2798 1809 2860 debitis
1828 2798 1857 2858 in

1058 2899 1189 2960 Christo
1203 2896 1381 2975 persolutis
1396 2896 1607 2974 exsequiis,a
1621 2896 1786 2958 tratribus
1797 2911 1861 2957 me-

1058 2997 1195 3059 moratae
1205 2994 1322 3056 domus
1330 2994 1788 3072 cumvenerationesepeliri.
1796 2995 1855 3055 Nos

1057 3093 1211 3173 equidem
1226 3093 1327 3170 hujus
1351 3092 1474 3153 sacrati
1490 3091 1625 3168 collegii
1647 3108 1719 3153 non
1738 3092 1857 3154 tantum

1058 3191 1209 3253 caritatis
1225 3189 1357 3261 affectu,
1368 3205 1484 3251 verum
1502 3189 1602 3250 etiam
1625 3205 1771 3250 numero
1785 3204 1857 3266 par·

1058 3287 1856 3366 ticiparevolentes,etuteorumcommunicare-

1059 3404 1133 3447 mur
1147 3386 1325 3457 consortio,
1340 3388 1373 3446 et
1394 3400 1599 3446 mereremur
1621 3385 1812 3446 orationum
1826 3388 1854 3444 et

1058 3482 1853 3560 beneficiorumparticipestieri,confraternitati

1058 3599 1172 3644 eorum
1192 3582 1238 3643 ita
1264 3598 1325 3642 nos
1348 3580 1567 3644 astrinximus
1588 3580 1777 3652 denotent
1799 3584 1856 3641 tarn

1059 3679 1853 3757 nosquamsuccessoresnostriproredemptione

1059 3779 1245 3840 animarum
1274 3776 1556 3854 praedecessorum
1593 3779 1804 3847 nostrorum,
1830 3777 1857 3835 et

1060 3878 1251 3937 nostrarum
1269 3876 1409 3951 singulis
1429 3875 1526 3935 annis
1553 3874 1725 3951 praedictae
1748 3873 1857 3935 domui

1060 3975 1093 4034 in
1119 3973 1277 4051 obsequio
1298 3989 1479 4050 pau-perum
1504 3973 1707 4049 quingentas
1731 3987 1854 4033 marcas

1059 4073 1188 4148 argenti
1204 4073 1237 4131 in
1250 4074 1447 4147 perpetuum·
1456 4070 1496 4131 de
1509 4071 1728 4147 proventibus
1744 4071 1855 4131 salium

1060 4168 1855 4232 nostroruminSaleclrinPascbaconlerremus.

1060 4268 1245 4344 obligantes
1259 4269 1329 4328 tam
1342 4267 1428 4327 lilios
1442 4268 1584 4336 nostros,
1600 4282 1703 4343 quam
1723 4282 1854 4327 succes-

1061 4382 1153 4427 sores
1176 4366 1319 4426 liliorum
1343 4361 1543 4430 nostrorum,
1565 4366 1742 4440 sperantes
1764 4364 1856 4425 retri-

1060 4463 1232 4525 butionem
1246 4462 1287 4523 ab
1309 4479 1359 4531 eo,
1377 4462 1432 4538 qui
1456 4462 1491 4522 in
1506 4461 1632 4522 aeterua
1656 4460 1856 4522 beatitudine

1062 4561 1197 4638 praemia
1213 4576 1273 4637 pro
1285 4558 1381 4620 benis
1393 4559 1504 4619 Beatis
1519 4557 1660 4618 reddere
1676 4558 1853 4619 consuerit.

1061 4657 1225 4718 addentes
1239 4657 1351 4728 etiam,
1370 4658 1404 4717 ut
1431 4655 1460 4714 si
1485 4654 1607 4731 aliquis
1629 4669 1854 4716 successorum

1061 4759 1249 4816 nostrorum
1285 4770 1370 4814 ausu
1412 4753 1595 4815 temerario
1632 4751 1852 4819 donatiouem,

1061 4871 1161 4930 qnam
1193 4869 1254 4930 pro
1284 4853 1453 4913 communi
1487 4852 1680 4911 animarum
1721 4851 1855 4912 utilitate

1061 4952 1160 5027 digne
1187 4949 1462 5027 depravantibus
1484 4947 1667 5024 regalibus,
1693 4946 1852 5010 communi

1061 5049 1201 5111 consilio
1221 5048 1408 5126 principum
1432 5049 1633 5117 nostrorum,
1658 5047 1717 5122 qui
1732 5049 1810 5107 tunc
1824 5045 1851 5104 in

1061 5148 1120 5208 Dei
1149 5147 1285 5209 servitio
1314 5145 1485 5206 nobiscum
1520 5144 1732 5220 inpartibus
1758 5143 1851 5219 Syria

1062 5245 1259 5316 militabant,
1273 5245 1421 5314 lecimus,
1441 5243 1634 5318 intringere,
1656 5243 1713 5303 vel
1729 5242 1850 5302 auterre

1061 5360 1121 5405 seu
1144 5344 1329 5403 diminuere
1348 5342 1500 5412 voluerit,
1516 5340 1786 5401 maledictionem
1803 5335 1851 5398 Dei

1063 5442 1171 5503 Patris
1205 5440 1440 5517 omnipotentis
1472 5441 1505 5500 et
1536 5437 1626 5499 beati
1664 5438 1713 5514 pii
1752 5434 1851 5497 fratris

1062 5540 1167 5601 nostri
1196 5539 1303 5600 sancti
1336 5541 1369 5598 S.
1398 5538 1491 5613 regis
1524 5537 1588 5613 piae
1617 5531 1849 5596 recordationis

1061 5640 1093 5700 et
1109 5640 1255 5702 nostram
1270 5637 1431 5700 incorrat.
1455 5633 1676 5712 lnaeeipirnus
1697 5634 1807 5702 etiam,
1822 5629 1849 5688 ut
