3802 6166
52 212 55 219 ’
93 245 155 307 ios
511 240 1341 305 nr.-1uccuvnnsiounsinemurum.
1693 244 1752 305 no
1836 212 1842 219 ’

91 402 185 469 canit
220 401 442 467 Eccleslats
476 403 526 465 l'u
557 416 594 464 es
624 418 684 465 vas
707 402 893 476 electionis,
991 403 1118 477 Sponsa
1152 398 1276 461 Christi
1309 398 1360 461 est
1393 414 1602 479 unaquaeque
1634 403 1747 467 auima
1877 412 1883 423 “

93 504 218 565 Sancte
233 501 337 564 Paule
361 500 530 579 apostole,
550 501 749 579 praedicator
763 501 894 563 verita-
950 499 1149 571 christiana,
1170 514 1244 577 quae
1268 497 1366 561 dehet
1388 497 1526 561 floribus
1552 503 1745 576 sustentari,

92 602 137 663 tis
169 600 204 661 in
232 600 391 662 universo
414 598 547 660 mundo.
573 599 697 672 »Quia
724 599 810 661 sicut
834 615 895 662 ras
950 598 1046 668 idest,
1075 597 1170 658 honis
1193 596 1341 657 moribus
1363 596 1531 658 adornari.
1564 598 1656 660 Unde
1680 603 1749 661 Au-

91 698 170 761 auri
185 699 239 759 est
256 698 431 775 pulchrum
451 700 484 760 et
506 697 688 775 pretiosum
710 698 752 760 ad
773 696 895 758 viden·
949 695 1101 771 gustinus
1118 696 1223 757 :alta
1247 710 1284 756 se
1307 694 1406 756 homo
1430 696 1490 756 Dei
1514 711 1613 771 agere
1640 696 1746 769 dohet,

90 797 185 869 dum,
200 797 248 857 ita
261 795 410 858 doctrina
427 797 461 857 ei
474 795 667 872 praedicatio
690 794 780 857 beati
799 794 895 856 Pauli
950 795 987 855 ut
1000 810 1097 855 nemo
1120 793 1164 855 sit
1183 793 1239 871 qui
1261 808 1328 854 non
1347 808 1423 854 eum
1446 794 1563 855 audire
1578 796 1611 855 et
1634 788 1748 857 videre

92 895 161 956 suit
184 893 324 972 pulchra
343 896 376 955 θῖ
405 894 550 970 pretiosa
572 894 614 955 ad
639 892 839 955 audiendum
863 892 896 955 et
949 891 1158 953 desideret.»
1180 891 1303 953 Beatus
1332 890 1456 952 Paulus
1476 889 1539 953 tuit
1558 892 1646 954 oliva
1671 908 1750 971 spa-

93 992 274 1068 legendum
302 992 336 1055 et
360 991 580 1053 retinendum.
614 992 698 1053 Illud
731 1007 790 1052 vas
821 991 895 1052 auri
949 989 1037 1052 tiosa
1052 990 1088 1050 in
1109 988 1295 1061 frondibus,
1312 989 1402 1067 quia,
1427 988 1515 1051 sicut
1540 989 1673 1051 frondes
1698 991 1750 1053 sa-

91 1091 327 1164 subsellium,
353 1090 516 1153 etbeatus
538 1091 663 1153 Paulus
681 1089 744 1152 ruit
765 1088 895 1151 stabilis
950 1087 1042 1150 ciunt
1080 1087 1246 1160 umbram,
1281 1088 1314 1150 et
1343 1087 1488 1149 liberant
1523 1087 1675 1150 homines
1713 1089 1748 1151 iu

90 1191 131 1251 et
152 1190 267 1249 iirmus
294 1188 331 1249 in
352 1187 428 1261 due,
453 1188 489 1250 in
513 1186 792 1251 tribulationibus.
820 1186 896 1249 Fuit
949 1187 1064 1249 aestate
1085 1201 1105 1248 a
1133 1186 1245 1248 calore
1268 1186 1360 1259 solis,
1377 1185 1425 1248 ita
1447 1185 1548 1247 verba
1570 1188 1604 1248 et
1623 1187 1748 1264 praedi-

89 1288 235 1349 crnatus
263 1286 355 1347 omni
380 1286 493 1364 lapide
519 1286 682 1364 pretioso,
708 1285 804 1358 idest,
834 1301 894 1347 sa·
949 1285 1037 1346 catio
1062 1283 1153 1347 beati
1175 1284 1272 1347 Pauli
1290 1283 1565 1347 liberavittctum
1588 1285 1748 1347 mundum

90 1385 235 1462 pientia,
256 1384 407 1457 scientia,
431 1400 531 1462 opere
551 1385 585 1445 et
599 1383 761 1446 doctrina.
779 1386 816 1444 In
839 1399 896 1445 sa·
949 1382 990 1444 ab
1017 1382 1198 1456 erroribus,
1223 1382 1257 1443 et
1281 1397 1301 1443 a
1322 1382 1486 1459 potestate
1505 1381 1641 1456 diaboli,
1671 1386 1704 1444 et
1727 1400 1748 1445 a

89 1483 223 1560 pientia
236 1485 269 1544 et
282 1482 434 1554 scientia,
450 1481 529 1560 quia
541 1483 614 1559 ipse
628 1483 664 1543 in
684 1482 848 1560 sapientia
863 1483 895 1544 et
949 1481 1231 1557 concupiscentiis
1256 1479 1357 1556 hujus
1385 1480 1511 1541 mundi.
1543 1474 1639 1542 Unde
1675 1482 1747 1559 ipse

90 1580 237 1642 scientia
252 1597 321 1657 prae
337 1581 465 1642 cunctis
483 1581 613 1650 enituit,
629 1581 716 1642 sicut
734 1581 805 1658 ipse
820 1581 867 1642 ait
884 1597 892 1636 ε
950 1578 1152 1656 praedicabat
1166 1601 1174 1640 :
1190 1596 1209 1639 c
1224 1577 1423 1639 Mortificate
1445 1593 1580 1640 carnem
1601 1580 1747 1641 vestram

86 1679 311 1751 Sapientiam
320 1680 493 1752 toqnimnr
501 1679 596 1740 iliter
601 1676 893 1757 perseetossscor.
949 1694 968 1737 s
989 1693 1064 1738 cum
1072 1677 1164 1739 vitiis
1175 1676 1496 1754 etconcupiscentiis
1507 1677 1607 1753 hujus
1620 1677 1745 1750 intrudi,

88 1791 133 1847 11,
157 1774 203 1854 6).
227 1776 273 1835 Ι)θ
295 1775 436 1836 scientia
453 1774 562 1836 idem:
588 1776 764 1837 Emetimo
778 1778 895 1837 omnin
949 1776 1022 1837 «et
1046 1776 1132 1838 sicut
1157 1775 1270 1836 omnia
1294 1775 1445 1836 membra
1472 1776 1583 1836 vestra
1615 1774 1748 1837 suerunt

87 1874 346 1935 detrimentum
384 1888 458 1935 esse
497 1874 645 1947 propter
686 1874 895 1935 eminentem
949 1890 1083 1935 «arma
1097 1873 1296 1951 iniquitatis,
1312 1875 1347 1935 et
1361 1874 1410 1935 sic
1424 1872 1625 1933 exhibuistis
1644 1890 1749 1934 mem-

86 1972 278 2032 scientiam
299 1974 383 2032 Jesn
404 1971 535 2033 Christi
550 1970 688 2049 (Philip.
721 1987 770 2043 111,
793 1969 838 2051 8).
856 1973 893 2032 In
948 1990 967 2033 c
987 1971 1050 2034 bra
1075 1974 1184 2034 vestm
1199 1972 1326 2034 servire
1339 1970 1512 2049 iniquitati
1525 1971 1567 2033 ad
1582 1971 1747 2049 iniquita-

87 2084 208 2144 opere,
223 2067 393 2145 sicutipse
405 2069 453 2129 ait
467 2085 474 2124 :
490 2069 727 2131 Pluseaetcrts
739 2072 893 2131 laborant
948 2087 967 2132 a
988 2073 1075 2143 tem,
1103 2070 1151 2131 ita
1174 2087 1265 2132 nunc
1291 2069 1446 2137 exhibete
1467 2069 1615 2131 membra
1637 2071 1748 2131 restra

88 2165 122 2245 (1
139 2168 215 2226 Cor.
236 2182 292 2239 xv,
313 2166 365 2247 10)
388 2166 465 2243 quia
481 2167 697 2242 Evangelium
712 2166 847 2243 regibus
862 2168 894 2229 θῖ
948 2168 1116 2230 «servire
1149 2168 1290 2245 justitias
1330 2170 1367 2229 in
1403 2168 1701 2230 sanctificationem
1729 2185 1771 2241 ε,

87 2262 300 2341 principibus
316 2264 395 2326 etin
412 2265 479 2326 ῖοῖο
495 2264 574 2326 orhe
593 2268 729 2343 portare
748 2267 781 2326 et
802 2281 892 2343 prae·
949 2265 1059 2346 (Rom.
1080 2282 1126 2340 vr,
1148 2265 1212 2346 13).
1230 2268 1332 2344 Cujus
1358 2282 1438 2342 ergo
1465 2266 1565 2343 caput
1585 2265 1665 2327 olim
1687 2281 1748 2325 su-

87 2362 209 2423 dicare
228 2377 287 2439 pro
312 2362 444 2423 nomine
467 2364 549 2425 Jesu
566 2378 635 2423 non
656 2361 829 2425 dubitauit
855 2366 893 2424 ln
948 2380 1133 2442 pergressae
1147 2366 1224 2427 sunt
1235 2363 1440 2442 iniquitates,
1449 2366 1521 2440 jam
1533 2363 1635 2440 ungat
1649 2362 1748 2439 eaput

88 2459 259 2533 doctrina,
276 2460 478 2537 quianullus
497 2460 544 2522 ita
559 2459 671 2523 docuit
684 2463 717 2523 et
731 2461 894 2522 inlurma-
948 2479 1045 2523 suurn
1067 2462 1141 2525 oleo
1163 2462 1289 2525 laetinae
1313 2463 1347 2524 et
1367 2461 1584 2534 exudtatione,
1606 2461 1638 2525 et
1648 2462 1746 2540 juxta

88 2557 146 2619 vit
174 2558 368 2630 Ecclesiam,
396 2546 590 2636 sicutipse.
619 2559 698 2621 Inde
729 2560 779 2621 est
806 2559 892 2636 quod
948 2560 1108 2638 sapientis
1137 2560 1335 2634 consilium,
1369 2576 1482 2622 coram
1521 2575 1604 2621 canu
1638 2560 1747 2637 capite

88 2655 198 2717 verba
214 2655 362 2733 Apostoli
379 2657 539 2719 resonant
552 2658 587 2717 in
604 2656 760 2718 universa
775 2657 893 2721 Eccle·
948 2661 1087 2722 inclinet
1101 2660 1201 2736 caput
1222 2675 1331 2721 suum.
1347 2659 1495 2720 (inierat
1523 2657 1614 2720 frons
1637 2674 1747 2719 mere-

90 2754 159 2815 sia.
177 2752 271 2815 Unde
285 2753 320 2815 in
335 2753 471 2816 Actibus
483 2754 737 2831 Apostolorum:
761 2760 894 2817 Pardua
947 2759 1042 2820 tricis
1056 2759 1092 2821 ui
1103 2757 1208 2819 nollet
1218 2756 1398 2834 aliquando
1414 2756 1621 2828 erubescere,
1630 2758 1701 2832 jam
1711 2755 1747 2817 in

87 2852 322 2923 eminenebat
343 2855 515 2914 Ecclesiae
545 2855 726 2927 disputans
753 2853 786 2915 ei
811 2867 895 2915 aua·
949 2856 1028 2917 sede
1043 2855 1190 2933 pudoris,
1206 2854 1303 2927 idest,
1320 2855 1356 2916 in
1377 2854 1487 2917 fronte
1510 2853 1746 2915 verecundiam

89 2951 232 3011 deinde
246 2953 432 3026 reqnoDei
448 2948 532 3029 (Act.
549 2966 604 3022 xv,
625 2948 692 3029 41).
948 2954 1116 3032 perierat,
1143 2954 1175 3015 et
1198 2952 1384 3014 erubescat.
1413 2952 1507 3014 Unde
1535 2952 1570 3013 iu
1592 2951 1745 3029 psalmo:

130 3047 338 3123 Eponntem
350 3048 543 3109 sicntotiva
555 3049 752 3124 smecttsera.
771 3048 894 3110 Beatus
947 3054 1059 3125 Beati,
1082 3066 1230 3126 qnorum
1250 3055 1410 3113 remissor
1431 3051 1512 3112 niret
1535 3049 1746 3125 iniquitates,

90 3145 221 3206 Paulus
247 3144 416 3222 apostolus
440 3144 504 3207 suit
523 3145 612 3207 oliva
630 3146 792 3223 speciosa,
816 3162 895 3223 spa·
949 3152 982 3213 et
996 3150 1245 3225 qnmmmtecia
1259 3150 1340 3211 sunt
1353 3149 1494 3224 peccata
1509 3146 1578 3227 (Ρε.
1593 3148 1643 3220 31,
1662 3146 1706 3227 1).
1776 3174 1777 3178 “

89 3243 180 3304 tiosa
196 3244 230 3305 et
243 3242 400 3319 pretiosa.
419 3245 577 3321 Speciosa
597 3244 631 3304 in
656 3243 804 3316 fioribus,
822 3259 895 3321 spa·
990 3247 1025 3311 si
1040 3249 1130 3310 enim
1154 3248 1254 3309 homo
1273 3246 1366 3324 tegit,
1393 3250 1481 3308 Deus
1506 3246 1639 3321 detegit,
1662 3247 1695 3307 et
1718 3244 1748 3307 si

88 3341 180 3402 tiosa
201 3341 237 3401 in
254 3341 437 3413 frondibus,
456 3343 489 3403 et
504 3341 649 3418 pretiosa
668 3341 891 3405 infractibus.
948 3348 1047 3408 homo
1062 3347 1197 3423 detegit,
1213 3348 1301 3408 Deus
1325 3346 1418 3422 tegit.
1441 3347 1640 3421 Detegamus
1655 3360 1745 3421 ergo,

90 3439 254 3516 Speciosa
268 3439 304 3500 in
326 3439 476 3511 floribus,
490 3439 579 3517 quia,
596 3440 684 3501 sicut
698 3439 798 3501 liores
817 3440 894 3502 sunt
949 3445 1080 3517 iratres,
1109 3445 1141 3507 et
1159 3460 1231 3516 nos,
1248 3443 1327 3506 dum
1348 3444 1478 3520 tempus
1504 3442 1665 3503 hahemus
1688 3456 1748 3518 per

89 3536 226 3616 pulchri
241 3537 488 3610 adridendum,
504 3538 552 3599 ita
567 3554 676 3599 mores
693 3538 783 3600 beati
797 3538 894 3600 Pauli
949 3542 1189 3620 paenitentiam,
1202 3542 1239 3602 ut
1253 3543 1341 3602 Deus
1358 3555 1398 3601 ea
1413 3540 1503 3614 tegat
1521 3540 1557 3599 in
1579 3538 1703 3610 futuro,
1715 3539 1748 3600 et

89 3635 237 3712 apostoli
251 3636 388 3698 fuerunt
400 3637 488 3711 grati
505 3637 573 3697 Deo
588 3637 622 3699 et
641 3637 769 3713 accepti
785 3635 895 3697 homi-
949 3655 1015 3700 non
1034 3638 1145 3700 videat
1165 3638 1206 3699 ad
1225 3637 1418 3699 vindictam.
1435 3635 1533 3698 Scitis
1560 3635 1650 3696 enim
1668 3635 1747 3712 quia

89 3733 895 3812 nibus.Undeipseait:GratieDeisnmtdquod
949 3739 1029 3799 Cain
1055 3736 1195 3813 tegendo
1222 3737 1256 3798 et
1281 3734 1472 3798 excusando
1499 3734 1684 3812 peccatum,
1711 3734 1746 3794 in

87 3847 172 3893 sum
196 3833 230 3894 et
250 3834 369 3909 pratia
388 3835 452 3894 Det
475 3848 615 3907 settrper
639 3836 677 3894 tn
696 3848 753 3896 me
775 3833 894 3895 inaltet
949 3835 1192 3913 desperationis
1217 3835 1374 3911 laqueum
1394 3832 1523 3905 incidit,
1545 3832 1578 3894 et
1599 3832 1748 3894 econtra

89 3932 135 4001 11,
147 3932 222 3991 Cor.
233 3946 289 4003 xv,
303 3930 367 4011 10).
378 3932 418 3993 Et
429 3930 517 3991 idem
534 3931 797 3993 :«P1·ovidentes
807 3930 893 3993 bona
948 3934 1052 3996 Dauid
1068 3948 1128 4010 per
1140 3932 1382 3994 contessionem
1397 3931 1530 3993 veniam
1544 3930 1745 4006 impetravit.

88 4046 112 4090 ι
136 4028 443 4090 noneolumooram
453 4030 896 4092 Deosedetiamcoramho-
949 4033 989 4094 nt
1013 4033 1042 4094 si
1069 4032 1218 4094 dolemus
1247 4030 1362 4101 corde,
1389 4031 1422 4092 ei
1450 4029 1646 4091 confitemur
1671 4044 1745 4100 ore,

88 4144 111 4188 a
133 4126 291 4199 minibus,
309 4128 386 4205 quia
401 4130 531 4205 oportet
549 4144 609 4189 nos
624 4128 748 4190 habere
771 4128 894 4190 bonum
948 4130 1194 4193 satisfaciamus
1215 4128 1434 4189 nihilominus
1458 4142 1569 4204 opere.
1595 4128 1675 4187 llaec
1698 4126 1750 4185 θεῖ

88 4243 111 4287 c
133 4225 412 4289 testimoniumah
426 4226 469 4287 iis
482 4226 538 4304 qui
552 4228 630 4289 sunt
643 4227 733 4289 intus
748 4228 781 4289 et
794 4228 836 4288 ab
850 4228 894 4289 iis
949 4229 1087 4290 mutatio
1106 4227 1253 4289 dexterae
1275 4224 1418 4297 Excelsi,
1434 4224 1565 4302 quando
1594 4224 1750 4302 peccator

90 4342 113 4386 a
135 4325 194 4402 qui
216 4325 294 4386 sunt
315 4322 428 4385 ioris»
445 4324 552 4404 (Rom.
570 4340 631 4398 xn,
651 4325 703 4406 17)
717 4326 804 4388 sicut
823 4327 894 4404 ipse
949 4341 1008 4404 per
1022 4325 1251 4402 poenitentiam
1266 4329 1299 4386 θῖ
1313 4323 1546 4386 contritionem
1562 4321 1672 4383 cordis
1687 4334 1747 4382 re·
1862 4324 1865 4329 '

88 4423 141 4485 ait
160 4422 203 4484 ad
219 4422 377 4484 Titum:‹
392 4424 430 4484 ln
451 4422 604 4485 omnihus
625 4423 768 4500 teipsum
783 4423 893 4500 praehe
949 4424 1069 4501 linquit
1088 4421 1257 4484 diabolum
1282 4422 1315 4483 et
1340 4421 1491 4483 adhaeret
1511 4423 1590 4490 Deo,
1607 4417 1748 4495 despicit

88 4538 112 4582 ι
134 4519 324 4597 exemplum
333 4519 496 4583 bonorum
504 4536 682 4598 operum.»
698 4522 775 4601 (Tit.
792 4538 830 4594 11,
846 4521 893 4602 7.)
950 4522 1117 4584 mundana
1145 4523 1179 4583 et
1201 4520 1337 4592 caduca,
1354 4521 1389 4582 et
1409 4519 1520 4596 diligit
1544 4517 1693 4579 celestia
1715 4516 1749 4577 et

88 4622 215 4683 Beatus
232 4618 355 4680 Paulus
368 4619 537 4696 apostolus
552 4618 727 4682 luitarhor
742 4620 894 4697 speciosa
949 4622 1093 4693 aeterna,
1116 4618 1203 4680 sicut
1227 4618 1350 4679 dicitur
1372 4617 1408 4678 in
1432 4614 1605 4677 Ezechiele
1628 4634 1635 4673 ε
1656 4615 1749 4679 Qum-

89 4718 129 4779 in
143 4717 294 4790 floribus,
307 4716 385 4794 quia
397 4716 433 4777 in
444 4732 483 4778 eo
493 4717 616 4779 claruit
625 4718 733 4779 omnis
745 4718 896 4796 pulchri·
948 4733 1093 4791 ettiltqitc
1127 4720 1182 4779 die
1213 4717 1375 4791 peceutor
1413 4726 1602 4776 conversus
1639 4711 1750 4786 scierit

88 4816 172 4878 tudo
188 4814 372 4877 honestatis
387 4815 420 4876 et
434 4831 574 4876 morum.
595 4816 687 4877 Unde
702 4816 774 4894 ipse
789 4815 893 4878 dixit:
951 4816 1082 4895 (Erech.
1096 4831 1218 4887 xxxin,
1233 4813 1297 4893 12),
1312 4812 1390 4890 quia
1403 4812 1473 4887 ipse
1488 4825 1555 4870 non
1569 4808 1640 4870 vult
1659 4823 1751 4869 mor-

88 4932 111 4974 «
133 4916 357 4990 Quaecumque
377 4915 782 4992 sunirera,quaecumque
798 4914 897 4991 pudi-
949 4918 1016 4977 tem
1031 4912 1227 4991 peccatoris,
1243 4910 1301 4971 sed
1319 4910 1355 4971 ut
1369 4907 1583 4971 convertatur
1600 4908 1633 4969 et
1645 4906 1748 4967 vivat.

88 5030 110 5072 ι
133 5028 185 5084 ea,
200 5013 526 5089 quaecumquejusta,
539 5028 756 5090 quaecumque
766 5013 894 5084 sancta,
952 5011 1028 5073 Ideo
1044 5014 1130 5071 llens
1144 5011 1282 5070 mortem
1294 5007 1478 5084 peccaturis
1490 5020 1557 5067 non
1571 5004 1653 5076 vult,
1671 5003 1751 5082 quia

86 5129 109 5173 c
133 5124 351 5188 quascumque
377 5109 545 5183 amabilia,
564 5126 779 5189 quecumque
801 5110 896 5172 honae
951 5114 1039 5172 Deus
1065 5109 1204 5170 mortem
1219 5122 1285 5168 non
1309 5104 1397 5167 iecit.
1419 5104 1497 5166 ldeo
1512 5119 1592 5164 vero
1611 5104 1751 5164 mortem

87 5229 109 5270 ‹
133 5209 243 5280 lamae,
261 5206 333 5269 haec
348 5208 490 5284 cogitate
506 5225 579 5286 quae
592 5208 768 5281 didicistis,
787 5210 820 5271 et
834 5224 898 5270 au·
953 5224 1018 5269 non
1032 5206 1120 5278 tecit,
1137 5203 1315 5282 quiaquod
1330 5202 1528 5274 factumest,
1546 5201 1581 5262 iu
1598 5200 1670 5277 ipso
1682 5198 1752 5260 vita

86 5328 108 5371 s
133 5307 231 5369 «listis
250 5307 285 5368 et
309 5306 498 5383 accepistis,
528 5307 561 5369 et
586 5306 717 5368 vidistis
738 5307 775 5368 in
801 5321 897 5369 me.»
953 5306 1036 5369 erat.
1062 5302 1290 5380 Etideoquod
1305 5300 1428 5364 tactum
1452 5301 1512 5371 est,
1534 5298 1569 5360 in
1594 5298 1668 5375 ipso
1683 5296 1753 5359 vita

89 5404 236 5485 (Philip.
252 5420 297 5476 iv,
309 5402 356 5485 8.)
368 5405 504 5482 thuod
515 5421 575 5482 per
585 5404 685 5466 liures
697 5404 775 5467 boni
790 5422 898 5467 mores
955 5405 1038 5475 erat,
1056 5403 1134 5481 quia
1147 5402 1218 5477 ipse
1231 5404 1281 5463 est
1295 5400 1361 5471 uia,
1376 5398 1513 5468 ueritas,
1531 5398 1563 5458 et
1577 5396 1658 5457 vita.
1676 5394 1752 5455 ldeo

88 5503 318 5581 accipiantur,
326 5503 468 5565 testatur
477 5519 599 5581 sponsa
610 5504 646 5565 in
654 5504 798 5565 canticis
812 5506 900 5566 Can·
956 5518 1086 5580 quoque
1101 5503 1188 5561 Deus
1212 5499 1351 5561 mortem
1378 5495 1563 5573 peccatoris
1585 5510 1651 5555 uon
1671 5492 1752 5563 vult,

89 5600 251 5673 ticornm,
267 5598 480 5664 ubidicitur:
496 5603 863 5675 Fulcitemettcrihns.
958 5600 1034 5680 quia
1063 5615 1153 5661 murs
1181 5599 1390 5676 peccatorum
1416 5594 1561 5672 pessima
1589 5591 1649 5653 est.
1678 5588 1754 5649 ldeo
