3802 6166
126 229 186 293 aar
364 184 367 193 ¹
586 234 763 297 nouoan
784 235 830 295 ιιι
844 232 993 295 ornas.
1009 262 1050 280 -
1070 232 1304 297 senuouas.
1714 234 1777 296 asa

115 389 328 477 ‚Laurentius
342 390 409 453 altr
428 391 586 455 l'tsttoott
596 407 654 455 me
664 396 782 457 ortem
795 407 842 455 eac
854 392 923 455 cito
975 392 1063 455 tiens
1071 393 1274 470 perdurarit,
1282 392 1776 471 utinterIpsatcrmentachris·

127 484 222 567 (Luc.
239 503 262 559 1,
278 487 344 569 78).
976 492 1045 552 tum
1058 493 1232 553 Dominum
1247 508 1313 553 non
1335 493 1487 569 negaret3
1509 491 1566 551 sed
1582 492 1690 568 ipsum
1710 507 1773 568 po-

167 586 315 659 Quatuor
342 586 448 648 modis
473 587 621 650 visitavit
651 588 762 651 oriens
787 605 831 650 ex
855 588 921 650 alto
976 588 1042 650 tius
1054 589 1088 649 in
1104 590 1266 651 auxilium
1281 590 1460 661 invocavit,
1477 590 1563 651 sicut
1576 589 1655 651 iecit
1676 592 1775 651 iere-

126 681 258 745 beatum
279 685 494 746 Laurentium
511 707 519 745 :
535 686 741 749 exhibitione
753 687 920 764 praecepti,
976 686 1070 748 mias.
1084 687 1230 759 Quicum
1243 687 1449 764 affligeretur
1463 703 1483 749 a
1497 687 1709 758 Judaeis,ait:
1725 692 1774 749 Pu

126 782 306 859 asperitate
333 780 498 859 martyrii,
527 784 674 846 nomime
700 783 864 856 miraculi,
890 786 923 847 et
974 787 1224 857 scts,Domine,·
1239 789 1426 847 recordere
1443 789 1523 856 mci,
1543 786 1649 846 visito
1669 801 1724 846 ricc
1738 787 1774 846 ct

127 878 347 956 inspiratione
374 878 499 953 subtili,
527 897 600 958 quae
628 881 696 944 alio
723 882 797 944 loco
825 882 922 959 plene
975 880 1771 960 cretatae«abbisquipcrscorcrcrtturmcoerem.

125 976 351 1055 exposuimus.
378 978 433 1040 Sic
458 980 618 1041 Dominus
640 979 788 1058 quotidie
808 980 923 1042 visitet
976 995 1031 1049 xv,
1044 978 1107 1058 15).
1120 979 1214 1041 Unde
1226 979 1341 1041 beatus
1356 980 1567 1052 Laurentius,
1584 995 1659 1041 cum
1673 996 1771 1042 com-

124 1074 240 1137 lideles
253 1092 342 1147 suos,
355 1077 392 1137 ut
402 1076 608 1153 postmodum
622 1077 738 1155 probet
747 1092 815 1139 eos.
828 1078 922 1140 Unde
975 1074 1166 1148 burebatur,
1192 1076 1277 1139 dixit
1291 1098 1299 1137 ι
1313 1081 1398 1154 Ipne
1420 1092 1476 1138 rue
1493 1079 1717 1150 exuoriuusti,
1738 1079 1772 1140 ct

124 1174 272 1249 legitur:
299 1175 449 1236 Visitans
466 1179 622 1238 domines
640 1178 784 1238 diceudo
807 1177 841 1237 et
856 1191 921 1239 su-
976 1174 1111 1235 recteest
1137 1175 1277 1236 incertia
1305 1189 1360 1235 rite
1384 1178 1421 1235 in
1436 1190 1491 1236 mc
1512 1177 1678 1248 interritus
1699 1175 1769 1255 (Ps.

123 1274 192 1335 bito
212 1275 363 1347 arrodens
385 1288 444 1335 cos
463 1271 538 1353 (Job
557 1289 617 1346 vn,
639 1272 702 1354 18).
727 1274 840 1336 Primo
859 1274 923 1335 bo-
977 1272 1025 1341 lo,
1036 1270 1083 1342 3).

123 1370 231 1431 mines
245 1370 361 1433 visitat
374 1386 435 1448 per
448 1371 560 1432 carnis
575 1372 848 1449 assumptionem,
864 1387 921 1433 se·
1015 1368 1228 1446 Quadruplex
1242 1371 1293 1431 est
1306 1370 1434 1447 species
1449 1370 1547 1447 ignis,
1562 1386 1627 1447 quo
1640 1370 1772 1431 exami-

123 1468 232 1529 cundo
268 1484 328 1545 per
358 1467 451 1530 vocis
484 1468 639 1531 humanae
667 1470 919 1542 correctionem,
975 1470 1097 1528 nentur
1117 1467 1238 1529 animae
1257 1467 1449 1539 electorum,
1472 1466 1647 1540 videlicet,
1671 1485 1771 1545 poena

122 1566 220 1628 tertio
254 1582 315 1643 per
355 1565 473 1641 gratiae
507 1566 731 1629 collationem.
768 1567 920 1628 Diluculo
973 1564 1177 1641 temporalis,
1190 1565 1332 1641 Spiritus
1341 1567 1588 1641 Sanctusignis
1600 1570 1675 1643 post
1685 1582 1772 1626 mor·

123 1680 253 1742 quoque
268 1663 427 1725 Dominus
438 1663 562 1736 visitat,
579 1680 653 1725 cum
674 1665 800 1727 erroris
815 1665 921 1727 nostri
974 1663 1040 1723 tem
1056 1662 1091 1723 in
1106 1663 1311 1739 purgatorio,
1320 1663 1353 1724 et
1368 1663 1454 1739 ignis
1470 1664 1504 1723 in
1516 1663 1655 1740 judicio.
1667 1667 1771 1727 Poena

122 1760 278 1825 tenebras
289 1778 359 1823 suae
373 1761 448 1823 luce
460 1762 661 1839 cognitionis
676 1763 834 1826 illustrat.
851 1766 921 1824 Hoc
973 1759 1147 1836 temporali
1163 1760 1397 1821 examinantur
1411 1761 1542 1832 animae,
1555 1761 1633 1838 quia
1644 1761 1773 1838 patien-

122 1860 220 1921 modo
247 1859 397 1921 visitavit
428 1859 547 1921 Daniel
575 1862 762 1923 Suzennam
797 1861 920 1939 inJuste
974 1858 1020 1919 tia
1033 1857 1228 1918 tentationis
1239 1858 1279 1919 et·
1287 1858 1528 1934 persecutionis
1541 1860 1637 1935 perat
1650 1860 1699 1919 eis
1712 1876 1773 1921 co-

122 1957 325 2029 damnatam‚
341 1957 475 2034 curando
494 1974 513 2019 a
533 1958 650 2020 mortis
673 1958 822 2035 periculo
846 1974 920 2020 eam
974 1970 1090 2016 ronam
1112 1954 1200 2016 titae.
1216 1957 1263 2016 De
1276 1956 1457 2017 tentatione
1470 1957 1518 2017 ait
1531 1955 1648 2018 beatus
1669 1959 1773 2019 Jaco-

122 2054 289 2127 liberasit
298 2058 395 2132 juxta
410 2056 586 2117 consilium
600 2056 774 2133 sapientiae
788 2056 824 2117 in
838 2060 922 2119 Pro-
974 2051 1035 2113 bus
1050 2074 1058 2111 :
1085 2053 1216 2114 Beatus
1238 2056 1296 2113 otr
1320 2058 1379 2127 qut
1403 2055 1527 2129 srrffert
1542 2056 1770 2116 tentationem

121 2152 269 2215 serblis:
290 2156 399 2228 Eripe
417 2169 498 2215 eura
518 2157 577 2227 put
599 2156 740 2216 deicitur
759 2158 805 2215 od
825 2169 922 2215 moa
973 2154 1146 2224 prioratum,
1179 2166 1259 2212 οιιιιι
1286 2153 1452 2226 probatus
1480 2154 1599 2225 licerit,
1627 2154 1772 2227 accipiet

121 2252 201 2322 tom,
218 2252 252 2311 et
265 2254 325 2325 ιιιιὶ
346 2252 536 2312 truduntur
552 2254 597 2311 ad
610 2255 816 2326 supplicium
832 2255 918 2313 tibe—
972 2263 1137 2309 coronam
1154 2250 1246 2320 aitte,
1262 2264 1363 2322 orcum
1388 2250 1589 2325 repromisit
1604 2253 1698 2311 Deus
1711 2254 1772 2311 dt-

120 2364 205 2411 rore
219 2362 287 2409 ιιοιι
301 2362 414 2409 cesses
426 2348 540 2427 (Prov.
561 2364 653 2421 xxiv,
677 2346 741 2425 11).
767 2348 919 2411 Diluculo
973 2348 1155 2421 tipentibus
1173 2361 1212 2408 sc
1232 2344 1316 2424 (Jec.
1338 2362 1362 2419 1,
1388 2345 1451 2424 12).
1476 2350 1522 2408 De
1537 2348 1772 2423 persecutione

120 2446 236 2508 visitat
255 2447 288 2506 et
300 2445 409 2507 subito
430 2445 558 2522 probat,
576 2447 655 2524 quie
676 2448 710 2508 et
732 2446 919 2509 accedendo
974 2443 1094 2519 legitur
1106 2444 1140 2504 in
1154 2444 1334 2518 Evangelio
1348 2466 1356 2504 :
1368 2446 1468 2504 Beati
1483 2448 1544 2518 qrci
1553 2448 1773 2517 persecutio-

121 2544 222 2605 corda
238 2544 353 2605 nostra
372 2543 414 2605 ad
428 2542 569 2605 virtutes
590 2543 755 2620 provebit,
776 2545 810 2606 et
825 2559 921 2606 rece-
974 2556 1053 2602 item
1065 2541 1249 2616 potiundo·
1257 2541 1594 2616 propterjustitium,
1606 2546 1772 2615 ᾳιιοιιίαιιι

121 2640 230 2703 dendo
244 2640 402 2703 contundi
415 2641 596 2703 tentatione
614 2640 793 2717 permittit;
807 2642 841 2703 et
856 2640 919 2702 boc
975 2642 1130 2713 ipsomon
1155 2639 1208 2699 est
1232 2653 1379 2713 reputem
1398 2644 1565 2700 ciclorum
1586 2640 1717 2717 (Metili.
1733 2657 1769 2713 r,

120 2741 176 2800 est
189 2737 329 2799 mutatio
343 2737 491 2799 dexterae
505 2736 651 2799 Excelsi.
974 2733 1038 2813 10).
1065 2735 1190 2811 Spiritu
1216 2736 1338 2797 Sancto
1359 2737 1609 2808 exanimantur,
1637 2737 1772 2813 qnando

162 2835 331 2897 Laudibus
350 2835 494 2912 propriis
511 2834 644 2912 probat,
664 2834 795 2913 qnando
806 2836 918 2912 justus
975 2848 1033 2908 per
1047 2832 1302 2893 illustrationem
1315 2836 1388 2910 eJus
1400 2834 1522 2895 animae
1532 2834 1702 2911 accipiunt
1714 2851 1773 2896 no·

122 2933 289 3005 landatur,
299 2935 333 2996 et
343 2934 373 2993 si
384 2949 463 2994 vere
472 2934 583 3010 justus
595 2934 656 3004 est,
671 2932 810 2994 doletde
821 2932 919 2994 laude
972 2947 1047 2991 sam
1062 2930 1258 2991 claritatem.
1275 2931 1368 2991 L'nde
1395 2933 1556 2992 Dominus
1568 2932 1602 2992 in
1618 2935 1773 3008 Evange-

122 3048 196 3091 sua.
221 3030 314 3092 Unde
332 3030 513 3106 Gregorius
534 3029 568 3090 in
588 3029 771 3090 Moralibus
784 3047 817 3090 :a
830 3033 919 3091 Laus
973 3027 1019 3089 lio
1039 3050 1046 3088 :
1065 3031 1188 3102 lpncm
1203 3031 1283 3090 certi
1297 3030 1437 3090 ›ritterc
1451 3033 1487 3090 ter
1508 3030 1655 3101 terrum,
1671 3030 1769 3103 idest,

123 3144 184 3190 sna
208 3130 318 3207 justos
347 3129 537 3198 excruciat,
568 3126 727 3205 reprobos
757 3126 917 3200 laetillcat,
973 3126 1133 3203 Spiritum
1146 3127 1314 3197 Sanctum,
1328 3128 1362 3188 ct
1376 3130 1457 3201 quid
1472 3133 1555 3199 roto,
1574 3131 1643 3189 trist
1657 3130 1694 3189 ut
1706 3144 1772 3189 ar·

122 3226 181 3289 sad
199 3229 308 3305 justos
338 3226 415 3287 dum
443 3226 591 3294 cruciat,
618 3227 752 3302 purgat,
786 3226 919 3304 iniquos
972 3224 1052 3284 elcut
1067 3220 1160 3300 (Luc.
1176 3238 1237 3294 nu,
1253 3222 1319 3300 19).
1336 3225 1415 3299 igne
1430 3224 1623 3299 purgatorio
1637 3225 1772 3285 exami-

123 3324 202 3385 dum
230 3324 388 3395 retincat,
410 3322 568 3401 reprobos
596 3322 852 3385 demonstrat»
880 3325 920 3385 Et
974 3322 1107 3389 nentur,
1123 3320 1256 3398 quando
1278 3323 1352 3397 post
1377 3322 1559 3383 mortema
1588 3321 1772 3383 levioribus

123 3422 280 3483 Salomon
309 3421 343 3482 in
373 3420 593 3483 Proverbiis:
624 3421 720 3483 Sicut
750 3421 920 3497 probatur
973 3419 1118 3497 peccatis
1128 3418 1164 3479 in
1176 3418 1235 3480 illo
1244 3420 1429 3495 purgantur
1442 3419 1563 3480 animae
1573 3419 1769 3483 electorum.

122 3524 158 3582 bt
170 3521 372 3593 solidator-io
383 3520 580 3595 arpentum,
597 3519 631 3581 ct
645 3522 683 3580 tet
694 3519 836 3593 sortiare
849 3536 919 3581 ιιιι-
976 3516 1068 3579 L'nde
1081 3516 1258 3593 Apostolus
1275 3520 1335 3578 :St
1346 3520 1540 3591 crotcsopus
1553 3518 1696 3589 urserit,
1711 3518 1770 3578 id-

120 3633 225 3689 rum,
251 3620 303 3679 sic
333 3617 505 3690 probatur·
528 3619 628 3678 bomo
659 3629 720 3676 ore
746 3615 920 3676 tormentis
973 3618 1034 3685 est,
1049 3614 1167 3691 siquis
1191 3614 1309 3676 iecerit
1331 3614 1466 3691 aliquod
1490 3614 1562 3675 leve
1582 3618 1767 3692 peccatum,

122 3714 237 3793 (Pius.
267 3727 374 3783 xxrrr,
399 3711 465 3789 21).
491 3713 614 3773 Beatus
636 3712 749 3788 itaque
770 3713 921 3773 Lauren·
974 3712 1061 3773 unde
1076 3714 1303 3787 postmortem
1323 3715 1492 3788 purgetur,
1522 3713 1772 3777 detrimentum

122 3810 201 3877 tius,
217 3804 313 3887 cujirs
327 3809 427 3870 bodie
447 3808 609 3869 solemnia
623 3807 841 3880 celebramus,
866 3808 919 3868 bis
969 3809 1225 3883 petitiuncula
1238 3810 1532 3886 purpatorioipuc
1541 3813 1770 3888 pur-paciaco

123 3909 230 3969 tribus
256 3906 363 3967 modis
399 3904 557 3983 probatus
588 3908 650 3967 est.
676 3905 839 3967 Probatus
867 3908 920 3966 est
975 3910 1047 3981 ipsc
1070 3908 1189 3967 aretem
1202 3912 1320 3967 saturis
1347 3908 1427 3976 crit,
1453 3912 1504 3968 sic
1531 3908 1646 3969 tunica
1670 3912 1772 3983 arcem·

122 4007 213 4067 enim
227 4004 411 4073 benellciis,
437 4003 580 4079 flagellis
603 4003 637 4064 et
657 4000 811 4063 laudibus
836 4018 919 4081 pro-
969 4007 1163 4079 peripsum
1176 4004 1206 4081 (1
1231 4006 1305 4063 Cor.
1320 4020 1370 4073 ιιι,
1394 4003 1458 4081 15).
1484 4006 1564 4080 Igne
1586 4006 1620 4065 in
1640 4006 1770 4083 judicio

123 4103 218 4181 priis.
242 4100 429 4172 Beneliciis,
445 4100 523 4178 quia
537 4115 613 4161 cum
627 4102 816 4177 assumptus
830 4103 920 4161 esset
973 4101 1219 4171 examinantur,
1234 4101 1311 4178 quia
1325 4102 1360 4162 in
1381 4102 1526 4163 adventu
1540 4105 1558 4166 J
1562 4104 1668 4165 udicis
1680 4104 1770 4181 ignis

123 4202 158 4262 in
172 4199 465 4262 archidiaconatus
479 4198 602 4269 cilicio,
618 4200 652 4260 et
672 4197 830 4260 Ecclesiae
845 4198 921 4260 tire-
972 4198 1144 4259 comburet
1156 4198 1331 4269 elabrente,
1355 4199 1390 4259 in
1408 4215 1473 4277 quo
1494 4200 1582 4276 igne,
1599 4202 1719 4263 timore
1734 4205 1769 4266 et

122 4314 241 4361 sauros
255 4296 403 4367 baberet,
421 4312 487 4359 non
511 4296 608 4374 quasi
622 4296 762 4373 cupidus
776 4297 829 4358 sel
843 4312 919 4357 em·
972 4296 1092 4357 ardore
1102 4296 1331 4373 purgabuntur
1347 4296 1457 4359 electi.
1474 4300 1521 4358 De
1535 4315 1600 4376 quo
1622 4300 1699 4375 igne
1712 4300 1769 4361 di-

122 4396 264 4459 bitiosus
277 4395 414 4457 honoris
428 4394 567 4457 retinuit
586 4394 662 4467 sibi,
676 4394 734 4456 sed
748 4394 917 4471 dispersit,
973 4396 1018 4458 cit
1033 4394 1209 4456 l’salmista
1231 4416 1240 4455 ε
1254 4398 1352 4473 Iprris
1364 4400 1399 4457 ιἰι
1418 4398 1600 4471 corispcctu
1614 4402 1691 4469 cp‘tts
1701 4414 1769 4460 αι·-

122 4495 213 4557 dedit
235 4492 448 4572 pauperibus.
473 4492 561 4553 Nam
584 4492 778 4569 dispergere
796 4491 920 4554 dicitur
972 4494 1062 4555 clcbit
1077 4490 1147 4571 (Ps.
1159 4493 1210 4563 19,
1225 4490 1272 4571 3).

123 4595 159 4655 in
173 4592 324 4653 diuersas
339 4592 452 4669 partes
466 4590 537 4651 suis
552 4590 694 4651 dirersis
704 4589 811 4651 modis
823 4606 920 4667 spar-
1013 4592 1133 4653 Beatus
1145 4590 1248 4666 igitur
1261 4591 1461 4652 Laurentius
1486 4594 1698 4655 examinatus
1717 4598 1769 4659 est

122 4706 213 4767 gere,
230 4688 362 4769 quando
374 4687 541 4759 videlicet,
557 4686 700 4749 dirersis
718 4686 919 4765 pauperibus
973 4688 1050 4765 igne
1065 4688 1305 4765 persecutionis
1319 4690 1351 4749 et
1366 4688 1445 4765 igne
1459 4688 1672 4753 dilectionis:
1691 4692 1769 4769 igne

123 4786 580 4864 distribuitur.Etideojuxte
592 4784 804 4848 Psalmistam
818 4788 921 4847 :Jtts·
973 4786 1213 4863 persecutionis
1235 4786 1270 4847 in
1291 4802 1441 4863 stupore,
1464 4791 1497 4848 et
1519 4787 1597 4865 igne
1611 4789 1769 4852 dilectio-

123 4888 202 4947 titia
224 4885 438 4957 apereruerit
460 4888 498 4946 tn
519 4888 684 4946 scrctdton
705 4886 824 4946 soecult
846 4884 916 4961 (Ps.
973 4884 1026 4945 nis
1053 4884 1085 4944 iu
1109 4883 1219 4945 conte.
1242 4884 1387 4945 ,iniebat
1409 4886 1499 4945 enim
1525 4886 1666 4948 interius
1680 4888 1769 4965 ignis

124 4984 194 5052 110,
216 4984 263 5059 3).
286 4979 449 5041 Probatus
470 4983 521 5042 est
540 4980 641 5041 etiam
667 4978 820 5057 flagellis,
841 4981 918 5058 quie
972 4980 1107 5049 anroris,
1122 4980 1179 5059 qui
1190 4980 1407 5057 refrigerabat
1421 4984 1571 5044 exterius
1585 4984 1697 5060 ignem
1709 5001 1769 5047 ar-

123 5080 187 5140 iuit
200 5078 352 5139 reclusus
363 5078 398 5138 in
408 5092 554 5147 carcere,
562 5077 792 5155 scorpionibus
799 5092 917 5145 caesus,
972 5078 1074 5139 doris.
1092 5080 1181 5153 {puls
1196 5078 1337 5140 interior
1357 5079 1530 5155 mitigabat
1553 5083 1767 5145 exteriorem.

122 5176 251 5241 catenis
265 5176 407 5246 rinctus,
419 5172 563 5235 rmdbus
574 5174 773 5250 flagellatus,
785 5174 919 5236 laminis
974 5178 1062 5253 lpnis
1077 5192 1157 5238 seru
1176 5176 1260 5238 solet
1274 5176 1316 5237 ab
1339 5177 1416 5251 igne
1431 5178 1589 5254 mitigeri,
1607 5180 1694 5242 sicut
1706 5197 1769 5257 pa·

122 5274 238 5353 ignitis
247 5272 396 5343 adustus,
408 5269 588 5350 plumbatis
595 5276 794 5341 maceratus,
811 5272 847 5333 in
861 5287 919 5333 cu·
973 5277 1020 5336 tet
1040 5290 1099 5351 per
1113 5273 1207 5335 illum
1221 5274 1278 5353 qui
1297 5274 1387 5336 coxit
1401 5291 1535 5336 manum
1549 5276 1583 5336 ln
1605 5277 1694 5353 igne,
1711 5278 1769 5354 qui

122 5374 211 5437 teste
230 5374 415 5448 protensus,
437 5368 604 5446 lapidibus
621 5372 792 5439 contusus,
816 5369 919 5432 turcis
972 5372 1013 5433 ad
1039 5372 1278 5447 mitigationem
1308 5372 1428 5434 iterum
1449 5373 1541 5450 ponit
1569 5390 1704 5435 manum
1726 5375 1768 5437 ad

122 5484 345 5548 compressus,
358 5472 393 5530 et
406 5466 541 5529 tandem
562 5466 706 5528 flammis
719 5472 862 5530 assatus.
882 5471 918 5529 ln
973 5469 1094 5545 ignem.
1108 5470 1197 5545 ignis
1211 5470 1351 5531 interior
1364 5470 1538 5547 rnuipabet
1552 5472 1766 5546 exteriorem,

123 5569 244 5649 quibus
257 5565 410 5629 omnibus
423 5568 492 5628 tam
510 5564 607 5627 tortis
627 5564 749 5641 extitit,
773 5568 839 5629 tam
858 5580 920 5644 pu·
972 5566 1029 5627 sed
1055 5565 1142 5641 ignis
1167 5566 1315 5629 exterior
1339 5566 1540 5630 accendebat
1563 5568 1766 5641 interiorem,
