3802 6166
123 307 186 366 493
290 301 294 307 ’

123 462 256 525 6661616
271 465 366 526 sexto
378 462 540 525 kalendas
559 461 765 541 septembris,
782 461 920 540 6661111-

123 564 220 625 661116
232 562 338 627 nostri
350 576 438 623 anno
452 562 607 624 seeundo.

478 794 570 883 XIX

277 976 330 1035 Aet
343 974 486 1035 electum
501 974 776 1034 Luttduueusem.

418 1115 450 1172 17
465 1128 532 1186 eug.
550 1113 629 1170 lili.

333 1246 443 1311 [liegest.
457 1246 504 1296 lib.
520 1246 552 1305 ll,
563 1244 637 1309 epist.
647 1243 716 1308 6116]

126 1373 304 1433 fucultatem
325 1371 483 1445 impertitur
502 1369 640 1445 quosdam
667 1366 833 1426 absolvendi
851 1382 924 1441 quos

276 1456 354 1516 6666.
371 1458 484 1530 legatus
501 1455 770 1513 excommunicavit.

166 1602 346 1675 Honorius,
365 1605 441 1675 etc.,
467 1601 587 1663 dilecto
608 1600 677 1662 11116
699 1599 804 1662 616616
830 1601 922 1660 Lau-

126 1703 250 1764 dunen.

166 1803 215 1861 Ex
230 1799 325 1876 parte
338 1799 395 1860 tua
412 1796 473 1860 suit
494 1796 590 1859 nobis
610 1796 781 1857 humiliter
801 1793 924 1871 suppli·

126 1900 248 1968 catum,
261 1897 297 1957 ut
306 1912 381 1957 eum
397 1895 491 1957 multi
504 1895 618 1957 cleriei
633 1895 666 1956 et
677 1893 755 1955 laici
766 1894 830 1954 tuae
844 1892 923 1953 diue·

124 1996 222 2065 cesis,
253 1993 449 2055 auctoritate
480 1992 594 2054 dilecti
628 1992 690 2052 iiiii
722 1991 828 2052 nostri
855 1992 923 2051 Ro·

123 2093 210 2154 berti
227 2092 314 2153 tituli
330 2091 436 2153 sancti
455 2090 615 2168 Stephani
632 2091 668 2152 in
689 2089 791 2151 Coelio
811 2089 921 2150 monte

122 2190 311 2268 presbyteri
327 2189 519 2260 cardinalis,
533 2189 612 2251 tuno
631 2188 666 2249 in
682 2186 832 2265 partibus
853 2186 922 2246 illis

122 2287 302 2364 legationis
328 2286 474 2349 oisseium
503 2285 702 2353 exercentis,
729 2300 924 2346 excommu-

122 2384 303 2447 nicationis
324 2384 457 2447 uinculo
470 2382 620 2446 innodati
635 2383 708 2444 sine
724 2383 922 2445 auctoritate

121 2483 324 2560 1166616Ιί666
351 2481 447 2543 Sedis
476 2480 695 2543 absolutionis
722 2479 921 2542 beneficium

122 2581 292 2658 nequeant
309 2579 468 2653 obtinere,
487 2594 587 2657 super
607 2579 671 2640 hoo
688 2578 822 2640 illorum
839 2594 922 2655 pro·

122 2679 240 2741 1116666
250 2678 352 2740 661611
364 2678 504 2755 6616666
524 2677 748 2740 6611161166166
761 2676 920 2753 dignare-

122 2792 209 2839 mur.
217 2778 377 2837 (terentes
392 2776 494 2851 igitur
505 2775 545 2837 de
559 2776 616 2837 tua
627 2774 827 2837 discretione
835 2774 923 2835 11611-

125 2874 211 2935 61661
222 2873 412 2951 specialem,
427 2874 640 2950 praesentium
652 2872 921 2936 116166616611616

124 2972 331 3044 mandamus,
345 2973 509 3048 quatenus
525 2971 705 3032 sufficienti
715 2970 756 3032 ab
772 2971 823 3032 eis
839 2988 921 3032 666-

120 3069 456 3146 11666666661611116
475 3070 672 3131 auctoritate
688 3070 801 3131 nostra
819 3069 923 3130 bene-

120 3167 653 3244 116161666661611611161111666666,
664 3167 860 3244 etinjungas
873 3167 922 3228 eis

120 3260 920 3342 quoddejurelueritinJungendum,iacieusillis,

120 3359 747 3438 666661116661666666166111666161,
769 3360 923 3421 66116166-

119 3458 246 3520 tionem
259 3456 439 3535 congruam
461 3458 624 3519 exbiberi.
653 3459 771 3519 Datum
792 3459 921 3519 Feren-

119 3556 184 3617 tini
195 3556 322 3618 deeimo
331 3556 491 3618 kalendas
503 3555 697 3634 septembris
712 3554 922 3633 pontificatus

120 3655 227 3720 nostri
238 3669 325 3717 anno
341 3654 497 3716 secundo.

484 3885 555 3971 XX

119 4068 174 4129 Ad
187 4063 387 4126 abbatemet
400 4066 557 4139 priorem
577 4064 696 4125 Sancti
718 4065 865 4124 Jenunis
883 4066 921 4125 tn

196 4166 310 4224 Viueis
324 4162 357 4224 et
372 4165 540 4223 6666111611
553 4164 844 4223 suessionensem.

416 4308 451 4367 26
465 4324 533 4383 aug.
551 4308 629 4367 1217.

331 4443 441 4509 [liegest.
454 4442 499 4495 lib.
510 4444 542 4500 ll,
554 4441 627 4506 epist.
643 4441 711 4509 bib]

120 4574 179 4630 Eos
203 4577 302 4628 616661
321 4568 356 4627 66
384 4568 524 4626 1166611616
549 4566 722 4641 prebendati
745 4566 919 4626 6661616666

387 4656 501 4715 6616661
520 4656 652 4715 6166666.

161 4805 340 4876 Honorius,
368 4803 444 4876 616,
470 4802 600 4864 dilectis
626 4801 705 4862 tiliis
734 4802 861 4875 abbati,
887 4802 921 4865 et

120 4902 227 4981 priori
238 4901 344 4963 saneti
357 4898 521 4963 Johannis
535 4901 571 4961 in
587 4900 701 4963 Vineis
714 4901 783 4962 ot...
793 4900 919 4963 decano

122 4999 369 5063 Suessionensi.

162 5100 211 5169 Si,
239 5097 279 5158 de
314 5095 505 5174 provisione
532 5096 731 5157 elericorum
770 5096 916 5170 solliciti,

120 5196 269 5275 praelatis
291 5195 507 5257 eeclesiarum
537 5211 636 5270 super
658 5194 720 5255 1166
744 5195 919 5271 dirigimus

120 5295 246 5372 scripta
266 5294 390 5365 nostra,
419 5308 484 5353 non
511 5292 667 5353 debemus
694 5308 751 5353 eos
766 5292 918 5372 6111161166

119 5391 285 5463 invenire,
302 5407 402 5467 quum
414 5406 481 5451 non
501 5391 607 5451 solum
624 5391 770 5467 ipsorum
787 5392 916 5464 merita,

121 5490 179 5553 sed
196 5492 229 5551 et
242 5489 359 5566 pietas,
372 5504 446 5566 quae
461 5488 715 5564 promissionem
730 5487 917 5551 6666161166

121 5606 195 5673 quae
214 5590 407 5649 111111666161
433 5586 563 5659 sutura,
586 5587 625 5648 ad
648 5586 709 5649 1166
731 5602 792 5648 666
814 5588 916 5649 16116·

746 301 975 363 66166616.
999 300 1078 362 ma.
1103 264 1143 361 11'.

1651 256 1654 263 ⁵
1714 298 1779 359 166

977 460 1158 523 6661Η166
1173 459 1223 520 661
1243 456 1328 536 quod
1345 471 1403 535 pro
1419 454 1537 519 dilecto
1554 454 1622 517 lilio
1645 458 1679 517 C.
1696 456 1779 517 616--

977 575 1060 621 6666
1075 559 1181 620 161666
1194 556 1417 634 praesentium,
1429 555 1482 616 cui
1496 571 1513 615 6
1531 554 1680 632 pluribus
1696 555 1774 616 lau-

977 656 1086 718 dabile
1118 655 1344 718 testimenium
1379 652 1586 731 perhibetur,
1617 653 1775 714 dilectum

978 755 1083 815 tilium
1106 754 1299 815 laudunen.
1323 753 1464 813 electum
1482 750 1664 828 rogandum
1681 750 1777 811 duxi·

978 869 1061 923 mus,
1088 851 1299 921 mouendum,
1324 853 1357 913 et
1383 849 1625 911 exhortandum
1651 849 1775 911 6116616

978 966 1037 1027 666
1050 950 1239 1027 6666161166
1255 948 1316 1011 sibi
1333 949 1456 1025 scripta
1478 947 1683 1019 mandantes,
1699 962 1777 1025 qua·
1892 984 1895 989 -

977 1048 1074 1109 tenus
1089 1047 1130 1108 ob
1153 1046 1374 1108 reuerentiam
1399 1046 1494 1106 Sedis
1517 1045 1716 1121 apostolieae
1743 1045 1777 1107 et

978 1148 1125 1207 nostram
1160 1146 1196 1206 in
1227 1144 1369 1206 ecelesia
1405 1143 1511 1205 6611611
1546 1143 1709 1206 Johannis
1739 1142 1776 1203 in

977 1242 1082 1319 burgo
1118 1242 1311 1305 laudunen.
1348 1242 1521 1320 provideat
1547 1241 1583 1303 16
1613 1238 1776 1303 beneficio

978 1341 1191 1418 praebendali,
1213 1356 1329 1418 preces
1348 1342 1382 1403 et
1403 1341 1594 1402 mandatum
1620 1341 1772 1402 nostrum

977 1438 1090 1501 taliter
1104 1439 1311 1516 impleturus,
1333 1437 1418 1515 quod
1444 1436 1596 1514 largitori
1612 1434 1776 1499 bonorum

977 1537 1202 1614 omniumqui
1214 1536 1277 1597 sibi
1292 1535 1354 1598 luit
1369 1536 1403 1597 in
1419 1535 1600 1613 majoribus
1610 1534 1773 1609 liberalis,

977 1633 1089 1697 ualeat
1102 1650 1176 1696 esse
1188 1639 1313 1711 gratus,
1329 1636 1362 1696 et
1372 1650 1433 1695 nos
1446 1634 1656 1695 devotionem
1668 1632 1775 1710 ipsius

977 1733 1144 1811 possimus
1159 1749 1202 1794 ex
1217 1732 1279 1793 1166
1294 1732 1411 1793 1666116
1433 1731 1674 1793 commendare.
1691 1734 1775 1803 Quo·
1798 1746 1801 1753 ’

978 1830 1068 1893 61666
1104 1830 1297 1892 61666611661
1336 1832 1456 1892 vestrae
1492 1846 1551 1908 per
1585 1829 1775 1907 apostolica

978 1929 1101 2007 scripta
1116 1928 1311 1989 mandamus
1320 1930 1482 2005 gulatenus
1498 1927 1621 1990 dietum
1633 1928 1775 1989 616616111
1812 1928 1821 1945 ’

977 2026 1097 2089 adhoc
1117 2042 1251 2088 1666666
1266 2026 1459 2101 diligentius
1474 2026 1506 2087 et
1528 2024 1697 2088 6111666166
1720 2026 1776 2087 in·

977 2124 1098 2187 ducere
1112 2126 1306 2202 procuretis.
1324 2124 1457 2198 Quodsi
1473 2141 1539 2186 non
1555 2141 1680 2197 omnes,
1696 2126 1772 2197 eto,

978 2222 1043 2283 duo
1061 2224 1219 2294 uestrum,
1236 2225 1298 2285 etc.
1321 2224 1441 2285 Datum
1466 2222 1649 2295 Ferentini,
1679 2225 1794 2284 sexto'

978 2320 1138 2383 kalendas
1161 2321 1356 2399 septembris
1374 2337 1462 2384 anno
1477 2321 1633 2385 seeundo.

1332 2572 1423 2660 XXI

1114 2726 1167 2786 Ad
1181 2727 1377 2800 episcopam
1391 2724 1640 2786 parisiensem.

1243 2864 1279 2921 26
1295 2870 1409 2939 august.
1428 2864 1507 2923 1117.

1178 2996 1299 3061 [1166666
1322 2996 1366 3047 lib.
1378 2996 1409 3055 11,
1420 2996 1494 3061 epist.
1505 2996 1573 3058 eiu]

977 3120 1093 3181 Mandat
1117 3122 1144 3178 ei
1171 3129 1203 3179 ut
1230 3122 1400 3179 616611666111
1429 3120 1539 3179 61166116
1567 3121 1717 3180 6661166161
1745 3120 1775 3181 16

1011 3217 1155 3268 66616616
1179 3212 1350 3280 Ferrariam,
1375 3211 1423 3283 qul
1449 3210 1484 3268 66
1514 3211 1648 3268 Sanctam
1672 3211 1775 3270 sedem

990 3308 994 3315 ·
1013 3300 1177 3357 immediato
1192 3300 1324 3372 pertinet.

1016 3435 1194 3508 Honorius
1211 3436 1287 3508 ete,
1308 3435 1492 3498 venerabili
1507 3436 1603 3498 fratri
1618 3436 1774 3514 66166666

977 3534 1140 3596 Parisien.

1016 3631 1133 3694 Dilecti
1154 3631 1251 3693 11111...
1275 3632 1378 3710 66166,
1402 3633 1435 3694 61
1449 3635 1632 3696 conventus
1652 3634 1775 3695 Ferra-

976 3730 1061 3792 rien.
1080 3730 1273 3792 monasterii
1289 3732 1453 3792 Senonen.
1470 3730 1633 3804 dioecesis,
1655 3732 1775 3793 imme-

976 3829 1064 3891 diate
1085 3828 1126 3889 ad
1149 3831 1333 3890 Romanam
1358 3829 1539 3890 Ecclesiam
1565 3830 1772 3907 pertinentis,

976 3927 1045 3988 suis
1061 3926 1156 3989 nobis
1172 3926 1291 3988 litteris
1310 3928 1517 3996 intimarunt,
1539 3928 1624 4005 quod
1640 3944 1777 3991 monas-

974 4026 1059 4087 terio
1074 4025 1147 4103 1666
1163 4027 1295 4102 pastore
1304 4030 1445 4087 vacante
1461 4026 1524 4103 1661
1539 4027 1775 4089 conuenientes

976 4123 1009 4184 16
1031 4141 1133 4185 661116
1149 4124 1306 4185 dilectum
1329 4124 1433 4185 filium
1456 4125 1774 4202 (1.1661116616666-

974 4222 1052 4284 terii
1073 4222 1318 4283 thesaurarium
1341 4223 1374 4283 in
1394 4222 1548 4286 abbatem
1568 4240 1664 4285 suum
1689 4240 1773 4285 6611-

976 4319 1121 4381 66661166
1135 4320 1315 4396 elegerant,
1333 4321 1571 4397 supplicantes
1589 4322 1624 4383 ut
1637 4337 1777 4398 parcen·

974 4420 1024 4479 tes
1042 4417 1146 4494 ipsius
1162 4418 1357 4478 monasterii
1374 4417 1542 4478 laboribus
1558 4420 1592 4479 et
1605 4419 1772 4495 expensis

975 4515 1170 4577 electionem
1192 4515 1340 4591 ipserum
1355 4514 1390 4575 in
1405 4515 1473 4576 illis
1486 4516 1676 4577 confirmari
1697 4532 1776 4593 par-

975 4613 1062 4675 tibus
1076 4612 1274 4685 laceremus,
1300 4614 1333 4675 et
1351 4614 1456 4675 electo
1475 4630 1596 4674 munus
1616 4612 1777 4677 benedie-

974 4708 1075 4770 tienis
1092 4707 1248 4784 impendi.
1266 4708 1408 4786 Ideoque
1421 4708 1622 4770 fraternitati
1637 4710 1702 4770 ture
1717 4725 1776 4785 per

973 4804 1162 4883 Apostolica
1201 4806 1326 4883 scripta
1362 4806 1572 4877 mandamus,
1611 4810 1774 4883 quatenus

975 4904 1166 4965 examinata
1191 4904 1353 4966 electione
1386 4906 1512 4981 6661166
1537 4907 1571 4966 61
1598 4905 1714 4977 616616,
1745 4907 1775 4969 61

974 5018 1047 5064 66111
1063 5003 1233 5063 inueneris
1248 5003 1289 5063 de
1311 5019 1453 5080 persona
1474 5003 1592 5064 idonea
1614 5005 1774 5067 canonice

974 5100 1190 5172 celebratam,
1218 5100 1311 5162 illam
1335 5101 1533 5163 auctoritate
1557 5103 1670 5164 nostra
1695 5120 1777 5165 con-

974 5198 1097 5269 firmes,
1128 5202 1161 5260 61
1184 5198 1356 5275 impendas
1384 5215 1505 5260 munus
1532 5199 1775 5264 benedictionis

974 5296 1089 5367 electo,
1116 5295 1242 5358 faciens
1266 5297 1372 5357 eidem
1400 5299 1620 5359 reverentiam
1639 5300 1773 5361 616116-

973 5393 1132 5454 6161111616
1150 5393 1294 5455 66611616
1319 5394 1482 5455 6111111661.
1506 5397 1625 5457 Datum
1645 5398 1773 5457 Feren-

972 5491 1034 5552 tini
1050 5490 1189 5568 septimo
1204 5492 1367 5555 kalendas
1383 5493 1580 5570 septembris
1604 5510 1694 5557 6666
1717 5510 1775 5555 66-

973 5589 1094 5651 eunde.
