3802 6166
24 164 181 265 ¹atta

124 364 249 426 nostrae
261 361 523 425 confirmationis
536 362 599 425 etc.
611 363 731 425 Datum
748 362 915 435 Laterani,

124 479 170 524 un
198 462 327 524 decimo
355 459 517 522 kalendas
541 460 669 535 Martii,
697 461 908 539 pontitlcatus

124 562 231 624 nostri
246 577 334 623 anno
348 560 465 636 primo.

416 809 624 897 cdxxxii

122 1019 174 1079 Ad
187 1016 394 1078 collecatum
408 1015 612 1077 tironostcrti
625 1017 660 1077 S·
675 1017 920 1081 Bertttolotttcct

392 1115 646 1188 mmmm

313 1362 316 1366 Α
413 1290 445 1347 lt)
463 1286 532 1347 iebr.
552 1291 631 1348 titt.

262 1394 381 1461 [Ugbelli
394 1394 470 1446 ltalia
482 1396 567 1447 Sacra.
581 1398 610 1455 T,
623 1398 642 1447 l.
660 1410 685 1461 p.
698 1394 780 1462 titt]

122 1523 253 1593 Mandat,
277 1531 308 1580 ut
334 1538 421 1594 quum
445 1522 605 1580 Gualterius
635 1523 762 1595 ipsorum
782 1523 870 1583 abbas
891 1526 920 1583 in

157 1616 337 1671 Pennenseut
352 1612 518 1684 episcopum
533 1612 570 1668 sit
584 1620 759 1685 assumptus,
769 1613 824 1671 sibi
834 1615 920 1672 talem

158 1702 314 1777 praeficiant
325 1701 354 1756 in
364 1708 518 1774 pastorem,
532 1701 579 1773 qui
592 1708 673 1757 tauto
684 1709 827 1776 congruat
840 1705 920 1761 oneri

158 1799 186 1849 ct
201 1790 312 1847 honori.

162 1936 331 1998 Honorius
345 1936 530 2013 episcopus,
542 1952 657 1997 servus
667 1952 837 1999 servorum
848 1936 919 1999 Dei.

163 2034 299 2097 Dilectis
314 2035 392 2095 tiliis
408 2034 585 2096 conventui
601 2037 797 2097 monasterii
813 2034 920 2097 sancti

122 2133 358 2195 Bartltolomaei
369 2133 410 2194 de
422 2133 609 2209 carpineta,
626 2134 767 2195 salutem
782 2134 923 2211 etApos·

123 2230 257 2293 tolicam
270 2229 704 2303 benedictionem-Quum
718 2231 919 2305 Gualterius,

122 2328 287 2406 quondam
302 2327 404 2388 abbas
419 2329 538 2399 vester,
556 2328 591 2388 in
607 2332 814 2390 l’ennensem
830 2329 922 2406 epis-

122 2442 240 2503 copum
256 2427 299 2487 sit
312 2428 510 2503 assumptae,
526 2442 569 2487 ne
584 2428 823 2488 monasterium
837 2444 917 2488 ves-

122 2524 211 2586 trum
236 2524 360 2586 diutius
385 2526 517 2585 maneat
542 2526 688 2586 Pastoris
715 2525 833 2586 solatio
849 2524 920 2585 des·

122 2622 268 2693 titutum,
286 2622 497 2683 universitati
517 2623 637 2683 uestrae
659 2638 718 2699 per
729 2622 919 2700 Apostolica

122 2720 246 2795 scripta
266 2719 477 2790 mandamus,
503 2720 666 2796 quatenus
689 2720 923 2781 convenienti-

122 2816 184 2877 bus
196 2817 230 2877 in
241 2833 353 2888 unum,
366 2817 508 2893 Spiritus
517 2818 623 2877 sancti
634 2818 742 2893 gratia
754 2818 919 2890 invocata,

125 2914 223 2975 taleni
257 2914 351 2975 uobis
394 2913 584 2990 praeficiatis
625 2931 684 2991 per
727 2915 921 2977 electionem

124 3010 319 3072 canonicam
335 3010 370 3071 in
390 3012 567 3087 pastorem,
584 3012 638 3089 qui
654 3012 746 3074 tanto
761 3015 922 3089 congruat

124 3108 526 3169 onerietnonoribatnm
538 3110 921 3181 Laterani,xlkaten‹las

123 3206 247 3280 marth,
261 3206 472 3285 pontificatus
487 3207 592 3268 nostri
607 3223 695 3269 antio
709 3208 828 3286 primo.

409 3466 639 3555 CCXXXIII

216 3690 576 3762 dearchiepiscopare
593 3688 628 3749 ct
640 3690 829 3763 capitulum

396 3789 647 3848 Bracarcnscs.

409 3930 445 3988 20
461 3928 532 3987 febr.
556 3930 635 3987 titt.

170 4043 272 4109 [blansi
281 4044 414 4096 Sacrorum
424 4044 593 4095 conciliorum
604 4058 671 4095 nora
681 4050 705 4095 et
715 4045 875 4111 amplissima

320 4123 446 4175 collectio.
462 4128 481 4172 t.
503 4124 582 4183 XXII,
604 4139 628 4188 p.
651 4124 732 4190 tottii

123 4258 249 4328 Intimet,
265 4273 298 4316 se
313 4258 341 4315 in
352 4257 399 4315 lite
415 4257 487 4316 inter
500 4273 551 4316 eos
564 4266 592 4316 et
606 4258 853 4334 archiepiscopum
865 4265 919 4320 To·

54 4342 58 4347 ’
158 4347 921 4424 letanumsuperprimatiavertenteterminurnusque

159 4435 196 4495 ad
212 4445 330 4495 octavas
343 4437 525 4494 Pentecostes
544 4438 672 4511 proxime
691 4436 812 4508 suturas,
835 4457 918 4515 prop·

160 4533 203 4584 ter
213 4526 430 4583 instructionem
445 4539 550 4593 causae,
566 4541 617 4599 per
630 4528 815 4586 restitutionis
834 4528 921 4589 benc·

160 4614 257 4673 licium
270 4615 313 4672 cis
329 4613 497 4689 indulgisse.

163 4760 521 4838 llonoriusepiscopus,
535 4774 651 4821 sersus
669 4765 920 4837 servorumllei,

123 4859 310 4921 venerabili
331 4858 429 4921 tratri
448 4859 711 4937 archiepiscopo,
736 4864 770 4923 et
792 4862 922 4926 dilectis

124 4958 204 5018 tiliis
216 4956 356 5033 capituli
368 4957 600 5030 Bracarensis,
616 4957 756 5020 salutem
767 4961 799 5022 et
810 4965 921 5039 Apos-

123 5054 258 5116 tolicam
271 5054 548 5117 benedictionem.

164 5152 283 5212 Coram
301 5152 409 5213 felicis
424 5153 594 5216 memoriae
613 5156 725 5217 innoc.
739 5171 826 5234 papa
840 5174 923 5234 prae·

124 5249 298 5311 decessore
313 5251 426 5311 nostro
439 5251 496 5313 lite
509 5252 596 5313 inter
607 5252 831 5315 venerabilem
846 5256 920 5317 ira-

738 200 915 264 nononu
935 200 980 263 111
1000 172 1151 309 erana.

973 362 1080 427 torius
1100 362 1264 427 terminus
1277 363 1480 441 assignatus,
1493 378 1561 442 quo
1574 378 1656 427 cum
1670 364 1774 429 ratio-

973 460 1071 524 nibus
1085 465 1118 525 et
1132 462 1381 525 defensionibus
1397 462 1518 525 vestris
1537 464 1773 541 procuratores

974 560 1110 623 idoneos
1132 562 1174 622 ad
1196 562 1313 623 Sedent
1342 562 1569 639 apostolicam
1584 562 1772 625 mitteretis.

974 660 1042 721 Nos
1067 660 1177 720 autem
1200 659 1360 723 babentes
1382 660 1455 722 rata
1485 660 1660 737 praedicta,
1682 660 1773 723 vohis

974 756 1258 831 tlenuuciarimus,
1267 758 1654 835 netleuueexpectaretis
1664 759 1772 832 citari,

974 855 1052 931 quia
1076 855 1142 916 nisi
1161 855 1398 933 compararetis
1419 856 1562 919 termino
1585 856 1770 933 assignato,

973 955 1020 1024 tu,
1031 952 1403 1032 iraterarchiepiscope,
1412 970 1471 1031 per
1478 955 1521 1027 te,
1536 954 1589 1016 uel
1606 970 1671 1031 per
1684 956 1774 1017 sutil-

975 1051 1117 1113 cientem
1136 1053 1395 1128 procuratorem,
1421 1068 1545 1130 vosque
1564 1053 1628 1114 tilii
1642 1054 1772 1131 capitu·

974 1147 1043 1209 lum
1058 1148 1270 1226 peridoneus
1285 1150 1508 1228 responsales,
1524 1166 1585 1212 nos
1600 1150 1773 1212 nibilomi-

975 1263 1038 1307 nus
1053 1247 1308 1324 procederemus
1320 1248 1356 1309 in
1370 1248 1442 1325 ipso
1456 1248 1603 1323 negotio,
1618 1252 1774 1326 quantum

970 1344 1102 1421 justitia
1126 1345 1320 1423 postularet.
1346 1348 1468 1407 Verum
1497 1345 1614 1425 elapso
1633 1346 1774 1409 termino

975 1443 1164 1515 constituto,
1191 1445 1265 1521 post
1287 1444 1551 1521 expectationem
1577 1461 1646 1505 non
1670 1445 1774 1506 modi·

975 1556 1059 1613 cam,
1087 1542 1344 1618 comparuerunt
1374 1542 1486 1603 dilecti
1525 1542 1587 1604 illii
1616 1542 1775 1620 magister

975 1638 1165 1700 scholarum
1188 1640 1221 1701 et
1240 1640 1399 1716 magister
1423 1640 1617 1702 Dominicus
1637 1640 1773 1703 canoni-

975 1753 1034 1798 cus
1048 1738 1276 1807 Bracarensis,
1290 1738 1419 1799 vestras
1433 1736 1527 1799 nobis
1543 1739 1676 1801 litteras
1690 1756 1771 1817 prae·

975 1835 1162 1908 sentantes,
1192 1835 1312 1912 quibus
1346 1852 1403 1897 eos
1439 1852 1512 1898 esse
1541 1840 1772 1914 procuratores

974 1934 1103 1995 vestros
1116 1935 1150 1993 in
1164 1949 1264 1994 eausa
1284 1934 1455 2011 praedicta,
1473 1934 1518 1997 ita
1534 1935 1623 2012 quod
1638 1936 1772 2013 uterque

975 2032 1010 2093 in
1033 2031 1174 2093 solidum
1193 2033 1386 2109 apparebat.
1414 2032 1477 2094 Sed
1504 2034 1595 2111 quia,
1622 2036 1660 2095 ut
1683 2033 1771 2095 dice-

975 2128 1065 2203 bant,
1082 2147 1148 2191 nou
1163 2130 1344 2193 attulerant
1366 2130 1609 2208 depositionem
1628 2133 1769 2202 testium,

977 2228 1085 2291 atalia
1101 2230 1321 2301 munimenta,
1340 2228 1534 2291 dilationem
1554 2246 1630 2291 curn
1645 2230 1772 2291 instan-

976 2328 1023 2389 tia
1043 2328 1263 2404 postularunt.
1285 2329 1463 2404 Postquam
1483 2343 1563 2389 uero
1585 2329 1772 2390 contraeas

976 2425 1166 2487 interlocuti
1189 2425 1312 2487 luimus
1347 2425 1634 2503 superductione
1662 2426 1769 2503 petitu,

976 2524 1108 2584 tandem
1132 2523 1298 2599 indulgeri
1319 2523 1469 2585 ecclesiae
1490 2524 1693 2585 Bracarensi
1720 2524 1770 2584 di·

976 2621 1133 2682 lationem
1176 2624 1310 2698 propter
1348 2621 1602 2682 instructionem
1643 2638 1768 2693 causae,

976 2735 1036 2796 per
1047 2720 1210 2780 auxilium
1225 2718 1445 2780 restitutionis
1461 2718 1494 2778 in
1507 2720 1679 2795 integrum
1695 2736 1769 2796 pos-

975 2817 1149 2879 tularunt:
1174 2816 1369 2878 oxlribontes
1396 2832 1496 2893 super
1524 2816 1587 2878 hoe
1615 2819 1769 2895 exparte

976 2917 1086 2978 vestra
1110 2915 1254 2991 speciale
1277 2915 1479 2977 mandatum.
1503 2916 1574 2977 Nos
1598 2918 1712 2977 autem
1735 2914 1769 2977 do

976 3011 1114 3074 fratrum
1129 3014 1317 3074 nostrorum
1330 3014 1480 3085 consilio,
1498 3029 1602 3091 risque
1618 3014 1660 3074 ad
1678 3016 1765 3075 octa-

976 3129 1035 3174 vas
1053 3113 1262 3173 pentecostes
1281 3113 1431 3189 proxime
1446 3112 1586 3184 suturas,
1602 3128 1663 3190 per
1675 3111 1768 3173 resti·

975 3211 1113 3273 tutionis
1131 3209 1339 3281 beneimium,
1358 3210 1400 3270 ad
1419 3210 1452 3269 id
1476 3208 1570 3271 vobis
1595 3211 1767 3272 terminum

976 3309 1130 3370 duximus
1157 3306 1424 3383 indulgendum:
1457 3323 1516 3385 per
1547 3308 1767 3385 Apostolicam

975 3406 1069 3469 vobis
1089 3405 1286 3468 sententiam
1316 3404 1540 3482 praecipiendo
1565 3406 1765 3476 mandantes,

976 3505 1139 3582 quatenus
1163 3503 1210 3563 siu
1230 3503 1383 3564 instructi
1402 3503 1624 3580 compareatis
1646 3503 1682 3564 in
1701 3505 1766 3566 ter·

976 3602 1078 3673 mino,
1093 3600 1177 3678 quod
1194 3616 1294 3661 causa
1310 3617 1405 3661 suurn
1419 3600 1530 3662 sortiri
1547 3601 1653 3678 possit
1672 3601 1766 3664 effec-

974 3701 1045 3761 tum
1071 3721 1079 3760 ι
1110 3699 1188 3776 quia
1231 3714 1343 3775 quiam,
1384 3699 1473 3759 ultra
1515 3700 1766 3777 peremptorium

976 3798 1192 3871 assignatum,
1210 3797 1266 3858 diu
1282 3797 1325 3858 sit
1345 3796 1380 3857 in
1404 3797 1510 3873 ipsius
1536 3796 1691 3859 Toletani
1703 3798 1766 3858 dis-

976 3894 1143 3973 pendium,
1161 3894 1308 3971 ejusdem
1322 3910 1432 3956 causae
1454 3894 1580 3955 decisio
1600 3895 1765 3972 protelata,

975 3994 1054 4055 tuno
1069 3992 1214 4068 protecto
1240 3993 1274 4053 in
1296 4008 1335 4054 ea
1350 3993 1510 4070 quantum
1530 3993 1712 4070 postulabit
1724 4008 1768 4053 ra-

975 4091 1022 4152 tio
1040 4089 1265 4166 procedemus.
1283 4090 1401 4151 Datum
1413 4090 1581 4158 Laterani,
1596 4092 1628 4151 X
1643 4088 1766 4153 kalend.

976 4186 1099 4255 martii,
1115 4187 1326 4264 pontitlcatus
1345 4188 1449 4250 nostri
1466 4204 1554 4249 anno
1570 4189 1595 4248 i.

1197 4395 1205 4406 '
1261 4390 1483 4479 tlthXth‘

1055 4563 1108 4620 ml
1132 4563 1371 4622 ll'todicloettm
1391 4564 1512 4623 (tttcem
1527 4564 1569 4623 cle
1585 4565 1693 4626 Ketis.

1257 4727 1291 4785 22
1311 4726 1381 4784 tebr.
1412 4729 1462 4785 tat

1040 4870 1170 4935 [Tlioinen
1180 4870 1345 4921 llanumente
1360 4871 1483 4921 Polonim.
1496 4877 1515 4921 t.
1528 4873 1547 4933 l,
1563 4886 1589 4937 p.
1601 4872 1626 4934 3,
1640 4886 1668 4924 n·
1679 4874 1715 4938 o]

1042 5035 1187 5102 llortatur,
1200 5038 1231 5088 ut
1245 5030 1309 5089 duci
1321 5032 1429 5089 silesia
1444 5039 1569 5091 castrum
1589 5034 1626 5092 de
1636 5036 1715 5093 lintis

1304 5123 1446 5179 restituat.

1015 5249 1181 5311 Honorius
1192 5249 1475 5327 episcopusetc...
1485 5248 1606 5313 dilecto
1622 5250 1691 5313 tilio
1706 5267 1766 5313 no-

123 5349 208 5410 trem
231 5349 381 5409 nostrum
402 5348 689 5427 archiepiscopum
712 5351 919 5425 'toletanum
974 5348 1035 5409 bili
1056 5349 1129 5410 viro
1147 5347 1353 5409 Wlodislavo
1379 5347 1454 5409 duci
1484 5348 1525 5408 de
1552 5348 1664 5422 Kalis,
1686 5350 1773 5412 salu-

123 5448 158 5509 et
171 5447 213 5518 te,
232 5444 336 5506 irater
354 5446 615 5525 archiepiscope,
641 5465 742 5526 super
762 5451 919 5527 primatia
974 5448 1041 5509 teni
1056 5450 1131 5508 etc..
1149 5447 1305 5525 Exposita
1326 5445 1423 5507 uobis
1445 5446 1557 5508 dilecti
1573 5447 1633 5508 lilii
1650 5448 1769 5511 nobilis

123 5542 318 5608 solemniter
338 5544 545 5607 contestata:
570 5545 664 5608 uobis
685 5546 747 5610 tuit
760 5565 919 5630 perenip-
974 5544 1038 5609 siri
1058 5547 1098 5607 Η.
1126 5545 1202 5608 duci
1227 5546 1356 5607 Silesiae
1383 5546 1577 5623 conquestio
1606 5547 1769 5623 patefecit.
