3794 6166
267 757 537 886 nonus
595 760 1088 888 arenosam
1140 671 1500 888 sonnino

822 1091 959 1178 tunt

91 1673 287 1751 Hieronymus
304 1679 426 1748 Bottino,
442 1678 489 1751 qul
502 1679 597 1751 plures
612 1692 704 1735 annos
719 1674 856 1749 impendit
911 1674 1077 1731 norninatus
1108 1672 1183 1731 inter
1208 1672 1348 1743 abbates,
1378 1670 1426 1747 qui
1446 1680 1511 1732 sunt
1534 1689 1549 1732 a
1569 1675 1712 1748 regimine

52 1773 255 1833 describendis
267 1791 301 1833 aa
314 1777 449 1849 genuinas
467 1792 527 1834 sues
545 1776 661 1834 lectioni
675 1774 857 1833 restituendis
911 1771 1041 1843 generali
1058 1770 1182 1831 Ordinis.
1197 1773 1239 1829 Ex
1254 1770 1310 1828 hoc
1321 1779 1449 1845 tempore
1464 1772 1598 1829 continuo
1614 1774 1711 1829 llomae

52 1871 245 1930 sermonibus
268 1874 385 1931 llonorii
412 1876 462 1942 lll,
489 1873 602 1947 origine
627 1872 858 1931 Pedemontanus
911 1868 1017 1924 mansit
1037 1875 1193 1941 occupatus
1217 1876 1277 1926 tum
1303 1870 1445 1942 regimine
1469 1868 1596 1939 Ordinis,
1623 1884 1711 1942 quum

52 1976 112 2035 est,
125 1984 160 2026 ac
174 1971 266 2028 lucem
279 1971 371 2043 primo
385 1970 455 2028 vidit
470 1971 498 2028 in
512 1986 598 2045 pago,
609 1970 655 2029 cui
670 1984 776 2028 nomen
786 1970 855 2030 Cas·
911 1964 1097 2038 expediendis
1116 1965 1178 2038 ejus
1197 1966 1331 2040 negotiis,
1353 1974 1438 2039 utque
1460 1967 1621 2040 implicatus
1635 1967 1709 2024 tnui-

54 2075 134 2124 trum
158 2068 253 2125 Sancti
279 2069 354 2125 Petri
378 2083 467 2141 prope
489 2067 733 2143 Bodigomagum‚
759 2074 856 2141 postea
913 2062 1054 2135 tiplieibus
1075 2064 1141 2120 vitm
1162 2064 1334 2137 spostolicae
1357 2063 1516 2135 laboribus3
1540 2079 1607 2122 nam
1632 2064 1712 2123 bisce

56 2165 159 2224 Casale
176 2165 271 2223 Sancti
291 2165 387 2223 Evasii
402 2174 607 2238 nuncupatum,
622 2173 703 2223 sexto
718 2164 858 2223 kalendas
912 2160 996 2217 aunis
1010 2159 1061 2219 luit
1073 2161 1190 2219 alternis
1208 2160 1318 2218 vicibus
1335 2169 1384 2219 aut
1397 2161 1534 2221 visitator
1546 2162 1647 2235 major,
1663 2170 1713 2221 aut

58 2261 230 2321 novembris
254 2265 322 2320 eniri
344 2263 526 2323 llncccltl.
553 2263 729 2322 Adolescens
756 2262 858 2322 studiis
912 2258 1081 2315 Procurator
1095 2260 1242 2316 Generalis
1257 2258 1380 2327 Ordinis,
1403 2267 1464 2316 turn
1482 2259 1579 2318 Abbas
1594 2275 1709 2317 monas·

61 2360 230 2433 theologicis
254 2375 371 2433 operam
396 2361 425 2418 in
447 2361 528 2433 regio
552 2361 697 2421 casalensi
718 2360 858 2418 Atheneo
913 2354 976 2411 terii
989 2355 1017 2412 S.
1030 2354 1138 2423 Crucis,
1153 2362 1214 2412 tum
1231 2354 1382 2414 Conlessor
1399 2354 1560 2413 ordinarius
1575 2356 1711 2428 plurimo·

69 2460 174 2515 nerant
203 2459 328 2515 maximo
356 2474 422 2516 cum
452 2457 554 2529 fructu,
579 2457 683 2531 quihus
708 2457 857 2529 absolutis,
913 2466 975 2509 rum
988 2451 1252 2509 sanctimonialium
1267 2453 1516 2520 monasteriorum,
1535 2453 1713 2527 aliorumque

73 2568 124 2613 curn
143 2555 357 2628 dispensatione
382 2571 469 2629 super
490 2555 604 2614 delectu
629 2556 736 2625 aetatis,
759 2569 856 2614 sacer·
917 2548 1243 2621 piorumlnstitutorum,
1255 2564 1374 2606 necnon
1388 2550 1622 2609 Missionariusiu
1634 2553 1714 2624 agro

64 2650 138 2710 dotio
158 2653 286 2710 initiatus
308 2661 352 2711 est
376 2668 392 2710 o
415 2654 568 2711 Franctsoo
589 2653 700 2712 Ateium
722 2653 859 2727 episeopo
914 2649 1053 2717 nomano,
1070 2647 1189 2719 aliisquo
1204 2646 1333 2705 addictus
1346 2647 1400 2719 piis
1414 2645 1557 2721 operibus.
1571 2650 1623 2706 Tot
1638 2650 1713 2707 inter

60 2751 215 2820 Gasalensi,
232 2766 308 2809 anno
321 2752 557 2811 uncccxxvn.
575 2753 681 2811 Verum
695 2750 732 2809 ad
746 2750 856 2825 perlec-
913 2743 1024 2801 labores
1048 2743 1209 2802 indefessus
1229 2745 1272 2801 vir
1291 2746 1469 2803 successivas
1490 2745 1586 2816 horas,
1609 2762 1712 2805 mnino

56 2850 163 2907 tmrem
176 2850 244 2906 vitae
266 2855 372 2907 statum
387 2848 526 2907 anhelans
541 2847 642 2906 eodem
658 2864 734 2906 anno
754 2848 857 2908 Urbem
913 2842 999 2899 etiam
1015 2842 1177 2899 necessario
1192 2841 1352 2915 subreptas,
1369 2842 1508 2916 impendit
1519 2842 1714 2904 describendis

54 2946 153 3021 penit,
177 2961 211 3004 ηρ
232 2945 328 3006 omini
356 2946 537 3006 eigistetensi
562 2954 751 3022 aggregata&
775 2946 856 3004 papi.
913 2939 1098 2997 sermonibus
1112 2939 1230 2997 llonorii
1252 2941 1304 3008 ill,
1324 2955 1480 3013 eorumque
1500 2942 1634 3016 genuinis
1653 2943 1710 2999 lec·

50 3046 117 3093 tum
140 3036 330 3094 monasticum
352 3036 476 3093 Perusiae
501 3036 529 3093 in
550 3036 724 3093 monasterio
743 3035 772 3094 S.
788 3037 856 3094 Ber·
913 3035 1038 3094 tionibus
1051 3035 1276 3094 determinandis
1291 3038 1519 3111 annotandisque
1534 3039 1604 3097 locis
1619 3041 1712 3113 Scrip-

51 3132 140 3190 nardi
163 3131 264 3202 induit,
286 3130 333 3190 ubi
354 3147 404 3206 per
418 3140 483 3190 octo
500 3147 616 3190 menses
638 3132 778 3191 novitiatu
793 3148 856 3206 per-
914 3141 1039 3192 terarum
1059 3136 1088 3192 in
1104 3135 1139 3192 iis
1157 3135 1260 3193 citatis.
1285 3120 1402 3197 Verum.
1419 3144 1521 3210 preter
1535 3138 1713 3197 Dissertatio

53 3240 133 3301 acto,
150 3246 218 3288 cum
238 3229 451 3303 dispensatione
471 3230 617 3288 Pontiiieia
639 3245 724 3303 super
738 3238 858 3303 quatuor

50 3328 208 3389 mensibus
227 3328 262 3385 ad
282 3328 452 3386 canonicum
468 3329 598 3400 tyrocinii
616 3330 858 3401 complementum

52 3426 214 3499 requisitis,
229 3426 388 3483 solemnem
403 3424 608 3499 professionem
628 3426 723 3484 emisit
736 3428 859 3500 septimo

54 3523 120 3581 idus
132 3523 204 3580 maii
221 3538 297 3580 anno
309 3523 555 3583 nncccxxvnt.
567 3523 637 3581 lnde
649 3539 700 3597 per
711 3523 857 3581 biennium

54 3621 176 3695 parochi
191 3635 311 3678 mouere
322 3620 436 3680 iunctus
447 3629 501 3691 est,
517 3622 546 3678 in
562 3622 735 3679 monasterio
754 3622 782 3679 S.
796 3623 856 3680 lla-

54 3720 106 3777 riae
121 3719 215 3778 Vallis
230 3719 339 3789 Pontis,
353 3719 398 3776 cui
411 3732 523 3777 annexa
537 3725 584 3777 est
598 3717 735 3791 parocbia
755 3720 859 3777 llontis

55 3816 177 3875 abbatis
196 3817 226 3873 in
245 3815 362 3874 dioecesi
385 3816 533 3875 Perusina.
552 3818 638 3875 Anno
658 3817 857 3876 nnccnxxx

57 3930 73 3971 a
88 3913 291 3987 Superioribus
304 3913 418 3972 Ordinis
431 3914 552 3973 llomam
569 3914 679 3972 accitus
693 3928 743 3987 per
763 3915 858 3987 plures

58 4026 149 4069 annos
159 4020 222 4068 turn
233 4009 447 4084 Philosophiam
454 4026 543 4085 quum
552 4010 741 4086 Theologiam
750 4026 857 4085 magna

58 4124 121 4166 eum
146 4107 234 4166 laude
256 4109 286 4165 in
310 4108 438 4183 Colleglo
458 4108 488 4167 S.
510 4108 609 4169 Crucis
626 4109 656 4166 in
680 4109 857 4167 Hierusalem

61 4206 165 4275 docuit,
191 4221 237 4274 ac,
256 4205 336 4278 iuxta
355 4206 438 4280 leges
454 4204 569 4265 Ordinis
587 4213 652 4280 post
677 4208 856 4281 septennium

61 4304 196 4371 lecture,
215 4311 330 4361 creatus
344 4300 396 4362 init
409 4303 438 4362 S.
453 4300 619 4376 'tneotogie
635 4304 782 4379 llagister.
798 4307 858 4363 lloc

62 4408 196 4475 tempore,
218 4416 275 4458 una
294 4416 361 4459 eum
379 4401 491 4476 collega
509 4416 563 4460 sno
583 4400 710 4477 tosepno
731 4402 855 4471 Moruni,

64 4498 207 4557 ltusumit
221 4506 251 4556 et
264 4514 281 4557 e
292 4497 397 4559 codice
411 4498 466 4557 lla.
479 4498 643 4558 sessoriano
657 4498 792 4559 inlunem
805 4496 855 4559 de·

66 4594 99 4651 dit
114 4597 217 4670 Aponii
232 4596 441 4654 Euorrotiones
455 4598 487 4654 io
501 4596 855 4666 coenomanensem,

66 4706 120 4763 pue
132 4694 232 4752 Rome
245 4693 320 4766 typis
329 4692 413 4751 editas
423 4692 536 4753 luerunt
546 4709 623 4751 anno
634 4694 856 4755 nncccxntn.

67 4788 260 4864 biennio-post
281 4792 311 4848 in
336 4791 465 4866 Capitulo
487 4792 619 4851 Generdi
637 4799 785 4866 promotus
805 4791 857 4851 luit

68 4886 90 4943 in
104 4890 317 4946 Procuratorem
330 4889 500 4947 Generalem
518 4890 756 4947 monasteriorum
772 4891 801 4947 in
813 4890 856 4947 di·

69 4986 133 5043 none
148 4986 363 5044 Pedemontana
378 4994 408 5045 et
421 4986 563 5047 sabaudia
574 4988 693 5046 sitorum
708 4987 784 5062 apud
799 4988 852 5047 lte-

914 3246 979 3288 nem
990 3247 1088 3304 mam,
1104 3247 1180 3290 anno
1195 3232 1412 3303 nuncupant,
1425 3233 1486 3306 J'am
1501 3242 1711 3308 composuerat,

913 3328 1050 3402 caiusque
1065 3331 1176 3387 laciniae
1191 3331 1308 3403 reperiri
1328 3338 1437 3389 tantum
1460 3339 1621 3405 potuerunt,
1638 3334 1710 3390 ulte·

914 3428 972 3484 rius
987 3426 1120 3500 progredi
1133 3443 1189 3485 non
1205 3428 1313 3500 potuit3
1329 3443 1396 3485 nam
1411 3430 1562 3501 postremis
1578 3431 1642 3487 vitae
1653 3445 1713 3487 sum

914 3526 1007 3592 annis,
1033 3524 1145 3580 inilrma
1168 3523 1330 3581 valetudine
1354 3523 1469 3594 fractus,
1494 3527 1600 3599 saepius
1623 3527 1710 3584 inter·

913 3629 1026 3694 ruptum
1037 3620 1114 3679 cirea
1129 3621 1286 3678 llonorium
1298 3618 1426 3678 laborem
1449 3623 1561 3695 penitus
1581 3624 1714 3682 omittere

913 3725 1029 3777 coactus
1043 3716 1106 3789 iuit,
1121 3717 1214 3776 donec
1232 3716 1348 3775 tandem
1366 3719 1465 3791 quinto
1487 3720 1632 3779 Kalendas
1652 3723 1711 3780 lt'o-

913 3815 1039 3874 vembris
1057 3830 1133 3873 anno
1152 3816 1356 3886 MDCCCLXX,
1384 3818 1532 3891 apoplexia
1553 3827 1711 3893 correptus,

914 3910 1085 3988 paralyticus
1099 3913 1233 3972 decubuit
1247 3929 1338 3987 usque
1357 3913 1392 3972 ad
1411 3923 1543 3973 octavum
1559 3915 1623 3975 idus
1643 3919 1713 3975 maii

913 4012 980 4068 anni
994 4009 1204 4084 subsequentis,
1223 4026 1279 4084 quo
1294 4012 1430 4070 Ecclesiae
1444 4017 1632 4073 sacramentis
1647 4031 1709 4073 mu·

913 4110 989 4166 nitus
1004 4109 1050 4182 pie
1064 4108 1144 4177 obiit,
1159 4123 1265 4166 annum
1281 4123 1373 4181 agens
1391 4112 1482 4168 aetatis
1497 4114 1711 4186 sexagesimum

912 4214 1055 4265 comtum.
1078 4208 1146 4265 Erat
1165 4208 1208 4263 vir
1224 4214 1340 4265 staturae
1359 4207 1521 4279 mediocris,
1537 4224 1592 4268 nee
1613 4227 1710 4270 mace·

911 4305 1007 4362 lentus
1024 4318 1078 4361 nee
1096 4303 1223 4378 pinguis,
1243 4305 1339 4363 colore
1355 4307 1450 4364 vultus
1466 4307 1566 4365 leuiter
1581 4308 1710 4380 rubente,

913 4410 1030 4476 aspectu
1049 4401 1232 4472 venerabilis,
1248 4403 1362 4476 eloquio
1376 4405 1485 4479 gratis,
1506 4406 1535 4462 in
1556 4422 1709 4465 couversa-

912 4500 989 4557 tione
1004 4515 1142 4569 amoenus,
1164 4515 1233 4575 erga
1254 4516 1364 4575 egenos
1379 4504 1520 4576 precipue
1539 4511 1567 4560 et
1591 4508 1712 4562 miseros

912 4596 1033 4654 allabilis
1063 4605 1092 4655 et
1122 4598 1302 4669 misericors3
1331 4599 1463 4658 liberales
1494 4608 1569 4656 artes
1597 4601 1712 4659 attrabat

911 4710 1024 4763 omnes,
1037 4693 1087 4753 sed
1099 4697 1161 4768 ipse
1176 4704 1266 4754 artem
1280 4698 1419 4753 musicam
1432 4696 1554 4754 callebat
1569 4700 1708 4769 apprime,

912 4795 949 4850 ita
963 4801 993 4851 ut
1012 4796 1234 4867 compositiones
1248 4794 1338 4866 eiust
1354 4794 1453 4864 primis
1469 4793 1552 4851 Urbis
1566 4798 1711 4869 magistris

912 4890 1083 4949 haberentur
1111 4891 1140 4945 in
1166 4889 1370 4957 estimatione,
1396 4895 1482 4961 atque
1510 4895 1711 4968 conscripserit

912 4997 1061 5047 tractatum
1072 4987 1185 5044 doctum
1194 4984 1229 5042 de
1239 4986 1330 5043 Contu
1341 4988 1528 5060 Gregoriano.
1541 4990 1709 5065 Prodigiosa

69 5094 123 5153 gam
139 5083 288 5153 Sardiniae,
303 5083 390 5155 unde,
405 5082 481 5145 urbe
493 5084 603 5155 relicta,
618 5084 731 5143 transiit
747 5084 784 5143 ad
798 5100 856 5145 eoe·
912 5087 1045 5159 preditus
1064 5085 1212 5151 memoria,
1235 5089 1264 5138 et
1287 5084 1428 5141 acerrimo
1451 5084 1581 5157 ingenio,
1606 5094 1711 5160 preter

69 5179 171 5238 bobium
187 5182 260 5241 ntes
274 5180 429 5241 Cumboein
444 5181 751 5257 sabaudia,ubidagit
765 5198 855 5256 usque
910 5183 1009 5242 doctas
1035 5183 1149 5254 linguas
1176 5181 1309 5248 latinam,
1339 5195 1465 5254 grecam
1488 5190 1516 5239 et
1544 5182 1709 5245 hebraicam

71 5274 216 5337 alannum
233 5278 469 5349 nncccxnvtt,
487 5294 546 5355 quo
566 5287 680 5339 oreatus
697 5278 751 5338 luit
767 5280 856 5339 abbas
910 5282 1047 5340 didicerat
1071 5279 1206 5348 italicam,
1228 5279 1373 5352 gallicam,
1392 5277 1571 5352 hispanicam
1591 5289 1620 5339 et
1640 5298 1708 5357 ger·

71 5376 219 5433 nonasterii
239 5376 305 5435 Vici
319 5377 563 5452 ldontisllegalis,
579 5378 625 5436 cul
640 5378 752 5451 proluit
764 5387 854 5453 usque
908 5380 1060 5437 manicam.
1080 5380 1112 5434 ln
1133 5376 1343 5435 mathematicis
1358 5375 1516 5450 disciplinis
1537 5387 1565 5436 et
1583 5377 1709 5453 pbiloso-

73 5468 209 5532 tiannum
221 5474 365 5534 llncccn
378 5472 428 5547 (l).
444 5476 516 5533 'lum
530 5475 560 5533 in
575 5475 681 5535 Urbem
693 5484 852 5547 revocatur,
908 5477 975 5552 phio
990 5475 1122 5532 rationali
1137 5475 1256 5548 egregia
1271 5473 1382 5544 doetus,
1394 5474 1537 5549 praecipue
1551 5475 1710 5535 excellebat

94 5648 122 5709 iit
136 5652 200 5703 nom
218 5656 277 5703 ent
292 5648 380 5701 mnas
395 5652 545 5704 monasterii
562 5652 705 5706 Montis-lia
716 5654 770 5713 ,alis
792 5667 853 5703 con·
908 5655 934 5703 nl
947 5653 1085 5705 Sontuorio
1096 5653 1123 5701 di
1134 5652 1218 5703 Morio
1230 5649 1378 5703 &nlenten
1392 5652 1419 5703 di
1431 5652 1559 5704 Mandaei.
1567 5654 1681 5720 (blandos
1689 5655 1707 5713 i,

74 5714 152 5775 *ipit
166 5720 195 5765 et
207 5712 236 5767 in
247 5712 335 5765 lucam
346 5712 419 5765 dedit
430 5714 581 5781 opuscnlm
597 5716 639 5768 cui
651 5670 746 5770 tituius
757 5716 855 5767 :Gelda
908 5716 1054 5781 'lipograiia
1066 5714 1092 5766 di
1104 5714 1187 5766 Pietro
1199 5712 1283 5773 llossi,
1295 5712 1373 5779 1859).

190 5842 312 5889 ramos.
331 5844 406 5889 rotas
424 5832 462 5892 ll.
