3802 6166
119 256 178 317 125
753 245 983 311 EPISTOLAE.
1007 252 1085 313 mn.
1110 252 1134 313 1.

1712 254 1778 319 126*

118 414 210 477 tissae
232 409 467 474 etTheobaldo
489 408 568 472 nato
587 410 670 487 eJus,
690 408 917 472 001111ἰῦ311-
971 430 1127 493 tectim,
1153 432 1187 493 02
1214 428 1495 508 confirmationis,
1527 431 1589 495 etc,
1621 432 1657 495 sq
1694 433 1769 511 quis

118 511 246 591 paniae,
277 510 418 572 salutem
449 509 482 570 et
507 507 724 585 apostolicam
755 506 916 570 benedic·
973 530 1464 602 au10m‚0qc‚1)3qum30mae
1492 529 1579 609 apud
1612 532 1771 593 sanctum

118 610 257 672 tionem.

159 725 209 788 Ad
223 724 434 786 devotionem
449 738 547 800 qnam
568 721 799 800 progenitores
815 722 918 784 vestri

121 823 163 886 ad
180 826 363 885 Romanam
388 821 570 883 Ecclesiam
593 820 791 893 babuerunt,
808 820 841 884 et
859 835 919 882 vos

122 922 188 1001 ipsi
213 921 336 982 habere
351 919 528 981 noscimini
547 919 588 980 ad
604 918 763 991 eamdem,
785 919 920 996 plenum

123 1020 285 1082 habentes
297 1019 496 1096 respectum,
510 1018 644 1079 nuntios
658 1019 690 1080 et
702 1017 830 1079 litteras
844 1032 922 1078 ves-

120 1121 192 1182 tras
219 1117 362 1193 benigne
386 1116 572 1193 recepimus
592 1137 599 1176 :
622 1116 655 1177 et
672 1131 769 1192 quem
796 1114 837 1176 ad
861 1130 920 1176 vos

121 1218 271 1295 gerimus
290 1215 445 1277 affectum
465 1214 652 1277 dilectionis
674 1215 707 1276 et
725 1213 841 1290 gratiae
862 1228 922 1290 per

123 1316 278 1377 effectum
292 1313 402 1391 operis
418 1312 607 1375 curavimus
623 1312 850 1374 demonstrare
862 1326 923 1388 pe-

121 1412 296 1477 titionibus
322 1412 443 1474 11131113
471 1411 648 1487 benignius
674 1410 862 1472 annuende.
884 1412 921 1471 in

122 1512 219 1573 firmo
244 1511 331 1572 enim
357 1509 527 1587 proposito
552 1509 698 1585 gerimus
724 1508 760 1569 in
784 1508 921 1584 agendis

120 1610 255 1681 1031113,
273 1609 430 1685 tanquam
446 1607 645 1684 specialibus
660 1606 738 1667 filiis
750 1605 922 1683 Apostoli-

123 1724 172 1770 cae
189 1707 284 1768 Sedis
297 1706 391 1768 vobis
404 1705 532 1775 adesse,
547 1704 752 1782 inquantum
766 1720 840 1766 cum
855 1707 923 1766 Deo

125 1808 157 1867 et
171 1804 284 1866 nostra
296 1804 476 1882 poterimus
492 1803 668 1865 honestate
681 1804 713 1864 et
728 1803 798 1864 illis
811 1802 924 1863 inten-

125 1905 204 1965 dere
232 1919 304 1980 quae
323 1903 472 1963 vestrum
495 1901 656 1963 honorem
683 1901 867 1978 respiciant
891 1900 924 1962 et

126 2001 322 2079 profectum.
343 2003 390 2060 De
403 2000 533 2061 exeniis
548 2000 660 2061 autem
682 1999 716 2060 in
731 1996 850 2077 quibus
863 2014 924 2059 nos

125 2116 185 2178 per
217 2098 351 2160 eosdem
374 2097 509 2159 nuntios
527 2096 690 2159 visitastis
713 2096 923 2158 devotionem

125 2199 272 2260 vestram
284 2188 532 2274 prosequentes,
545 2195 732 2257 actionibus
740 2194 924 2271 gratiarum

126 2311 299 2357 monemus
326 2295 359 2355 et
380 2294 553 2354 hortamur
572 2293 740 2365 attentius,
762 2294 925 2370 quatenus

127 2394 167 2455 de
182 2392 299 2469 gratioe
316 2393 438 2453 nostrae
454 2390 568 2453 favore
581 2390 690 2469 securi
704 2390 926 2452 indevotione

127 2490 325 2569 apostolicae
351 2489 445 2551 Sedis
471 2489 611 2550 firmiter
634 2489 852 2566 persistatis:
879 2487 926 2549 ita

130 2590 215 2668 quod
231 2587 362 2666 plenius
381 2589 414 2649 et
434 2588 582 2649 nostram
606 2587 748 2663 gratiam
763 2586 804 2647 de
816 2586 870 2647 die
891 2585 926 2645 in

131 2688 218 2749 diem
231 2686 413 2765 promereri
424 2685 570 2764 possitis.
582 2687 700 2746 Datum
712 2687 824 2746 Itomae
840 2682 926 2761 apud

131 2788 163 2847 S.
186 2786 364 2857 Petrum,V
392 2783 466 2845 idus
493 2783 687 2856 decembris
715 2781 926 2861 pontificatus

132 2883 236 2946 nostri
251 2897 339 2944 anno
355 2882 472 2959 primo.

467 3016 591 3104 XCIV

135 3163 184 3222 Ad
200 3160 410 3238 ochtstrttm
433 3163 473 3222 n.
492 3160 699 3235 scriptorem
717 3160 929 3234 fertiliorem

200 3259 361 3320 reostmtm
379 3260 582 3319 coactricem
599 3259 863 3319 Massiliensem.

435 3371 526 3431 9dec.
544 3372 622 3430 tato.

166 3471 277 3535 [begeat.
290 3470 335 3521 lib.
347 3472 367 3529 l,
375 3469 449 3535 epist.
462 3468 614 3520 lib—bles.
624 3469 661 3520 La
670 3469 744 3519 Porto
756 3468 791 3518 dn
803 3464 899 3531 111011]

154 3586 197 3647 Ad
212 3587 358 3661 exemplar
372 3586 532 3646 innocentii
550 3588 590 3644 111
603 3584 656 3643 sub
672 3584 846 3658 protectione
861 3595 913 3641 sua

427 3691 493 3733 eum
507 3675 635 3748 suscipit.

175 3795 356 3866 Honorius,
379 3795 455 3866 etc.,
477 3793 596 3855 dilecto
615 3792 683 3854 filio
706 3791 866 3868 magistro
890 3792 930 3853 R.

137 3892 290 3971 scriptori
303 3892 336 3954 et
349 3891 510 3953 familiari
526 3890 651 3964 nostro,
668 3889 829 3952 canonico
842 3890 933 3951 Mas-

139 3992 248 4054 sitien.

179 4091 400 4153 Sacrosancta
415 4091 565 4152 Romana
583 4087 731 4150 Ecclesia
750 4085 886 4149 devotos
901 4085 935 4148 et

139 4188 283 4251 humiles
297 4203 340 4249 ex
356 4189 489 4249 assueto
504 4186 637 4265 pietatis
657 4184 768 4247 officio
788 4199 931 4262 propen-

140 4288 211 4348 sius
240 4286 380 4362 diligere
410 4285 593 4357 consuevit,
619 4285 650 4346 et
684 4298 726 4345 ne
755 4297 934 4360 pravorum

140 4385 312 4447 hominum
332 4384 492 4446 molestiis
507 4383 685 4459 agitentur,
706 4398 764 4443 eos
777 4382 935 4459 tanquam

141 4484 196 4563 pia
209 4485 317 4545 mater
337 4498 407 4544 suae
426 4480 641 4560 protectionis
656 4479 840 4542 munimine
855 4495 937 4541 con-

140 4582 265 4645 fovere.
282 4584 327 4643 Ea
343 4582 488 4659 propter,
507 4582 582 4652 etc„
600 4594 707 4654 usque
726 4594 877 4651 assensu,
894 4577 936 4639 ad

141 4680 314 4758 exemplar
345 4679 451 4741 felicis
486 4676 728 4741 recordationis
752 4676 936 4739 innocentii

143 4781 243 4857 Papae
258 4776 515 4855 praedecessoris
527 4775 635 4837 nostri
645 4790 822 4853 personam
833 4776 935 4847 tuam,

143 4893 219 4939 cum
240 4876 393 4938 omnibus
412 4873 508 4936 bonis
530 4889 603 4951 quae
624 4873 659 4935 in
683 4873 937 4950 praesentiarum

143 4974 387 5038 rationabiliter
421 4972 590 5051 possides,
626 4972 680 5034 nel
709 4972 745 5033 in
776 4969 937 5042 futurum,

143 5073 323 5152 praestante
358 5071 509 5143 Domino,
543 5069 644 5148 justis
679 5069 786 5131 modis
814 5069 939 5148 poteris

974 627 1433 737 Petrum,Vidusdecembris,
1442 628 1654 707 pontificatus
1663 628 1770 691 nostri

974 740 1061 788 anno
1074 741 1191 803 prrmo.

1319 869 1422 957 XCV

1093 1020 1146 1081 Ad
1165 1022 1429 1083 Anebtartensem
1447 1023 1653 1097 epbcopom.

1270 1161 1303 1219 11
1317 1159 1379 1219 dec.
1397 1162 1477 1219 1116.

1043 1257 1090 1319 [Ex
1101 1257 1237 1308 cartulario
1246 1258 1291 1307 bis.
1305 1257 1410 1322 capituli
1428 1257 1537 1309 ecclesia
1551 1259 1707 1311 cathedralis

1275 1320 1475 1387 ambianensis]

976 1451 1141 1512 Mandatum
1163 1455 1281 1512 lionorii
1307 1470 1389 1528 papae
1416 1470 1552 1528 episcopo
1575 1455 1773 1528 ambianensi,
1826 1412 1829 1417 Ι
1867 1510 1870 1515 .

1016 1560 1114 1609 000113
1151 1552 1332 1625 injuriatores
1364 1561 1392 1611 et
1420 1551 1561 1611 bonorum
1597 1553 1775 1615 detractores

1012 1641 1130 1714 capituli
1144 1640 1357 1698 ambianensis.

1017 1767 1240 1829 Honorius...
1268 1765 1454 1829 venerabili
1489 1767 1585 1830 fratri
1620 1769 1776 1847 episcopo

979 1864 1203 1938 ambianensi,
1228 1865 1369 1927 salutem
1388 1868 1423 1927 et
1440 1865 1656 1943 apostolicam
1668 1866 1774 1929 bene-

979 1962 1168 2025 dictionem.
1669 2017 1675 2030 .

1019 2063 1100 2122 Cum
1130 2061 1242 2123 dilecti
1272 2061 1333 2123 filii
1366 2061 1600 2146 ambianensis
1639 2063 1777 2141 capituli

979 2158 1202 2236 frequentera
1222 2159 1345 2231 multis,
1363 2160 1449 2221 sicut
1468 2159 1667 2237 accepimus,
1682 2161 1777 2239 rapi-

980 2257 1032 2317 nis
1053 2257 1195 2335 aliisque
1217 2257 1351 2335 injuriis
1376 2257 1522 2320 indebite
1549 2259 1776 2332 molestentur,

980 2371 1052 2428 nos,
1069 2357 1184 2417 contra
1206 2355 1437 2418 molestatores
1458 2356 1647 2434 hujusmodi
1661 2356 1779 2419 rolen-

980 2455 1030 2515 tes
1047 2453 1171 2514 eisdem
1193 2455 1331 2531 paterna
1350 2454 1575 2516 sollicitudine
1590 2455 1776 2532 providere,

981 2551 1182 2613 fraternitati
1197 2553 1262 2614 tuae
1277 2567 1337 2629 per
1350 2552 1540 2630 Apostolica
1555 2553 1678 2631 scripta
1691 2570 1781 2632 prae-

982 2649 1133 2726 cipiendo
1146 2648 1352 2723 mandamus,
1361 2651 1523 2727 quatenus
1533 2651 1661 2729 quoties
1672 2667 1782 2730 aprae-

982 2747 1049 2810 fato
1067 2747 1211 2824 capitulo
1230 2747 1334 2809 fueris
1349 2749 1540 2826 requisitus,
1558 2765 1673 2811 eorum
1687 2750 1783 2828 inju-

982 2846 1139 2919 riatores,
1169 2862 1230 2923 per
1261 2846 1517 2908 ambianensem
1545 2848 1714 2911 civitatem
1748 2848 1783 2911 et

983 2944 1152 3005 dioecesim
1171 2944 1378 3019 constitutos,
1394 2947 1431 3007 ut
1449 2945 1498 3006 eis
1517 2945 1725 3009 satisfaciant
1740 2946 1783 3008 de

982 3042 1116 3120 injuriis
1131 3042 1299 3119 irrogatis,
1316 3043 1349 3105 et
1363 3041 1403 3104 ab
1419 3042 1601 3105 inferendis
1616 3045 1651 3105 in
1666 3045 1781 3123 poste·

983 3156 1056 3201 rum
1077 3141 1314 3218 conquiescant
1340 3163 1347 3201 ε
1378 3142 1515 3203 Monens
1542 3142 1722 3205 efficaciter
1749 3143 1785 3207 et

984 3239 1122 3301 inducas
1143 3237 1220 3300 11103
1244 3240 1300 3317 qui
1327 3239 1460 3301 monitis
1481 3240 1693 3318 acquiescere
1714 3256 1783 3303 non
1836 3262 1842 3273 ·

984 3338 1186 3411 curaverint,
1204 3337 1244 3398 ad
1258 3337 1302 3410 id,
1314 3353 1374 3415 per
1388 3354 1563 3399 censuram
1576 3339 1785 3402 ecclesiasti-

985 3452 1069 3508 cam,
1091 3434 1314 3512 appellatione
1338 3436 1532 3513 postposita,
1550 3437 1637 3499 sicut
1655 3439 1783 3514 Justum

985 3533 1096 3605 fuerit,
1109 3532 1346 3610 compellendo,
1361 3533 1552 3595 mandatum
1565 3534 1784 3612 apostolicum

984 3632 1097 3695 taliter
1108 3631 1305 3708 impleturus
1318 3631 1403 3709 quod
1418 3631 1503 3693 idem
1516 3632 1709 3710 capitulum,
1722 3648 1782 3712 pro

986 3730 1116 3792 defectu
1141 3730 1213 3802 tuo,
1243 3745 1309 3791 non
1343 3729 1489 3807 patiatur
1510 3732 1650 3808 Justitiae
1679 3732 1786 3793 detri-

986 3830 1143 3901 mentum,
1155 3827 1189 3890 et
1198 3843 1258 3889 nos
1271 3828 1311 3889 de
1323 3828 1526 3905 negligentia
1539 3829 1785 3907 reprehendere

987 3944 1054 3990 non
1069 3926 1244 4004 possimus.
1260 3927 1375 3988 Testes
1387 3928 1497 3988 autem
1511 3928 1568 4005 qui
1580 3927 1704 3990 fuerint
1717 3944 1785 3990 no-

987 4025 1115 4097 minati,
1141 4025 1170 4085 si
1194 4040 1230 4085 se
1254 4025 1378 4101 gratia,
1401 4025 1454 4087 rel
1480 4026 1568 4099 odio,
1591 4025 1644 4088 vel
1665 4026 1786 4089 timore

988 4123 1225 4194 subtraxerint,
1237 4138 1296 4201 per
1306 4140 1480 4185 censuram
1496 4122 1656 4194 eamdem,
1670 4124 1788 4203 appel-

989 4223 1113 4284 latione
1136 4221 1299 4294 cessante,
1323 4223 1501 4300 compellas
1527 4221 1660 4285 veritati
1687 4223 1786 4285 testi-

989 4321 1136 4383 monium
1159 4320 1345 4395 perhibere.
1368 4323 1487 4382 batum
1504 4321 1672 4393 Laterani,
1686 4321 1787 4383 tertio

990 4436 1096 4482 nonas
1120 4420 1318 4492 decembris,
1339 4418 1550 4497 pontificatus
1571 4419 1676 4482 nostri
1698 4432 1788 4481 anno
1823 4412 1826 4419 ⁴

990 4534 1108 4597 primo.
1573 4536 1576 4541 ·

1329 4661 1451 4749 XCVI

1090 4815 1343 4890 decapitatum
1358 4814 1686 4876 claromontensem.

1288 4928 1321 4986 11
1335 4927 1398 4986 dec.
1417 4927 1496 4986 1116.

1018 5035 1185 5102 [Begastlib.
1196 5036 1218 5094 l,
1230 5034 1304 5100 epist.
1319 5033 1372 5085 131.
1385 5035 1484 5087 -1133,
1495 5034 1532 5085 La
1542 5036 1615 5086 Porta
1629 5034 1663 5085 du
1674 5034 1769 5101 Theti]
1832 5046 1836 5051 ·

144 5171 297 5250 adipisci,
314 5169 374 5232 snb
397 5169 488 5231 beati
512 5166 601 5230 Petri
623 5167 656 5230 et
676 5169 790 5230 nostra
810 5170 942 5244 proteo-
994 5171 1219 5234 claromontensi
1229 5169 1363 5243 capitulo,
1374 5169 1421 5242 qui
1432 5175 1601 5239 statuerunt,
1613 5184 1649 5227 ne
1658 5168 1793 5228 absentes

144 5272 236 5334 tione
255 5268 465 5345 suscipimus.
486 5265 703 5328 Praebendam
722 5266 832 5328 autem
849 5267 943 5328 Mas·
1030 5260 1161 5320 canonici
1176 5259 1312 5317 fructibus
1330 5258 1476 5333 gaudeant
1490 5273 1548 5316 non
1564 5258 1696 5317 obstante
1715 5259 1791 5332 quod

146 5369 257 5430 sinen,
280 5367 314 5429 et
332 5366 400 5429 appa
413 5365 502 5427 pona
518 5367 574 5426 tua
592 5364 678 5426 Sicut
696 5380 735 5426 ea
753 5366 843 5443 juste
862 5380 943 5442 pos.
1032 5351 1172 5408 hactenus
1185 5350 1215 5407 in
1230 5348 1456 5408 claromontensi
1476 5347 1597 5405 ecclesia
1617 5349 1791 5406 contrarium

146 5468 236 5529 sides
253 5466 286 5527 Oq
302 5465 427 5543 quiete,
453 5463 649 5526 auctoritate
672 5463 732 5525 tibi
752 5463 943 5541 Aposqoqjca
1032 5438 1116 5497 fuerit
1127 5437 1320 5508 observatum,
1337 5436 1392 5495 hoc
1406 5442 1542 5495 statutum
1555 5436 1714 5494 confirmat.

146 5564 393 5635 confirmamus,
406 5563 440 5625 et
449 5561 746 5639 praesentisscripti
757 5561 942 5638 patrocinio
1037 5556 1215 5629 Honorius,
1232 5559 1307 5627 etc,
1323 5556 1443 5618 dilecto
1466 5554 1535 5616 filio
1555 5555 1701 5632 capitulo
1716 5554 1794 5615 Cla-

147 5661 402 5725 communimus.
417 5660 510 5723 Nulli
525 5675 617 5736 ergo,
633 5660 709 5734 eta,
723 5661 847 5739 nostrae
864 5676 944 5739 pro·
998 5655 1182 5720 romonten.
