3802 6166
161 281 221 345 119
625 276 802 339 HONORll
823 276 869 336 111
890 274 1040 336 opilat.
1056 305 1095 321 -
1111 277 1346 340 santientes,
1753 276 1813 340 im

163 439 269 521 ipsius
292 437 375 501 facit
396 436 559 501 invenire.
575 437 676 499 Actus
699 435 812 514 iustus
831 435 906 508 erit,
932 434 961 496 si
1015 436 1138 499 malum
1161 439 1195 500 st
1209 437 1313 499 iacias
1334 437 1469 511 bonum,
1485 435 1616 499 dimitte
1629 437 1815 516 peccataet

163 539 265 601 luerit
278 538 400 609 rectus,
424 537 624 608 fructuosus,
648 535 811 597 discretus
826 555 836 594 ι
850 535 961 596 rectus
1015 535 1159 612 recipias
1172 537 1325 599 uirtutes.
1350 539 1502 615 Exsurge
1514 551 1573 614 per
1582 534 1815 613 poenitentiam

165 637 356 717 perbonam
372 635 601 703 intentionem,
616 634 961 710 discretus-permen·
1015 634 1048 696 et
1072 635 1296 710 cognitionem
1326 635 1456 707 cordis,
1486 635 1519 696 et
1546 631 1751 696 illuminabit
1781 634 1816 696 te

165 752 278 797 suram
300 733 541 813 possibilitatis,
557 732 744 794 fructuosus
761 747 821 809 per
836 731 964 792 utilita-
1016 732 1182 805 Christus,
1196 733 1292 805 idest,
1307 731 1513 794 condonabit
1531 731 1609 804 tibi,
1632 732 1720 794 sicut
1742 731 1815 810 ipse

163 834 230 895 tem
249 833 486 910 proximorum.
504 834 628 893 Sensus
644 831 718 908 pius
740 830 817 902 erit,
832 830 861 890 si
880 829 962 889 tides
1016 829 1101 892 dixit
1133 847 1193 908 per
1222 829 1458 893 Ezechielem:
1484 832 1703 905 Quamcunque
1728 834 1817 892 bora

166 934 280 994 nostra
295 931 396 992 sentit
419 945 546 991 summe
565 931 743 1007 potentem,
765 943 892 989 summe
907 944 965 989 sa·
1012 929 1175 1004 peccator
1187 944 1376 991 coiioersus
1386 928 1532 1004 licent...
1544 926 1814 1008 (lincolnxxxrrr,

166 1030 324 1108 piantem,
343 1043 471 1091 summe
487 1027 620 1100 bonnm,
636 1029 672 1090 nt
687 1044 745 1104 per
759 1029 831 1104 ejus
846 1026 964 1104 poten·
1018 1026 1082 1105 12).
1109 1027 1202 1088 Unde
1232 1026 1336 1089 David
1350 1025 1468 1088 orabat
1492 1025 1608 1087 dicens
1628 1047 1636 1086 ε
1652 1029 1818 1088 micantius

166 1128 249 1191 tiam
262 1129 408 1189 nostram
426 1126 600 1188 credamus
618 1125 709 1188 vinci
723 1125 961 1197 infirmitatem,
1016 1129 1128 1187 oculos
1150 1140 1246 1187 oecos
1268 1140 1312 1188 ne
1340 1139 1494 1199 turmarum
1527 1126 1744 1186 obdormiam
1778 1126 1819 1185 in

167 1242 228 1303 per
250 1228 324 1304 ojns
347 1224 545 1302 sapientiem
561 1224 709 1286 nostram
731 1224 856 1301 corrigi
867 1223 965 1299 igno-
1016 1224 1129 1286 morto
1156 1222 1226 1303 (Ρε.
1252 1224 1301 1295 12,
1327 1221 1372 1302 4),
1400 1222 1497 1295 idest,
1523 1221 1676 1283 illumina
1700 1221 1818 1283 oculos

48 1322 51 1327 '
167 1323 321 1395 rentiam,
339 1325 482 1401 perejus
508 1321 693 1384 bonitatem
719 1322 867 1384 nostram
891 1338 965 1384 cre-
1017 1322 1128 1384 cordis
1139 1322 1215 1393 mei,
1228 1337 1270 1383 ne
1280 1337 1425 1399 unqrmm
1434 1319 1639 1383 obdormiam
1651 1320 1685 1381 in
1696 1321 1817 1392 morte,

166 1421 283 1484 damus
311 1421 394 1482 dilui
428 1420 649 1499 iniquitatem.
678 1420 757 1481 Tria
783 1421 861 1482 sunt
891 1436 963 1499 quae
1017 1420 1113 1493 idest,
1135 1435 1177 1482 ne
1198 1419 1323 1481 moriar
1336 1420 1372 1480 in
1385 1420 1520 1496 peccato
1540 1418 1720 1480 criminali.
1733 1419 1821 1491 Quia

167 1521 306 1582 mortem
322 1521 511 1580 sanctorum
535 1517 663 1580 iaciunt
683 1519 829 1596 pretiosa
846 1540 854 1579 ε
871 1520 965 1596 qrries
1018 1518 1106 1581 sicut
1117 1518 1197 1580 dicit
1212 1518 1403 1579 Hilarium«
1416 1518 1593 1578 Peccatum
1603 1515 1690 1594 quod
1703 1516 1740 1578 in
1754 1515 1821 1578 bac

166 1633 188 1680 a
208 1616 334 1688 labore,
351 1617 510 1692 gandium
530 1615 569 1678 de
597 1616 781 1690 nativitate,
802 1617 965 1678 securitas
1018 1617 1087 1679 uita
1115 1632 1182 1679 non
1194 1617 1383 1692 corrigitur,
1397 1615 1578 1693 ejusrenia
1593 1615 1822 1692 postmortem

46 1716 50 1731 ‘
168 1712 209 1775 de
222 1713 418 1775 aeternitate.
1018 1714 1142 1776 frustra
1163 1715 1359 1791 postulatur.
1375 1731 1393 1775 ε
1413 1716 1460 1775 De
1473 1714 1579 1775 morte
1591 1712 1744 1775 aeternali
1759 1728 1822 1774 re·

209 1811 366 1889 Sequitur
382 1833 388 1871 :
406 1811 491 1873 Nolo
510 1812 649 1872 mortem
673 1812 868 1889 peccatoris.
889 1811 965 1873 ldeo
1019 1815 1160 1889 surgunt
1175 1813 1363 1890 anitiquis
1380 1827 1497 1873 omnes
1516 1827 1743 1887 resurgemus,
1761 1811 1822 1872 sed

168 1911 255 1971 Deus
282 1909 421 1971 mortem
445 1910 629 1988 peccatoris
655 1925 721 1972 non
747 1910 835 1982 vult,
865 1910 964 1989 quia,
1019 1927 1086 1973 non
1111 1927 1225 1972 omnes
1249 1909 1500 1972 immutabimur
1522 1912 1634 1977 :Quia
1658 1923 1729 1971 aeon
1753 1924 1822 1971 re-

168 2006 256 2069 sicnt
270 2007 350 2069 dicit
363 2007 546 2085 Sapientia,
569 2010 657 2070 Deus
678 2008 817 2070 mortem
834 2024 900 2070 non
914 2008 967 2069 le·
1019 2011 1163 2086 stirpest
1176 2012 1275 2084 impii
1292 2011 1480 2081 injudicio,
1497 2022 1605 2081 licque
1616 2008 1823 2082 peccatores

169 2104 225 2178 cit,
243 2104 300 2166 sed
324 2106 420 2182 impii
443 2104 598 2167 manibus
622 2107 655 2169 et
677 2105 788 2168 uerbis
813 2122 969 2168 accerse·
1020 2111 1056 2169 io
1070 2110 1210 2169 cortcttio
1224 2107 1403 2180 proteum
1415 2103 1484 2184 (Ρε.
1503 2107 1532 2178 1,
1548 2103 1593 2183 5).
1607 2103 1700 2166 Unde
1712 2105 1826 2167 Joan-

168 2205 249 2267 runt
266 2203 371 2264 illam.
396 2204 473 2266 Ideo
495 2206 606 2267 autem
632 2204 777 2266 mortem
794 2221 860 2266 non
875 2204 964 2278 lecit,
1019 2220 1079 2266 nes
1094 2205 1128 2266 in
1143 2205 1342 2283 Apocalypsi
1359 2225 1367 2265 ε
1384 2208 1427 2266 Io
1445 2206 1562 2266 dicbus
1576 2205 1656 2275 titis,
1682 2203 1774 2264 idest
1784 2205 1825 2264 in

168 2301 247 2379 quia
271 2302 357 2378 qnod
381 2301 502 2364 iactum
518 2303 581 2375 est,
596 2303 632 2363 in
652 2303 724 2380 ipso
744 2303 827 2375 erat,
844 2303 877 2364 et
892 2303 966 2364 ideo
1012 2306 1162 2377 judicio,
1192 2301 1350 2378 picerent
1368 2302 1566 2377 peccatores
1592 2300 1762 2372 retortam,
1788 2299 1825 2363 et

170 2399 257 2476 qnod
274 2399 461 2462 factumest
481 2401 517 2462 in
536 2400 967 2480 ipsoritaerat,‹1u·iaipse
1020 2416 1088 2465 tion
1113 2401 1303 2471 trecenteni,
1323 2400 1357 2462 ct
1385 2398 1626 2461 desiderabunt
1650 2400 1757 2469 acori,
1785 2397 1822 2460 ct

85 2518 88 2523 ·
169 2497 300 2570 estria,
316 2498 440 2561 veritas
462 2500 494 2560 et
514 2499 595 2561 uita.
621 2500 699 2561 ldeo
725 2515 855 2578 quoque
879 2502 966 2560 Dens
1019 2515 1115 2561 inore
1145 2500 1256 2576 {reptet
1279 2501 1322 2560 ab
1345 2501 1397 2560 eis
1430 2495 1545 2576 (apoc.
1569 2512 1621 2569 rx,
1647 2494 1694 2576 d).
1722 2494 1823 2558 Unde

169 2595 310 2657 mortem
340 2595 524 2672 peccatoris
558 2613 625 2658 non
653 2598 744 2666 uult,
772 2597 851 2674 quia
877 2612 967 2658 mors
1020 2597 1198 2659 Psalmista
1215 2618 1223 2656 ι
1240 2598 1333 2657 Mors
1352 2596 1561 2673 peccatorum
1584 2592 1730 2672 pessima
1755 2594 1821 2656 est.

48 2685 90 2721 ⁸·
170 2694 383 2770 peccatorum
406 2693 551 2771 pessima
579 2693 641 2756 est.
661 2693 742 2756 Ideo
759 2695 966 2773 autempes-
1060 2696 1150 2757 Mors
1175 2694 1387 2773 peccatorum
1409 2709 1476 2755 non
1499 2695 1627 2755 tantum
1642 2692 1744 2766 mala,
1762 2691 1822 2755 sed

86 2832 89 2837 -
169 2788 268 2862 sima,
282 2791 361 2868 qnia
371 2792 501 2854 mortuo
515 2791 650 2854 bomine
660 2791 773 2870 impio,
788 2792 880 2854 nulla
891 2808 967 2870 spes
1020 2792 1165 2871 pessima
1177 2808 1252 2854 esse
1266 2791 1399 2864 dicitur,
1416 2791 1494 2870 quia
1509 2790 1717 2869 peccatorem
1728 2790 1822 2869 rapit

170 2886 236 2948 erit
248 2887 288 2949 de
304 2887 373 2950 illo.
386 2888 463 2952 Ideo
478 2904 559 2954 vero
574 2889 682 2962 nulla,
692 2890 771 2967 qnia
786 2890 821 2951 in
837 2889 967 2952 inferno
1020 2890 1062 2952 ad
1077 2890 1277 2968 gebennam.
1291 2892 1338 2951 Ea
1352 2905 1496 2968 namque
1511 2889 1617 2952 morte
1629 2887 1727 2949 simul
1741 2904 1820 2950 mo·

169 2983 262 3046 nulla
284 2987 334 3048 est
359 2986 553 3065 redemptio.
580 2987 642 3049 Sed
667 2986 702 3048 in
717 2987 786 3050 rita
810 2987 966 3064 praesenti
1021 2989 1107 3052 ritnr
1116 3004 1236 3067 corpus
1250 2990 1284 3050 et
1295 2988 1406 3050 anima
1425 3003 1491 3050 non
1507 2986 1711 3049 aeternaliter
1720 2985 1824 3049 amit·

170 3082 294 3144 accidit
312 3099 331 3145 e
350 3085 529 3158 contrario,
544 3084 622 3164 qnia
635 3087 901 3163 quantacumque
925 3086 969 3147 sit
1019 3088 1126 3151 tentes
1147 3088 1262 3160 vitam,
1286 3086 1343 3148 sed
1365 3086 1443 3149 ritae
1458 3085 1713 3148 beatitudinem,
1724 3083 1822 3147 Unde

171 3181 287 3242 nostra
298 3181 445 3253 miseria,
456 3184 563 3260 map'or
578 3184 629 3245 est
638 3187 710 3262 ejus
720 3183 965 3259 misericordia3
1021 3185 1202 3261 Gregorius
1219 3207 1227 3246 ι
1243 3202 1261 3245 u
1278 3185 1398 3247 Anima
1419 3184 1490 3245 illic
1505 3182 1614 3262 posita
1629 3199 1697 3244 non
1712 3181 1823 3260 perdit

171 3279 437 3365 quantacumque
460 3281 505 3343 sit
525 3283 641 3343 nostra
669 3282 833 3360 impietas,
862 3284 969 3360 major
1020 3300 1105 3356 esse,
1127 3283 1184 3345 sed
1207 3282 1315 3361 perdit
1328 3298 1404 3344 esse
1418 3281 1561 3345 beatam.
1576 3299 1594 3341 a
1607 3280 1703 3344 Unde
1724 3280 1825 3342 Psal-

168 3378 221 3438 est
244 3377 351 3454 pietas
372 3394 444 3440 sna.
470 3378 577 3453 Absit,
601 3380 638 3441 nt
659 3380 873 3457 desperemus
893 3396 967 3441 cnm
1021 3382 1118 3444 mista
1136 3404 1143 3443 :
1159 3382 1255 3444 storo
1268 3397 1348 3444 ooes
1363 3386 1400 3442 in
1412 3383 1550 3456 inferno
1558 3380 1666 3457 positi
1676 3380 1780 3451 sitiit,
1788 3378 1824 3442 et

36 3494 39 3499 ·
169 3474 251 3537 Cain
277 3475 456 3539 dicentes:
484 3481 592 3555 major
625 3479 676 3540 est
709 3479 870 3557 iniquitas
894 3493 968 3539 mea
1020 3481 1285 3556 aiwrsdcpascet
1298 3483 1370 3542 iilos
1380 3478 1449 3557 (Ρε.
1461 3480 1511 3551 48,
1521 3478 1566 3559 5).
1580 3478 1665 3540 Αοεὶ
1675 3477 1822 3539 diceret:

168 3588 268 3650 quam
288 3576 324 3637 ut
345 3576 477 3638 veniam
499 3593 641 3650 merear,
659 3576 894 3655 propterquod
909 3576 968 3638 ills
1021 3580 1108 3641 sicut
1122 3594 1287 3641 ovesnon-
1298 3576 1459 3639 radicitus
1471 3575 1594 3639 herbas
1608 3576 1746 3647 vellunt,
1761 3574 1822 3637 sed

167 3684 273 3745 vagus
287 3673 321 3734 et
332 3672 492 3749 prolugns
506 3673 589 3735 abiit
604 3690 704 3750 snper
716 3676 855 3736 terram.
1021 3677 1228 3739 summitates
1241 3677 1393 3753 carpunt,
1407 3678 1444 3737 ut
1456 3690 1587 3752 semper
1600 3675 1826 3735 renascantur

207 3766 294 3828 Nolo
319 3770 458 3830 mortem
478 3770 674 3847 peccatoris.
697 3771 818 3848 Utique
843 3770 967 3832 distin-
1021 3774 1134 3837 herbas
1155 3773 1197 3836 ad
1219 3774 1362 3852 pastum,
1383 3773 1430 3835 ita
1453 3788 1542 3836 mors
1564 3770 1823 3833 infernalisnon

169 3863 337 3939 guendnm
352 3867 403 3926 est
417 3866 505 3927 inter
528 3867 666 3928 mortem
691 3868 724 3929 et
745 3869 895 3929 mortem.
913 3868 969 3931 Est
1021 3873 1187 3935 consumit
1211 3871 1378 3943 homines,
1409 3871 1466 3933 sed
1495 3869 1636 3945 aflligit,
1658 3870 1694 3931 ut
1722 3868 1822 3931 bomo

171 3960 260 4022 enim
276 3977 366 4023 mors
380 3963 579 4040 corporalis,
601 3963 786 4041 spiritualis
807 3969 839 4027 et
864 3966 967 4027 aeter·
1021 3986 1153 4048 semper
1173 3969 1264 4032 vivat
1285 3968 1326 4030 ad
1351 3968 1501 4031 mortem.
1528 3969 1618 4030 Mors
1637 3967 1822 4045 corporalis

169 4059 268 4120 nelis.
293 4060 405 4121 Prima
429 4062 480 4123 est
494 4059 592 4135 bona,
621 4061 766 4124 secunda
794 4063 844 4125 est
867 4063 966 4137 mala,
1021 4068 1122 4130 vitari
1148 4083 1216 4128 non
1241 4067 1360 4146 potest,
1381 4081 1443 4129 nec
1465 4064 1678 4138 estvitanda,
1702 4063 1735 4126 si
1747 4080 1824 4127 eam

169 4157 268 4218 tertia
282 4158 333 4227 est
343 4158 498 4235 pessima.
509 4160 546 4220 ln
557 4158 664 4237 prima
674 4161 967 4238 separaturanima
1021 4165 1091 4227 rita
1103 4163 1313 4242 precesserit
1327 4163 1637 4242 sancta,‹1uiatnnc
1655 4162 1721 4225 erit
1731 4178 1823 4225 mors

169 4270 356 4333 ecorpore.
380 4259 417 4318 ln
444 4257 590 4319 secunda
608 4260 783 4336 separatur
806 4260 918 4321 anima
948 4276 967 4322 a
1021 4263 1179 4340 pretiosa.
1202 4263 1294 4324 Mors
1324 4261 1493 4325 aeternalis
1520 4259 1621 4324 vitari
1642 4260 1766 4337 potest,
1793 4259 1824 4321 si

169 4353 249 4414 Deo.
266 4353 412 4416 Intertia
428 4355 539 4417 anima
554 4372 630 4418 cum
649 4372 788 4434 corpore
807 4358 967 4420 condem·
1021 4361 1145 4423 vitetur
1158 4359 1354 4438 spiritualis,
1366 4361 1445 4437 quia
1455 4375 1515 4437 per
1524 4358 1733 4437 spiritualem
1744 4373 1825 4435 per-

171 4450 305 4513 nabitur
319 4452 355 4512 in
364 4451 504 4530 judicio.
529 4455 576 4515 lie
595 4455 700 4517 morte
716 4456 892 4533 corporali,
906 4472 967 4517 re·
1020 4459 1155 4522 venitur
1167 4458 1207 4520 ad
1221 4459 1425 4521 aeternalem.
1438 4459 1528 4520 Mors
1540 4457 1650 4520 autem
1661 4456 1825 4534 spiritua-

168 4550 316 4626 ·surgunt
328 4566 455 4624 omnes,
470 4551 548 4628 quia
564 4568 678 4613 omnes
692 4554 864 4626 morimur,
882 4554 969 4617 sicut
1021 4559 1063 4620 lis
1079 4557 1255 4636 tripliciter
1267 4557 1319 4619 tlt:
1332 4558 1451 4628 mente,
1464 4557 1590 4633 lingua,
1602 4571 1715 4616 mann.
1728 4555 1825 4617 Unde

52 4720 66 4745 ι,
170 4648 251 4709 dicit
275 4649 431 4710 Salomon
449 4671 456 4710 ι
476 4652 523 4712 nt
544 4665 645 4712 atenac
673 4652 724 4712 est
748 4653 806 4726 put
831 4668 969 4728 setttper
1021 4656 1231 4719 psalmista:
1258 4655 1420 4731 Coiwepit
1444 4658 1597 4717 dotorem
1627 4655 1660 4716 et
1682 4654 1826 4729 peperit

168 4747 276 4819 otoot,
304 4748 338 4810 ct
361 4752 420 4823 paci
447 4752 550 4824 breio
577 4753 631 4811 rei
659 4748 779 4811 babeat
807 4752 969 4822 duriciam
1021 4754 1252 4829 tietgtcitatem.
1268 4757 1398 4815 mcum
1410 4752 1551 4827 operuit
1565 4751 1599 4814 ct
1611 4751 1728 4827 effodit
1740 4766 1823 4813 eum

169 4844 576 4926 (Eccli.1x,‹i).EtDavid
592 4870 600 4908 :
617 4847 697 4920 Quis
716 4848 767 4909 est
790 4847 888 4910 homo
911 4849 968 4926 qui
1022 4851 1093 4932 (Ρε.
1116 4855 1148 4925 7,
1169 4849 1235 4930 16).
1257 4851 1415 4928 Concepit
1430 4860 1539 4912 mente
1561 4848 1721 4915 dolorem,
1735 4840 1825 4910 idest

169 4945 389 5016 vivit,etnon
404 4946 529 5008 uidebit
542 4946 692 5009 mortem.
713 4947 878 5008 Demorte
893 4948 966 5024 spi·
1021 4948 1266 5026 cogitationem,
1281 4948 1370 5009 mala
1394 4946 1505 5009 iacere
1526 4947 1737 5008 machinatus
1759 4946 1823 5018 est,

168 5045 284 5109 rituali
297 5045 477 5119 resurgunt
491 5044 607 5123 aliqui,
622 5045 699 5123 qnia
715 5045 774 5106 alii
789 5047 969 5122 resurgunt
1021 5047 1141 5126 quibus
1156 5046 1198 5107 ad
1223 5046 1372 5107 dolorem
1392 5048 1587 5123 perpetuum
1609 5043 1820 5122 pervenitur;

70 5136 73 5141 ’
168 5143 373 5220 adpoenam,
399 5142 460 5203 alii
486 5143 653 5205 advitam
679 5144 849 5217 aeternam,
879 5145 967 5206 unde
1021 5148 1054 5207 et
1075 5145 1204 5223 peperit
1226 5143 1454 5222 iniquitatem,
1485 5143 1592 5215 blest,
1627 5144 1823 5218 conceptam

168 5241 346 5318 Apostolus
363 5242 494 5316 :Sacrae
518 5243 576 5314 qui
600 5244 742 5314 oenatria,
759 5242 792 5304 et
815 5257 967 5318 obstrepe
1021 5241 1355 5322 iniquitatemlingua
1364 5240 1600 5304 manifestavit.
1613 5243 1736 5304 Lacum
1748 5255 1826 5317 ape-

168 5356 190 5401 o
229 5341 401 5409 iitortuts,
438 5338 472 5400 ci
502 5340 706 5401 maiattnubtt
741 5340 775 5402 tc
809 5342 967 5403 Gloriatus
1022 5343 1090 5406 ruit
1119 5342 1152 5402 et
1184 5340 1299 5403 effodit
1335 5340 1446 5411 illum,
1477 5339 1582 5412 idest,
1613 5338 1824 5416 iniquitatem

168 5436 265 5517 (Epln.
290 5452 325 5505 v,
347 5433 411 5514 14).
439 5434 541 5508 Quasi
567 5435 693 5498 diceret
716 5453 760 5499 :o
786 5438 886 5500 bomo
911 5439 966 5516 qui
1022 5456 1120 5518 qnam
1156 5439 1267 5500 mente
1293 5438 1512 5514 conceperat,
1538 5439 1571 5498 et
1596 5436 1712 5513 lingna
1740 5451 1823 5513 pro-

53 5530 56 5535 '
97 5610 101 5615 ,
170 5535 294 5597 dormis
310 5534 345 5595 in
359 5532 475 5595 multis
495 5533 585 5595 ritiIs
606 5533 638 5596 et
659 5535 828 5597 erroribus
841 5538 874 5599 et
888 5552 969 5615 pec·
1021 5538 1175 5609 diruerat,
1199 5537 1311 5614 operis
1335 5535 1577 5598 consuetudine
1609 5549 1825 5596 consumma-

163 5633 269 5704 catis,
298 5646 442 5711 exsurge
469 5647 489 5694 a
514 5632 676 5706 mortuis,
701 5632 809 5709 idest,
840 5634 968 5699 dimitte
1054 5635 1077 5698 t.
1109 5638 1195 5711 Ergo
1223 5635 1458 5697 convertemur
1486 5633 1528 5696 ad
1562 5631 1758 5704 Dominum,
1787 5631 1824 5692 ut
