3802 6166
59 318 124 381 205

62 477 178 559 (Prov.
190 492 288 547 xvrn,
303 476 367 557 17).
382 478 421 539 Et
434 493 494 539 nos
516 477 629 556 igitur,
641 477 772 550 tratres,
786 478 863 556 pilis

61 575 268 638 camelorum
282 575 471 649 induamur,
482 576 517 637 ut
534 554 634 638 etia'rn
647 576 728 638 vltia
743 577 778 637 in
794 576 865 639 tra·

60 674 170 738 tribus
187 673 368 736 deleamus.

102 775 161 835 Est
191 788 331 849 maguus
359 787 470 833 coram
494 772 646 845 Domino,
676 772 763 835 sicut
790 772 862 850 ipse

61 872 229 933 testatur:
245 871 344 932 luter
362 871 462 932 statos
485 874 672 932 mulierum
695 886 764 932 saort
776 886 861 932 sur-

63 969 158 1031 remit
182 970 299 1042 major
320 972 454 1030 Joartue
476 968 636 1041 Baptista
661 966 791 1046 (Matth.
814 985 860 1041 rr,

64 1066 125 1142 11),
143 1066 241 1137 idest,
257 1065 345 1127 inter
371 1065 466 1126 natos
485 1065 663 1127 mulierum
683 1067 861 1144 corrupta-

63 1181 146 1226 rum.
175 1163 268 1226 Inter
291 1164 387 1226 natos
414 1163 591 1224 mulierum
619 1165 860 1241 corruptarum,

63 1279 127 1325 non
144 1261 220 1324 dico
236 1261 417 1323 secundum
436 1260 591 1338 speciem,
609 1259 666 1323 sed
680 1262 862 1324 secundum

62 1360 248 1423 mollitiem.
264 1361 340 1423 Non
355 1359 429 1421 dico
453 1359 495 1420 de
516 1359 656 1421 muliere
680 1360 861 1421 secundum

63 1475 193 1530 sexum,
211 1457 269 1519 sed
280 1456 461 1519 secundum
474 1457 675 1534 amplexum.
691 1458 797 1519 Natus
812 1460 861 1522 est

63 1555 168 1618 Filius
195 1555 255 1617 Dei
278 1557 402 1633 praeter
426 1555 591 1628 naturam,
608 1555 666 1616 sed
689 1555 787 1616 natus
811 1558 863 1618 est

64 1653 198 1732 propter
218 1651 446 1714 redimendam
470 1653 637 1716 naturam.
662 1652 862 1730 Obsequium

64 1751 124 1812 tuit
135 1750 267 1827 gratim,
284 1766 350 1812 non
366 1766 484 1812 cursus
495 1750 679 1812 nativitatis
694 1751 861 1813 hnmanae.

64 1849 189 1921 Virtus,
206 1864 272 1909 nou
286 1849 384 1910 ratio.
400 1849 548 1925 Signum,
561 1864 627 1910 non
647 1850 861 1911 consuetudo.

66 1947 220 2024 dignatio
241 1962 309 2008 non
328 1945 485 2009 conditio.
510 1946 648 2009 Pietatis
672 1963 864 2009 sacramen-

66 2048 144 2117 tum,
163 2061 230 2106 non
246 2044 386 2107 Deitatis
412 2044 656 2107 detrimentum.
672 2047 747 2108 Non
768 2062 862 2107 com-

66 2159 173 2214 mune,
191 2142 249 2204 sed
263 2142 380 2204 solum.
397 2142 472 2204 Non
492 2142 685 2217 humanum,
702 2142 758 2205 sed
773 2144 861 2204 divi-

66 2257 153 2302 num.
168 2244 248 2304 Non
257 2241 417 2302 surremit
427 2242 860 2317 mojorlouuucliupttstu,

68 2338 160 2411 idest,
176 2340 286 2416 major
304 2338 464 2416 propheta
481 2340 579 2417 juxta
596 2339 682 2416 quod
704 2339 863 2401 Dominus

67 2435 132 2514 ipse
144 2436 375 2514 praemiserat:
392 2438 478 2503 Quid
493 2437 619 2498 emistis
635 2440 673 2499 iu
686 2438 863 2499 desertum

67 2534 200 2596 uideret
216 2534 452 2609 Propltctuml
469 2534 587 2595 Etiam
613 2537 687 2595 dico
710 2536 804 2595 vobis
830 2534 863 2596 ct

67 2637 137 2706 ptus
156 2647 263 2706 quom
275 2632 480 2707 propnetam
500 2629 610 2710 (Joan.
634 2647 682 2704 xr,
707 2629 752 2709 9).
771 2631 864 2693 Unde

69 2726 300 2791 benedicitur:
316 2728 403 2790 inter
412 2727 508 2790 natos
519 2727 697 2790 mulierum
707 2743 774 2789 non
789 2743 865 2789 sur-

71 2826 152 2887 rexit
174 2828 282 2905 major
295 2828 314 2889 J
317 2841 425 2887 oanns
439 2825 598 2902 Baptista.
615 2828 689 2903 ipse
702 2841 738 2886 se
750 2824 864 2886 bumi-

73 2923 174 2996 liarit
192 2923 324 3001 quando
345 2920 454 2986 dixit:
470 2941 489 2984 c
514 2923 575 2995 Qui
591 2923 665 3001 post
688 2938 741 2984 me
760 2923 862 2995 venit,

70 3025 141 3083 aute
167 3021 345 3083 meracius
364 3022 425 3094 est,
442 3022 536 3096 cuins
557 3036 625 3082 non
648 3036 721 3082 sum
745 3020 865 3097 dignus

71 3119 245 3195 corrigiam
273 3118 490 3180 calceamenti
512 3118 653 3180 solvere.
683 3135 703 3179 ε
727 3115 826 3197 (ioan
842 3134 866 3188 1,

71 3217 130 3297 tl).
148 3218 189 3279 Et
206 3219 294 3278 Deus
314 3232 389 3278 eum
411 3214 582 3289 exaltavit,
599 3216 730 3294 quando
754 3215 863 3278 dixit:

70 3314 152 3377 inter
180 3314 277 3377 natos
306 3314 494 3376 mulierum.
507 3314 601 3376 Unde
624 3313 863 3390 Evangelium:

72 3414 126 3487 Qui
143 3430 181 3475 se
196 3412 405 3475 exaltaverit.
423 3411 516 3475 Unde
532 3413 710 3490 Apostolus
723 3412 777 3473 :Si
792 3412 865 3489 quis

70 3513 160 3590 putat
174 3528 211 3573 se
232 3508 357 3590 aliquid
373 3526 458 3585 esse,
472 3527 547 3572 cum
566 3509 652 3571 nihil
668 3510 722 3582 sit,
744 3509 866 3587 ipsese

71 3609 201 3673 deducit
212 3608 333 3689 (Galat.
349 3624 396 3682 vr,
409 3606 455 3689 3).

105 3710 150 3771 Et
163 3706 352 3769 audieruut
366 3708 472 3769 uicisti
485 3707 520 3769 et
534 3702 672 3783 copuctt
687 3707 775 3780 quod
790 3721 868 3766 ntu-

68 3806 245 3886 putticccit
271 3807 439 3868 Dorutuus
464 3806 742 3868 misericordiam
766 3819 868 3866 sitnm

69 3922 144 3968 crau
159 3900 865 3982 ittc,ctcouprcttuubartturct(Luc.1,58).

71 4004 217 4077 Quatuor
239 4002 352 4079 itaque
375 4000 522 4063 notanda
548 4001 627 4062 sunt
649 3999 683 4060 in
702 3999 820 4061 amicis
836 4000 869 4061 et

70 4101 218 4179 cognatis
231 4098 399 4172 Ecclesiae,
416 4098 512 4171 idest,
529 4097 565 4159 in
580 4098 708 4175 angelis
723 4099 756 4160 et
769 4114 869 4159 sanc-

70 4201 121 4263 tis.
137 4197 396 4277 Primum,quod
407 4213 482 4258 cum
503 4196 561 4257 illa
571 4196 869 4273 gaudent3secun·

71 4298 157 4369 dum,
175 4296 262 4374 quod
292 4311 366 4358 cum
387 4294 449 4356 illa
472 4294 600 4370 dolent3
618 4294 764 4367 tertium,
782 4293 867 4371 quod

72 4412 142 4457 cum
164 4394 224 4457 illa
238 4395 354 4470 orant;
371 4393 537 4472 quartum,
552 4392 637 4470 quod
655 4408 715 4470 pro
730 4392 788 4453 illa
807 4410 870 4470 pu-

71 4495 275 4570 granicum
293 4491 353 4554 illa
366 4490 661 4568 gaudent,quando
677 4492 868 4567 peccatores

72 4592 311 4654 convertuntur
345 4590 387 4652 ad
428 4588 668 4668 poenitentiam.
706 4587 800 4649 Unde
834 4588 869 4649 in

72 4688 271 4766 Evangelio:
289 4690 460 4750 Gaudium
469 4687 520 4749 θεῖ
532 4702 653 4749 corum
666 4689 798 4762 carpetis
805 4689 870 4748 Det

70 4804 177 4865 super
191 4801 261 4849 aruo
281 4786 461 4863 peccatore
477 4784 721 4861 poeutteuttcru
747 4783 870 4861 cpcute

73 4884 166 4966 (luc.
191 4902 249 4957 xv,
276 4881 321 4961 7).
354 4881 515 4944 Similiter
539 4881 791 4958 intelligendum
820 4884 872 4942 est

72 4984 158 5063 quod
173 4982 319 5060 gaudent
334 4980 374 5043 de
390 4981 520 5042 caeteris
530 4980 626 5042 bonis
641 4979 871 5052 Ecclesiae‚vel

72 5081 204 5161 quando
221 5078 304 5159 justi
325 5079 503 5157 proliciunt
524 5078 677 5140 inbonis
701 5077 869 5156 operibus,

73 5183 122 5243 vel
136 5176 271 5259 quaudo
289 5176 495 5239 collocantur
509 5176 544 5237 in
560 5175 750 5238 scelestibus
776 5175 869 5237 sedi-

72 5279 142 5341 bus.
169 5274 414 5340 Providendum
438 5290 517 5351 ergo
544 5274 639 5336 nobis
664 5275 729 5346 est,
755 5273 871 5351 utqui

73 5377 257 5454 gaudemus
272 5373 420 5436 exterius
432 5372 653 5450 tripudiantes
671 5372 706 5432 in
719 5388 868 5448 corpore,

73 5475 279 5552 gaudeamus
303 5471 443 5533 interius
465 5470 653 5532 exultantes
684 5467 719 5529 in
746 5468 869 5545 mente;

74 5573 159 5654 quod
184 5587 252 5635 non
276 5571 327 5633 est
341 5568 453 5647 impiis
471 5567 641 5645 gaudium,
655 5565 736 5628 dicit
754 5567 870 5629 Domi-

75 5690 148 5746 nus,
162 5686 225 5733 nec
237 5669 290 5733 est
303 5683 371 5745 pax
378 5665 537 5730 ossibusa
553 5664 638 5728 iacis
648 5666 870 5744 peccatorum.

328 318 430 379 XVII.
450 346 492 364 ·-
508 319 553 381 IN
565 317 829 381 ‚Nativirnrn
852 317 1001 387 SANCTI
1021 317 1200 381 JOANNIS
1220 318 1450 381 BAPTIS'I'AE.

1654 320 1726 382 206¹·

918 480 998 540 Cnrn
1017 477 1166 540 Ecclesia
1190 476 1311 552 dolent,
1326 479 1379 542 vel
1401 478 1533 558 quando
1552 476 1637 541 boni?
1651 478 1722 540 de»
1774 486 1775 491 ’

917 574 1034 638 ficiunt
1048 592 1067 638 a
1081 575 1168 638 bono
1184 592 1294 654 opere,
1306 577 1360 639 vel
1374 577 1506 655 quando
1519 576 1599 638 mali
1608 576 1723 639 bonos·

918 675 1182 752 persequuntur,
1207 675 1261 737 vel
1282 674 1434 752 affligunt
1462 675 1594 753 injuste.
1623 675 1717 737 Unde

919 771 1717 849 isaias:Artpcttpcctaomurcttctuuttlsxxxnn,

917 868 962 949 7).
989 870 1108 946 Angeli
1127 870 1219 947 pacis
1241 869 1398 932 dicuntur
1419 870 1497 932 boni
1522 870 1716 948 angeliaci

918 967 995 1045 quia
1011 983 1126 1045 pacem
1144 967 1356 1040 annuntiant,
1373 968 1427 1029 vel
1449 967 1526 1045 quia
1551 984 1665 1045 pacem
1682 969 1718 1029 in

918 1064 1039 1127 nostris
1053 1064 1209 1127 cordibus
1224 1065 1359 1137 donant,
1373 1065 1449 1126 dum
1462 1068 1632 1128 removent
1649 1068 1717 1129 ini-

917 1163 1049 1224 micum.
1067 1163 1129 1236 Qui
1143 1163 1345 1226 toties·ilent
1367 1180 1491 1236 amare,
1505 1164 1634 1242 quoties
1655 1181 1716 1227 nos

917 1261 1031 1323 vident
1042 1278 1061 1322 a
1070 1259 1202 1340 justitia
1213 1261 1393 1324 declinare.
1411 1262 1504 1325 Unde
1520 1263 1552 1324 θῖ
1564 1263 1715 1325 mortuus

918 1373 1015 1436 quem
1030 1358 1203 1422 suscitavit
1221 1358 1368 1422 ioannes
1389 1359 1612 1436 Evangelista,
1630 1361 1715 1422 dixit

917 1456 985 1518 illis
1000 1457 1056 1534 qui
1071 1456 1295 1534 poenitnerant
1307 1456 1394 1535 qnod
1409 1457 1496 1520 bona
1515 1475 1575 1519 sua
1589 1475 1717 1536 paupe·-

917 1554 1009 1617 ribus
1038 1555 1283 1617 distribuerent.
1312 1557 1387 1617 Vidi
1417 1561 1556 1632 cunctos
1581 1557 1715 1620 cestros

916 1653 1074 1726 tientes...
1089 1653 1208 1730 Angeli
1221 1652 1328 1715 sancti
1342 1652 1499 1715 dicuntur
1512 1653 1639 1731 lugere,
1647 1670 1714 1716 non

918 1752 995 1829 quia
1015 1751 1050 1812 in
1065 1767 1126 1812 sua
1148 1753 1268 1813 natura
1287 1750 1354 1813 tale
1380 1751 1506 1829 aliquid
1530 1753 1715 1830 patiantur,

918 1848 1061 1927 sedquia
1073 1848 1211 1910 multum
1226 1848 1593 1928 dolentdenobis,qu0s
1605 1849 1715 1912 sciunt

918 1963 953 2007 se
970 1945 1142 2008 habituros
1157 1947 1339 2008 consortes.
1352 1950 1417 2009 Pro
1432 1947 1580 2009 Ecclesia
1604 1950 1713 2021 orant,

919 2044 1005 2106 sicut
1020 2043 1100 2106 dicit
1123 2044 1262 2122 angelus
1278 2044 1389 2106 Tobiae
1407 2067 1413 2105 :
1432 2046 1571 2111 Ostende
1590 2049 1715 2109 orales

917 2157 995 2204 urta
1010 2146 1183 2217 tucrprrats,
1199 2158 1262 2219 epo
1280 2143 1393 2205 obtuit
1406 2144 1601 2207 orationem
1616 2145 1713 2206 trram

917 2238 1242 2319 Doruiuo(Tob.xn,
1256 2238 1320 2318 12).
1335 2241 1482 2316 Angelus
1500 2241 1618 2303 obtulit
1642 2257 1714 2304 ora·

918 2338 1040 2399 tionem
1055 2336 1177 2410 Tobiae,
1195 2353 1261 2399 non
1279 2338 1366 2415 quod
1382 2339 1469 2400 Deus
1484 2354 1550 2400 non
1570 2340 1715 2402 audierit

918 2435 1021 2508 illam,
1037 2434 1091 2497 vel
1111 2436 1196 2513 quod
1212 2451 1278 2497 non
1298 2437 1482 2512 susceperit
1499 2436 1591 2497 illam
1612 2438 1714 2500 etiam

919 2533 991 2595 sine
1020 2533 1150 2610 ange10,
1169 2533 1228 2594 sed
1254 2531 1378 2595 dictum
1402 2536 1453 2596 est
1474 2535 1592 2607 obtati,
1615 2535 1712 2609 idest,

919 2630 1104 2694 orationem
1121 2631 1211 2692 tuam
1227 2630 1379 2709 precibus
1401 2631 1483 2692 meis
1506 2633 1631 2710 alljuvi.
1650 2637 1714 2696 Pro

919 2730 1066 2791 Ecclesia
1086 2729 1244 2806 pugnant,
1259 2745 1301 2791 ne
1316 2730 1397 2791 mali
1416 2731 1527 2807 angeli
1543 2732 1670 2808 possint
1683 2732 1715 2793 ei
1781 2792 1784 2797 .

918 2843 1051 2900 nocere,
1065 2826 1130 2890 nisi
1149 2827 1192 2889 ad
1207 2827 1270 2889 hoc
1284 2829 1321 2890 ut
1340 2829 1479 2906 prosint.
1497 2828 1590 2891 Unde
1607 2832 1715 2892 Joan·

919 2942 979 2987 ues
996 2926 1030 2986 in
1052 2924 1251 3004 Apocalypsi
1274 2947 1282 2987 z
1308 2927 1454 2988 Factum
1480 2927 1532 2989 θεῖ
1552 2931 1717 3001 praestum

919 3039 1086 3102 mugitum
1112 3027 1150 3085 tu
1173 3027 1429 3095 contumeliosi
1448 3026 1482 3087 ci
1505 3030 1619 3103 carpeti
1642 3029 1718 3100 uras

918 3122 1169 3197 praeliabantur
1194 3137 1272 3184 meru
1294 3126 1444 3184 dracoue
1463 3121 1577 3202 (Apoc.
1596 3123 1715 3204 x11,7).

921 3219 1073 3292 Quotidie
1089 3219 1125 3281 tit
1137 3219 1289 3298 praelium
1311 3219 1344 3280 in
1363 3220 1457 3293 coele,
1473 3221 1569 3293 idest,
1584 3222 1619 3282 in
1640 3237 1717 3284 aere

920 3319 1045 3390 nostro,
1062 3317 1140 3378 dum
1156 3318 1235 3379 mali
1256 3318 1366 3394 angeli
1388 3317 1484 3380 nobis
1504 3319 1637 3381 student
1651 3336 1716 3381 no·

921 3432 1007 3477 cere.
1022 3416 1061 3476 nt
1081 3415 1128 3476 ita
1142 3415 1179 3476 nt
1193 3416 1407 3477 concertatio.
1425 3416 1488 3477 Sed
1508 3417 1586 3477 mali
1606 3417 1717 3493 angeli

921 3513 1067 3592 quotidie
1089 3514 1299 3590 superantur,
1317 3514 1350 3574 et
1362 3512 1441 3573 boni
1457 3513 1496 3575 de
1512 3514 1619 3576 salute
1635 3531 1717 3575 nos-

921 3611 972 3672 tra
986 3609 1070 3671 etde
1085 3625 1146 3669 sua
1161 3608 1301 3670 victoria
1314 3609 1511 3684 gloriantur.

962 3707 1142 3785 Sequitur:
1165 3707 1211 3769 Et
1235 3707 1367 3781 sectum
1391 3708 1441 3770 cst
1463 3711 1499 3769 tu
1522 3710 1577 3770 cite
1597 3710 1716 3771 octavo

922 3806 1092 3869 verterunt
1110 3807 1359 3867 circumcidere
1376 3821 1535 3880 pueruru,
1561 3807 1595 3868 et
1615 3821 1718 3868 oocu-

923 3904 1003 3967 buut
1024 3919 1105 3965 euru
1130 3907 1269 3965 uomina
1293 3904 1408 3976 patris
1432 3907 1488 3964 sut
1510 3908 1720 3967 Zocltortout

923 4001 1017 4081 (Luc.
1030 4018 1054 4077 1,
1071 4001 1135 4080 59).
1162 4002 1310 4073 Quatuor
1335 4003 1413 4064 sunt
1433 4003 1578 4065 notanda
1601 4003 1637 4065 in
1654 4003 1719 4065 ad-

922 4101 1023 4162 ventu
1038 4100 1254 4175 cognatorum
1266 4100 1298 4161 et
1306 4099 1502 4173 vicinorum,
1512 4100 1608 4173 idest,
1622 4116 1722 4163 sanc·

922 4199 1031 4259 torum
1049 4198 1082 4258 et
1096 4196 1301 4271 angelorum.
1325 4197 1473 4258 Primum
1498 4198 1596 4275 quod,
1616 4199 1650 4258 in
1666 4198 1720 4259 die

924 4297 1039 4357 octavo
1068 4295 1249 4369 venerunt;
1273 4294 1454 4355 secundum
1477 4294 1563 4373 quod
1580 4312 1720 4373 puerum

924 4391 1211 4466 circumciderint,
1240 4392 1373 4453 tertium
1407 4393 1493 4470 quod
1526 4393 1721 4455 Zachariam

923 4490 1018 4551 illum
1045 4489 1307 4564 nominaverint3
1338 4491 1492 4567 quartum
1521 4491 1605 4568 quod
1635 4491 1728 4566 patri

924 4590 997 4665 ejus
1012 4585 1183 4649 innuerint
1197 4603 1294 4665 quern
1318 4587 1418 4649 vellet
1445 4588 1560 4649 vocari
1576 4604 1663 4659 eum,
1687 4588 1721 4648 θῖ

925 4686 1019 4764 pater
1029 4685 1199 4762 postulans
1212 4685 1393 4762 pugillares
1409 4685 1542 4762 scripsit.
1554 4689 1723 4747 :Joatutes

925 4783 977 4846 θεῖ
999 4798 1125 4845 rtorttcu
1149 4786 1234 4856 ejus.
1256 4782 1367 4843 Primo
1386 4783 1452 4844 :Et
1472 4782 1603 4855 soctruu
1618 4783 1669 4843 θεῖ
1685 4784 1723 4844 iu

926 4884 979 4943 dic
994 4881 1123 4962 octavo.
1145 4881 1287 4941 Octavus
1305 4879 1376 4940 dies
1400 4878 1568 4955 significat
1586 4878 1724 4942 clarita-

926 4981 991 5040 tem
1017 4977 1289 5049 resurrectionis,
1315 4976 1394 5055 quia
1427 4976 1464 5038 in
1494 4992 1533 5038 eo
1562 4978 1722 5040 Dominus

926 5075 1121 5138 resurrexit.
1136 5075 1221 5137 Sunt
1233 5075 1344 5136 autem
1357 5075 1431 5136 duae
1441 5076 1721 5153 resurrectionem

926 5191 993 5235 una
1001 5175 1036 5235 in
1045 5172 1288 5252 praesentialis
1297 5172 1330 5234 in
1343 5172 1587 5236 sntnro.Unain
1598 5174 1721 5248 anima,

926 5273 1032 5334 altera
1044 5273 1079 5333 in
1093 5287 1240 5348 corpore.
1262 5273 1426 5333 inanima
1451 5271 1487 5333 tlt
1508 5275 1722 5347 resurrectio,

926 5370 1057 5447 quando
1072 5370 1183 5430 anima
1199 5386 1271 5447 quae
1293 5372 1422 5431 mortua
1447 5372 1497 5431 est
1517 5386 1576 5448 per
1593 5370 1723 5447 culpam

926 5469 1071 5542 resurgit
1084 5483 1143 5545 per
1158 5468 1384 5545 poenitentiam
1397 5470 1431 5528 et
1438 5468 1612 5544 justitiam,
1631 5468 1723 5529 dese·
1854 5546 1857 5551 Ι

926 5566 1028 5628 rendo
1039 5565 1203 5627 malumst
1214 5565 1366 5627 iaciendo
1379 5564 1512 5627 bonum.
1522 5565 1721 5627 Undetoan-

926 5680 985 5727 nes
996 5663 1451 5743 inApocalypsichatuscst
1464 5664 1497 5726 ct
1507 5664 1721 5737 Sottctusqut
