3802 6166
64 268 106 329 oa
490 268 575 332 vu1.
596 266 703 332 -IN
725 268 855 332 FES'IO
877 268 1027 333 saucii
1051 269 1280 335 siivasi'nl.
1684 276 1726 341 94

65 440 163 489 nam.
181 427 240 489 Est
253 425 343 489 enim
361 427 508 506 piscator
525 426 710 508 multiplex,
729 426 869 505 scilieet,
926 431 1186 508 perseverantia.
1213 432 1257 494 ut
1288 431 1401 495 autem
1441 435 1726 511 perseverantiam

65 521 216 602 piscator
231 539 417 602 supremus,
434 527 574 601 medius,
588 528 780 591 etinlimus.
796 528 872 590 Pis·
925 527 1047 591 babeat
1069 545 1185 592 murus
1209 529 1419 603 obedientia,
1441 531 1608 595 inhaerere
1628 532 1727 598 debet

66 622 162 685 cator
183 639 359 701 supremus
380 624 546 694 Christus,
569 625 626 704 qui
648 626 771 704 piscem
793 625 870 687 dla-
926 626 989 689 sibi
1011 627 1260 706 propugnacula
1296 628 1478 706 patientia.
1514 630 1724 694 sicutenim

65 718 182 783 bolum
203 721 300 799 quasi
325 722 485 798 grandem
508 725 618 785 cetum
643 724 753 802 coepit.
778 723 871 787 Unde
926 724 1177 788 defendentibus
1194 741 1326 788 murum
1345 728 1536 791 necessaria
1552 730 1631 791 sunt
1645 746 1728 808 pro-

64 817 129 880 Job
146 838 155 878 ι
170 822 213 881 lu
227 821 333 882 ocutis
348 822 425 893 qius
438 824 537 896 quest
550 826 652 884 bomo
667 823 780 897 captet
792 836 872 885 eum
925 822 1111 900 pugnacula
1138 823 1179 884 ad
1197 824 1345 886 mvenda
1362 824 1476 902 jacula
1492 826 1654 901 hostium,
1675 827 1726 891 sio

66 914 156 995 (iob.
179 932 234 990 ιι,
256 914 320 997 19).
341 917 497 996 vPiscator
517 919 646 980 medius
672 919 871 998 praedicator
925 920 1191 983 etobedientiam
1203 921 1515 984 tenerevclentibus
1529 925 1724 988 necessaria

65 1013 121 1074 rel
153 1013 324 1091 praelatus.
359 1014 454 1077 Unde
486 1014 522 1077 in
553 1015 735 1093 Evangelio
766 1017 828 1078 boc
860 1037 869 1077 ι
926 1018 1097 1094 patientia,
1113 1034 1187 1096 quae
1204 1018 1311 1081 munit
1323 1018 1493 1082 homiuem
1511 1021 1627 1083 contra
1641 1037 1724 1084 ver-

64 1113 197 1186 sectam
207 1127 270 1173 vos
280 1113 361 1185 tieri
370 1113 564 1188 piscatores
577 1117 767 1177 bominum.
924 1115 1041 1178 borum
1058 1116 1267 1189 acerbitates,
1284 1117 1316 1179 et
1337 1132 1473 1195 operum
1498 1117 1722 1195 fatigationes.
1878 1162 1881 1167 ·

106 1208 284 1271 Etlbidem
300 1230 309 1269 ι
326 1210 414 1272 thtt
431 1214 516 1273 duos
528 1212 673 1286 matres,
693 1214 870 1274 Simonem
964 1213 1057 1274 Mille
1069 1213 1176 1292 clypei
1188 1214 1332 1292 pendent
1341 1215 1545 1289 exea,idest‚
1558 1215 1720 1295 protectio
1854 1216 1858 1221 '

66 1309 100 1370 et
111 1311 292 1370 Arsdreem
306 1308 483 1371 mittentes
496 1310 571 1372 rete
585 1312 622 1371 in
635 1325 747 1384 mere,
768 1309 869 1371 crant
926 1308 933 1391 l
939 1310 1098 1389 perfectio
1106 1309 1130 1392 t]
1142 1312 1175 1374 et
1188 1311 1368 1374 assiduitas
1377 1312 1551 1386 orationis,
1563 1329 1636 1391 quae
1647 1313 1723 1376 cui·

66 1408 162 1468 enim
187 1407 383 1482 piscatores
408 1404 531 1486 (Marc.
561 1422 585 1479 1,
617 1406 685 1487 18).
719 1408 871 1470 Piscator
924 1424 988 1486 que
1003 1408 1063 1471 tibi
1075 1409 1109 1472 et
1122 1409 1275 1487 proximo
1287 1408 1472 1471 subsidium
1485 1409 1560 1472 tert.
1577 1411 1719 1490 clypeus

65 1503 205 1566 intimus
227 1503 391 1578 diabolus,
416 1504 470 1567 vel
494 1504 682 1568 hereticus.
712 1505 806 1568 Unde
833 1504 868 1566 in
925 1505 1723 1584 bucilluequeciroumterripotest.Pendetetiem
1779 1526 1782 1537 ’

65 1601 268 1678 evangelio:
290 1602 380 1664 Vidit
399 1604 486 1665 altos
503 1606 588 1666 ditos
605 1604 752 1678 tratres,
768 1607 871 1666 Jaco-
924 1620 967 1666 ex
979 1603 1586 1676 eaomnisarmaturatortiumouam
1596 1606 1723 1669 Paulus

66 1703 148 1762 born
170 1703 329 1762 Zebedaei
342 1699 377 1762 et
394 1704 565 1763 loannem
575 1701 727 1776 fratrem
740 1704 816 1775 cias
831 1705 868 1763 in
924 1718 1114 1779 exponensz
1133 1682 1341 1777 propterea,
1356 1701 1480 1779 inquit,
1495 1704 1640 1778 ooctptte
1653 1719 1720 1766 er-

65 1814 139 1860 amo
161 1801 247 1859 aevi
267 1813 347 1860 cuae
366 1801 531 1861 Zebedaeo
546 1800 650 1874 patre
668 1815 789 1862 eorum
804 1814 868 1861 re·
923 1800 1725 1876 matacramliet,utposstttsreststereadecrsue

65 1896 227 1970 temutes
241 1897 333 1958 relic
353 1911 418 1958 aaa
433 1896 564 1975 (Matth.
589 1912 635 1970 nr,
657 1896 723 1978 21).
741 1897 779 1959 Ε)
791 1897 869 1975 quia
924 1902 1069 1961 tristatas
1078 1899 1254 1971 diebott,et
1263 1901 1461 1961 inmanitas
1470 1900 1619 1974 perfecti
1626 1901 1723 1963 stare

65 1993 204 2055 intimus
231 1996 305 2056 erat
327 1992 474 2071 piscator
500 1993 558 2055 ille
591 1994 780 2067 zebedaeus,
808 2011 869 2058 nee
924 1995 1021 2076 (Epi.
1037 2013 1082 2070 ιι,
1100 1996 1165 2077 13).
1186 1995 1270 2069 Quid
1286 1995 1542 2069 sitobedientia,
1558 1998 1592 2059 et
1605 1996 1723 2075 quanti

64 2107 143 2153 eum
158 2107 201 2153 eo
213 2092 370 2169 poterant
387 2092 481 2169 sequi
501 2094 627 2165 iesum,
642 2092 768 2155 relictis
782 2093 868 2155 reti-
923 2095 1035 2158 meriti
1049 2095 1104 2166 sit,
1120 2094 1176 2158 isli
1199 2094 1265 2156 duo
1286 2093 1407 2157 tratres
1432 2093 1584 2157 indicant
1609 2095 1719 2157 nobis.

64 2188 129 2251 bus
144 2189 179 2252 et
194 2192 289 2267 patre
310 2189 417 2252 secuti
440 2189 519 2252 sunt
533 2206 621 2252 eum.
647 2191 779 2253 Pnimus
799 2191 871 2268 pis·
924 2193 1099 2267 Continuo,
1114 2194 1287 2271 postquam
1298 2191 1385 2254 dixit
1392 2195 1501 2266 lesus,
1517 2192 1631 2256 venite
1639 2192 1721 2267 post

65 2288 164 2350 caton·
193 2288 358 2366 optimus,
388 2288 553 2350 secundus
587 2288 714 2363 bonus,
751 2290 869 2351 tertius
922 2307 989 2364 me,
1006 2292 1196 2363 sinemora,
1213 2289 1339 2352 relictis
1361 2289 1499 2362 retibus,
1514 2290 1619 2352 secuti
1642 2291 1721 2354 sunt

63 2386 246 2464 pessimus.
278 2386 409 2448 Primus
431 2401 556 2462 sagena
584 2386 742 2449 Ecclesiae
770 2386 870 2464 coepit
924 2405 1011 2450 eum.
1028 2388 1068 2450 Et
1088 2388 1175 2450 sicut
1201 2388 1273 2465 ipse
1291 2387 1418 2464 recepit
1440 2388 1580 2449 mortem
1595 2402 1655 2463 pro
1669 2387 1721 2449 eis

62 2482 870 2560 diabolumsicutdicitlob:Neeaaqutdtmptebts
924 2486 1044 2558 crucis,
1054 2483 1101 2547 ita
1113 2485 1147 2548 et
1158 2484 1223 2562 ipsi
1236 2485 1437 2562 receperunt
1449 2484 1722 2562 proeoeamdem

63 2587 313 2660 wpasaspcae
327 2584 414 2656 aas,
433 2581 467 2644 et
481 2583 705 2659 qurpusttum
718 2585 870 2659 piscium
923 2585 1074 2645 mortem.

63 2680 183 2756 eapite
208 2682 299 2742 wita
319 2678 404 2758 (lob.
429 2694 486 2752 xn,
512 2677 579 2759 26).
606 2680 777 2741 secundus
798 2682 869 2743 rete
964 2681 1059 2743 Unde
1073 2680 1172 2743 datur
1188 2679 1389 2758 exemplum,
1401 2680 1437 2742 ut
1448 2678 1478 2741 si
1498 2678 1620 2758 aliquis
1635 2694 1725 2758 prte-

64 2777 320 2857 predicationis
344 2777 495 2855 implevit
515 2777 760 2841 multitudinem
785 2778 869 2840 tide-
923 2778 1011 2842 latus
1023 2778 1176 2857 praecipit
1187 2777 1318 2840 subdito
1332 2793 1394 2839 suo
1412 2778 1453 2839 de
1466 2777 1556 2840 omni
1571 2777 1678 2854 gradu
1689 2779 1731 2842 et·

65 2876 166 2949 lium,
183 2876 270 2937 sicut
283 2875 406 2952 legitur
419 2897 427 2937 ι
439 2876 479 2938 Ε)
497 2875 662 2938 conclusit
680 2874 869 2939 multitudi-
902 2884 904 2889 '
924 2876 965 2940 de
992 2877 1084 2939 omni
1108 2875 1237 2949 ordine,
1256 2876 1368 2938 statim
1392 2875 1467 2937 sine
1494 2875 1722 2949 excusatione,

65 2989 146 3036 nem
165 2973 306 3051 piscium
320 2973 500 3051 copiosam.
523 2974 653 3036 Tertius
669 2989 792 3050 sagena
805 2974 868 3036 de·
923 2992 1000 3037 cum
1029 2975 1215 3052 guatinum
1243 2973 1391 3046 actione,
1418 2973 1611 3035 mandatum
1637 2972 1722 3035 obe-

65 3071 234 3149 cepticnis
260 3072 360 3149 coepit
378 3070 620 3134 multitudinem
644 3075 866 3151 peccatorum,
924 3072 1057 3135 dientiae
1070 3072 1169 3135 debet
1179 3071 1340 3149 recipere,
1355 3071 1434 3149 quia
1444 3070 1564 3132 melius
1578 3072 1630 3133 est
1638 3070 1724 3133 obe-

68 3169 160 3232 sicut
172 3170 331 3247 scriptum
343 3170 394 3231 est
404 3169 439 3230 in
454 3168 595 3231 Threnis
609 3170 763 3233 Jeremiae
776 3191 784 3231 ι
797 3174 870 3232 Ex-
924 3171 996 3233 dire
1020 3187 1119 3248 quam
1142 3168 1346 3242 sacrificare,
1367 3173 1401 3231 et
1421 3167 1611 3231 obedientia
1626 3167 1725 3231 debet

64 3268 282 3344 panateria
299 3270 441 3343 pedtbtc
462 3271 561 3330 anem.
923 3285 997 3332 esse
1022 3269 1095 3331 sine
1120 3284 1226 3330 mora.
1252 3269 1489 3330 Verumtamen
1515 3282 1635 3329 cavere
1658 3265 1723 3330 sibi

110 3368 179 3428 vos
194 3365 252 3444 qui
274 3365 356 3427 estis
381 3365 497 3428 contra
520 3381 573 3428 me
595 3365 631 3427 in
651 3365 749 3440 mari,
770 3365 867 3439 idest,
924 3367 1021 3429 debet
1034 3365 1202 3446 praelatus,
1216 3381 1259 3427 ne
1273 3381 1333 3444 pro
1353 3365 1429 3427 odio
1450 3364 1504 3426 vel
1524 3363 1649 3426 invidia
1666 3363 1723 3426 in-

66 3466 106 3527 in
120 3462 347 3541 voluptatibus
372 3464 406 3525 et
424 3462 660 3525 ambitionibus
674 3465 868 3526 etdalecta-
919 3466 1040 3544 Jungat
1060 3465 1092 3526 ei
1107 3464 1192 3543 quod
1217 3479 1284 3525 non
1310 3461 1417 3524 debet.
1448 3462 1488 3524 nt
1510 3460 1648 3538 pulobre
1675 3461 1724 3524 ait

67 3560 700 3640 tionibusbujusmundi,convertimini
714 3562 869 3625 eivenite
923 3567 1008 3625 duos
1025 3563 1168 3638 tratres,
1193 3560 1271 3638 quia
1293 3561 1345 3621 bae
1366 3574 1534 3636 germana
1550 3562 1628 3621 sunt
1649 3558 1723 3621 vir-

66 3660 147 3739 post
168 3676 233 3733 me,
260 3661 294 3722 et
320 3659 498 3722 invenietis
521 3659 670 3738 requiem
693 3659 869 3721 animabus
923 3662 1021 3722 tutes.
1038 3659 1123 3732 Quia
1143 3673 1223 3720 uero
1246 3657 1373 3734 primus
1402 3656 1501 3718 homo
1526 3654 1724 3718 inobediens

67 3757 204 3821 restris.
222 3756 309 3820 Nota
328 3756 489 3819 ordinem.
510 3757 602 3819 Vidit
621 3756 788 3819 Simonem
812 3757 869 3835 qui
924 3757 1040 3833 exivit,
1054 3756 1181 3836 primus
1196 3754 1355 3818 obediens
1375 3768 1565 3830 regressum
1579 3752 1719 3830 accepit.

66 3855 212 3917 vocatur
235 3855 369 3927 Petrus,
385 3855 419 3917 et
431 3852 598 3916 andream
622 3853 759 3917 tratrem
783 3856 866 3932 ejus.
930 3856 1046 3919 Venite
1058 3855 1137 3930 post
1147 3868 1214 3927 me,
1230 3868 1297 3914 non
1310 3852 1378 3914 tam
1394 3849 1533 3928 pedibus
1548 3848 1583 3911 in
1597 3852 1726 3914 terres-

68 3951 188 4015 Simon
200 3952 439 4031 interpretatur
453 3950 621 4026 obediens,
638 3951 788 4015 Andreas
800 3952 872 4015 tor·
925 3956 1009 4016 trem
1027 3952 1225 4024 Jerusalem,
1242 3966 1340 4028 quam
1360 3946 1535 4011 affectibus
1549 3947 1585 4010 in
1600 3948 1723 4010 coeles·

68 4050 115 4114 tis
138 4050 208 4112 sive
237 4050 363 4111 firmus.
391 4049 503 4112 Primo
533 4049 646 4112 simon
665 4050 867 4123 nominatur,
924 4051 1001 4112 tem.
1016 4052 1159 4111 Factam
1168 4040 1740 4121 vosttertptscatoresbomtaum.'
1825 4090 1828 4099 .

68 4145 193 4210 deinde
206 4145 367 4220 Andreas,
381 4148 459 4226 quia
477 4148 584 4225 prima
605 4148 868 4221 estcbedientIa‚
925 4147 1061 4209 intende
1087 4167 1095 4207 ι
1123 4144 1274 4217 Faciam,
1301 4142 1380 4221 qnia
1410 4158 1478 4204 non
1506 4142 1557 4204 est
1580 4140 1724 4205 volentis

68 4245 194 4308 deinde
208 4246 469 4324 perseverantia.
486 4248 576 4309 Bene
591 4246 685 4324 prius
701 4247 869 4308 Simonem
925 4260 1032 4323 neque
1057 4243 1233 4316 currentis,
1257 4241 1315 4303 sed
1335 4239 1396 4303 Dei
1420 4239 1619 4302 miserentis.
1647 4236 1724 4302 Nisi

69 4343 131 4423 qui
145 4343 269 4406 dicitur
289 4343 460 4415 obediens,
476 4343 682 4423 postmodum
703 4344 870 4408 andream
925 4343 1014 4406 enim
1029 4341 1238 4413 Deustaoiat,
1251 4338 1485 4402 trustranomo
1501 4336 1631 4410 nititur,
1643 4336 1724 4415 quia

70 4442 131 4520 qui
145 4441 389 4515 dieituriortis,
403 4441 510 4516 vocat,
525 4442 603 4520 quia
624 4442 696 4504 sine
711 4441 872 4503 obedien·
925 4441 966 4503 de
989 4456 1026 4502 se
1049 4439 1097 4502 nil
1121 4439 1239 4517 potest.
1263 4438 1379 4514 Neque
1401 4435 1490 4498 enim
1517 4434 1574 4514 qui
1595 4434 1725 4513 plantat

70 4540 121 4602 tia
135 4538 249 4601 nullus
259 4539 362 4602 intrat
376 4539 417 4601 ad
432 4540 695 4613 conversionem,
712 4539 784 4601 sine
801 4539 872 4602 lor-
925 4538 1088 4616 exemplo.
1111 4538 1170 4599 aut
1185 4535 1273 4611 rigat
1296 4532 1386 4598 tonte
1404 4533 1577 4604 doctrinae,
1593 4533 1646 4593 est
1657 4531 1724 4593 ali-

70 4637 217 4701 litudlne
231 4637 343 4699 nullus
355 4640 547 4715 perseverat
561 4638 595 4699 ln
608 4653 660 4699 ea.
677 4636 871 4701 Obedientia
926 4637 1016 4715 quid,
1041 4635 1098 4698 sed
1123 4633 1179 4713 qui
1202 4632 1443 4695 incrementum
1471 4630 1530 4693 dat
1557 4632 1656 4691 Deus.
1683 4626 1724 4690 nt

72 4734 356 4812 quinquepartita
368 4736 430 4796 est.
446 4735 559 4796 Prima
572 4735 623 4797 est
637 4751 719 4812 opus
731 4736 869 4806 rectum,
926 4740 1037 4798 tamen
1060 4734 1107 4795 ita
1129 4734 1246 4794 utnon
1270 4728 1492 4808 praejudicetIs
1507 4727 1612 4788 libero
1627 4723 1722 4786 arbi·

73 4833 238 4911 quianon
260 4835 310 4894 est
333 4831 518 4896 obedientia
542 4832 658 4895 contra
680 4835 793 4894 Deum.
811 4834 873 4895 Se-
926 4834 1002 4907 trio,
1023 4832 1206 4911 piscatores
1229 4828 1416 4898 bominum,
1442 4824 1530 4886 idest
1556 4822 1720 4896 doctores,

74 4930 187 4994 cunda
197 4930 432 5003 voluntarium,
449 4931 526 5009 quia
544 4930 630 5009 quod
644 4931 681 4992 tlt
694 4947 738 4992 ex
755 4946 872 4991 neees-
927 4933 1090 4994 minorum
1113 4926 1273 5006 quotquot
1291 4922 1415 4985 salvari
1430 4937 1565 5000 operam
1583 4918 1717 4997 dabitIs,

71 5029 186 5100 sitate,
201 5043 267 5090 non
285 5029 336 5090 est
351 5027 484 5091 bonum.
501 5029 611 5090 Tertia
634 5044 753 5105 purum
776 5044 870 5105 opus,
926 5044 986 5108 pro
1001 5024 1141 5103 singulis
1156 5021 1308 5085 babeatis
1323 5019 1519 5082 mercedem.

70 5130 110 5189 ut
129 5126 272 5187 interior
285 5142 368 5203 pura
383 5126 440 5202 sit3
457 5127 535 5204 quia
550 5126 580 5187 si
599 5125 716 5188 oculus
731 5126 873 5202 simplex

70 5223 187 5295 ruent,
210 5224 315 5285 totum
336 5239 457 5302 corpus
479 5225 543 5286 erit
564 5224 721 5285 lucinum.
749 5225 872 5295 Quarta
1270 5198 1369 5287 VIII

70 5323 324 5395 discretum,ne
357 5322 413 5383 uid
424 5321 525 5383 nimis
538 5322 592 5385 sit.
633 5321 766 5383 uienim
781 5323 872 5383 recte
1237 5370 1240 5376 .

70 5421 185 5489 otlert,
197 5421 230 5482 et
239 5420 269 5482 si
282 5339 356 5482 niu:l
362 5422 452 5483 recte
467 5325 743 5498 dividatfpaeeat.
751 5419 871 5491 Quinta
1020 5383 1065 5444 IN
1086 5380 1216 5443 FESTO
1232 5378 1382 5440 SANCTI
1398 5374 1627 5438 SILVESTRI‘

71 5518 219 5591 tirmum,
238 5518 335 5590 idest,
345 5534 574 5597 perseverans,
590 5519 677 5596 quod
687 5517 799 5580 omnia
813 5517 871 5579 iu·
966 5521 1052 5580 Eece
1062 5515 1229 5578 Sacerdos
1240 5526 1388 5589 mapalis
1400 5511 1458 5584 qui
1473 5510 1510 5569 tn
1522 5508 1639 5568 diebos
1650 5508 1725 5567 suta

70 5618 178 5682 eludit
196 5619 229 5681 et
251 5616 382 5680 retinet.
397 5615 533 5680 Nullum
547 5616 637 5678 enim
658 5617 780 5680 bonum
800 5616 872 5679 sine
924 5615 1052 5695 maeret
1078 5618 1149 5676 Deo
1172 5611 1205 5674 et
1229 5610 1390 5674 trecentus
1410 5607 1463 5670 est
1480 5605 1610 5680 jastius,
1635 5601 1669 5664 et
1687 5603 1725 5661 to
