3802 6166
747 282 922 343 11οΝ01111

493 470 557 557 al

160 622 214 682 ald
227 622 888 699 Iloaroutrascnctltcainumepiscopos.
944 626 945 634 ’

426 754 459 811 la
471 752 532 826 J'an.
548 754 626 813 1118,

188 866 358 932 [Tirabosclri,
369 868 435 921 Stor.
447 868 474 919 di
487 870 642 929 Nonantola,
653 870 673 929 1,
687 868 741 929 dil,
753 874 807 920 not.
820 868 861 934 C.]

126 986 177 1045 liis
191 987 320 1060 prrociplt
331 994 362 1045 nt
377 994 547 1060 potestatem
559 994 589 1045 et
599 986 734 1061 populum
750 986 925 1044 llutinonscs

162 1091 248 1149 supra
267 1077 370 1134 castris
390 1079 472 1150 Carpi
487 1085 516 1134 et
535 1078 640 1135 moritis
658 1076 841 1146 3010000011,
861 1089 925 1149 qun

161 1167 204 1223 eis
222 1167 410 1226 custodienda
429 1168 616 1237 commiserit,
637 1167 798 1227 nullatenus
817 1168 922 1224 moles·

162 1264 235 1315 teni.

168 1374 335 1437 llonorius
369 1376 560 1453 episcopus,
597 1391 716 1437 servus
751 1390 923 1437 servornm

128 1472 199 1545 Dei,
214 1473 466 1535 'venerabilibus
491 1472 648 1536 iratribus
672 1472 874 1535 Bononiensi
891 1473 924 1534 et

131 1570 259 1647 Regino
281 1572 458 1649 episcopis,
487 1573 627 1633 salutem
653 1574 686 1633 et
706 1570 923 1649 apostolicam

127 1668 404 1730 benedictionem.

167 1770 238 1832 Etsi
254 1771 346 1833 robis
369 1771 556 1833 dederimus
585 1772 620 1832 10
649 1771 815 1833 mandatis
838 1772 873 1832 ut
895 1771 923 1831 si

127 1884 201 1946 quae
220 1869 463 1947 possessionem
490 1886 564 1946 quaa
587 1869 720 1930 inerunt
741 1870 841 1931 clarae
854 1884 925 1929 me-

128 1968 243 2028 moriae
256 1968 433 2029 comitissae
444 1968 615 2029 ,llatlrildis
631 1968 672 2029 ab
683 1967 856 2045 ‘aliquibus
870 1968 926 2028 in-

128 2063 238 2126 debite
253 2068 446 2127 tenerentur
458 2066 498 2126 ad
517 2065 739 2127 restituendas
754 2067 844 2145 ipsas
861 2081 925 2126 no-

129 2162 272 2225 11110100
289 2164 495 2237 Salinaruere,
508 2164 562 2225 cui
578 2166 803 2226 concessimus
819 2163 924 2241 ipsius

129 2261 307 2323 comitissae
320 2262 548 2339 possessiones
558 2262 593 2323 in
606 2262 749 2334 leodem,
761 2264 924 2339 cogeretis

128 2374 190 2436 per
215 2374 390 2421 censuram
419 2359 680 2422 ecclesiasticam
713 2360 922 2434 ‹leteutores3

126 2458 238 2519 tamen
257 2456 335 2535 quia
350 2458 472 2519 nostrae
489 2458 685 2520 intentionis
701 2474 766 2520 non
784 2458 922 2529 exstitit,

127 2570 188 2616 noc
215 2555 338 2627 existit,
368 2556 404 2617 ut
434 2573 493 2633 per
520 2555 710 2618 mandatum
734 2556 924 2633 hujusmodi

126 2654 242 2715 contra
258 2656 453 2732 potestatem
473 2656 506 2716 et
525 2655 680 2731 populum
703 2655 924 2715 Mutinensem

129 2766 230 2827 supra
248 2752 368 2813 castris
391 2752 490 2829 Carpi
509 2754 541 2813 et
562 2752 684 2813 montis
708 2752 922 2823 BaranzoniS,

129 2864 203 2925 quae
219 2864 294 2908 cum
317 2848 387 2909 suis
409 2849 620 2925 pertinentiis
636 2848 686 2909 eis
710 2848 925 2910 custodienda

130 2946 368 3018 commisimus,
394 2946 601 3023 procedatur,
624 2944 825 3009 fraternitati
844 2964 925 3009 aas·

131 3044 193 3105 trae
209 3044 465 3121 perllpostolica
479 3046 601 3122 scripta
618 3045 826 3115 mandamus,
843 3062 927 3124 qua-

131 3141 228 3202 tenns
242 3142 332 3219 ipsos
347 3158 447 3220 super
460 3143 580 3205 castris
599 3144 724 3205 eisdem
739 3142 815 3206 iacti
831 3144 925 3205 uobis

131 3240 329 3303 anctoritate
351 3241 498 3303 mandati
518 3241 707 3304 nullatenus
731 3242 923 3305 molestetis.

128 3340 336 3401 Ilerocnntes
351 3340 380 3400 si
395 3356 492 3417 quem
519 3339 632 3402 iorsan
650 3342 767 3403 contra
789 3355 846 3404 eos
862 3340 926 3404 bac

129 3436 293 3499 imbuistis
311 3438 486 3499 occasione
501 3454 704 3515 processum.

167 3536 286 3597 Datum
302 3536 457 3598 Laterani
479 3538 554 3597 XlV
578 3536 738 3599 kalendas
752 3534 923 3611 februarii,

127 3634 339 3710 pontillcatus
355 3635 461 3699 nostri
471 3652 559 3697 auno
572 3635 729 3697 secundo.

486 3838 571 3925 dxl

187 3990 238 4049 Ad
254 3990 391 4050 abbates
404 3993 605 4052 1100000001
620 3992 653 4051 ct
667 3992 727 4052 SS.
748 3992 867 4053 litum

254 4091 455 4149 l’raerorum
466 4088 608 4149 aerum.
625 4091 792 4151 diaecesis.

425 4219 460 4276 11
472 4218 533 4291 jau.
552 4219 629 4276 1118.

311 4334 431 4399 [Ugbelli
442 4334 518 4385 ltalia
527 4349 607 4393 sacra,
621 4336 666 4394 lll,
677 4334 745 4398 1011]

126 4442 368 4515 compositionem
392 4458 479 4516 super
500 4444 665 4501 tenimentis
688 4444 753 4503 Siloa
780 4444 926 4500 intereos

107 4530 110 4535 '
138 4533 400 4592 coramCusentino
414 4533 629 4605 archiepiscopo
639 4533 738 4590 initam
749 4532 911 4592 oonilrmat.

168 4662 273 4732 Quum
287 4660 412 4723 anobis
422 4660 555 4737 petitur,
566 4661 641 4732 etc„
650 4676 757 4735 usquc
768 4661 926 4737 perduca-

126 4760 182 4819 tur
202 4760 367 4821 ell'ectum.
391 4760 583 4836 Eapropter,
599 4762 676 4831 etc,
692 4774 799 4833 resque
815 4777 827 4819 .·
842 4774 924 4836 pos-

127 4856 344 4919 tulationibus
359 4860 554 4929 annuentes,
567 4856 777 4919 amicabilem
789 4873 927 4935 compo-

128 4954 282 5016 sitionem
296 4957 413 5017 initam
428 4972 529 5033 super
540 4956 730 5017 tenimentis
745 4956 823 5017 Silae
839 4956 927 5018 iuter

127 5068 240 5113 uosex
255 5054 348 5131 parte
364 5071 440 5126 una,
458 5056 490 5117 et
503 5054 666 5127 abbatem,
678 5057 709 5116 et
724 5056 924 5117 conuentum

129 5152 188 5213 SS.
209 5151 322 5213 Trium
345 5156 529 5216 Puerorum
549 5155 683 5215 Gerunt.
706 5152 860 5215 diaecesis
883 5170 926 5213 ex

128 5248 245 5320 altera,
264 5265 375 5311 coram
399 5268 473 5312 ven.
498 5249 600 5313 fratre
622 5254 735 5314 nostro
755 5251 924 5313 Cuseutin.

129 5346 399 5425 archiepiscopo,
426 5352 521 5426 cujus
548 5348 698 5423 arbitrio,
730 5349 763 5412 et
786 5350 926 5411 consilio

128 5460 230 5521 snper
243 5444 397 5506 omnibus
420 5448 669 5523 qumstionibns,
687 5464 770 5525 quas
792 5464 853 5509 vos
873 5448 925 5509 rel

128 5543 390 5620 praedecessores
404 5546 506 5605 vestri
518 5546 853 5608 lrabuistislractenus
866 5562 927 5623 pro

129 5641 319 5705 tenimentis
340 5641 478 5714 eisdem,
496 5659 556 5705 vos
570 5644 603 5706 et
616 5660 695 5721 pars
714 5644 831 5717 altera,
847 5643 928 5707 sub·

945 282 990 343 111
1011 282 1157 345 OPERA.
1720 282 1772 343 51111

973 440 1115 521 jecistis,
1123 440 1209 503 sicut
1217 438 1290 503 sino
1299 438 1463 519 pravitate
1471 438 1614 519 proinde
1624 440 1773 513 iactaest,

944 579 945 611 ³
978 539 1011 602 et
1033 540 1074 601 ab
1096 542 1236 617 utraque
1254 541 1349 617 parte
1364 540 1481 617 sponte
1497 542 1646 618 recepta,
1665 544 1776 603 aucto·

977 638 1076 700 ritate
1089 638 1278 717 apostolica
1290 638 1538 712 confirmamus,
1553 639 1589 700 et
1601 640 1775 715 praesentis

978 738 1094 814 scripti
1104 736 1289 815 patrocinio
1300 738 1562 813 communimus;
1579 741 1774 816 cujusconr-

978 835 1152 913 positionis
1162 838 1312 898 tenorem
1322 836 1362 897 de
1372 833 1474 897 uerbo
1484 836 1527 897 ad
1537 834 1680 898 verbum
1690 836 1777 899 duni·

979 950 1051 994 mus
1067 934 1290 995 inserendum.

1021 1034 1057 1092 10
1082 1031 1215 1093 nomine
1242 1031 1372 1094 Domini
1399 1032 1530 1105 aeterni,
1544 1034 1579 1093 et
1595 1031 1775 1094 salvatoris

978 1131 1083 1190 riustri
1112 1132 1191 1192 Jesu
1210 1130 1343 1201 Christi,
1374 1130 1415 1191 ab
1443 1131 1682 1192 incarnatione
1710 1134 1776 1208 eius

980 1229 1066 1299 1215,
1081 1228 1341 1304 menseAngusti
1354 1230 1385 1299 3,
1399 1229 1528 1299 indict,
1541 1230 1639 1305 regni
1652 1245 1732 1290 vero
1741 1232 1774 1290 1).

979 1326 1082 1385 nostri
1100 1326 1265 1387 Frederici
1282 1326 1340 1387 Dei
1353 1328 1460 1402 gratia
1476 1326 1700 1388 illustrissimi
1715 1329 1777 1389 llo-

979 1439 1150 1484 manorum
1165 1424 1254 1499 regis
1267 1438 1398 1502 semper
1411 1424 1545 1501 augusti
1561 1440 1653 1486 anno
1669 1426 1773 1495 tertio,

978 1521 1068 1597 regis
1087 1524 1197 1583 antem
1217 1521 1335 1583 siciliae
1357 1526 1509 1595 000017,
1534 1522 1631 1599 regni
1651 1538 1776 1599 quoque

979 1619 1065 1680 doni.
1092 1619 1228 1681 ilenrici
1247 1620 1362 1681 eadem
1386 1620 1494 1697 gratia
1519 1621 1666 1682 illustris
1691 1622 1774 1696 regis

980 1718 1122 1791 Sicilia,
1154 1717 1293 1779 ducatus
1327 1718 1476 1795 Apuliae,
1509 1722 1543 1781 et
1571 1719 1774 1797 principatus

979 1818 1099 1893 Capuae
1119 1831 1207 1877 anuo
1222 1820 1252 1883 1,
1265 1816 1418 1883 feliciter,
1438 1819 1554 1877 Amen.
1580 1816 1696 1878 Solent
1712 1832 1774 1878 non

980 1915 1154 1985 immerito,
1179 1914 1244 1975 imo
1269 1914 1309 1975 de
1325 1917 1402 1991 juro
1418 1913 1537 1975 debent
1560 1915 1771 1991 quaestiones,

980 2030 1053 2090 quac
1064 2029 1123 2089 pro
1135 2015 1281 2090 tempore
1292 2013 1471 2089 agitantur,
1486 2011 1519 2074 et
1530 2012 1603 2075 sive
1618 2029 1680 2091 per
1687 2012 1774 2090 judi-

980 2110 1078 2183 cium,
1096 2111 1166 2172 sire
1180 2128 1238 2188 per
1249 2110 1459 2172 concordiam
1469 2110 1706 2181 terminantur,
1718 2128 1771 2189 per

980 2209 1154 2288 scripturae
1169 2210 1300 2271 radium
1314 2208 1466 2270 mandari
1479 2210 1606 2271 notitiae
1622 2211 1774 2287 postero·

979 2324 1064 2377 rum,
1081 2324 1123 2369 ne
1140 2323 1199 2384 per
1211 2307 1389 2369 oblivionis
1404 2307 1572 2368 cumulum
1590 2308 1773 2370 contentio-

980 2406 1109 2476 nessei
1118 2405 1770 2483 scandalapossintpartibnsiterari.Hac

979 2503 1082 2579 igitur
1102 2503 1366 2565 consideratione
1385 2502 1485 2576 ducti,
1505 2520 1567 2565 nos
1591 2506 1700 2565 Larcas
1719 2504 1770 2565 liei

979 2602 1087 2677 gratia
1101 2602 1299 2663 Cusentiuus
1314 2600 1585 2680 archiepiscopus
1611 2618 1679 2662 una
1704 2618 1770 2662 curn

981 2702 1068 2775 ling.
1084 2698 1208 2762 lacobo
1224 2698 1360 2770 «torano,
1375 2699 1538 2761 llirlraele
1554 2700 1769 2767 thesaurario,

980 2798 1129 2859 Griilrido
1149 2798 1320 2859 canonicis
1348 2797 1498 2859 ecclesiae
1525 2800 1661 2872 nostra,
1691 2798 1769 2859 dom.

981 2896 1123 2972 lingerio
1135 2896 1203 2956 tilio
1216 2897 1340 2957 litionis
1353 2896 1445 2971 regio
1451 2896 1648 2973 justitiario,
1662 2896 1767 2975 judice

980 2994 1169 3067 benedicto,
1200 2995 1233 3056 et
1256 2992 1369 3071 jndice
1398 2993 1521 3057 Jacobo
1551 2993 1766 3056 assessoribus

979 3093 1103 3154 nostris
1120 3092 1272 3169 praesenti
1289 3093 1412 3169 scripto
1425 3092 1581 3155 duximus
1596 3092 1766 3155 declaran-

980 3191 1069 3263 dum,
1086 3191 1171 3268 quod
1192 3207 1266 3251 cum
1288 3192 1342 3251 Fr.
1357 3192 1533 3252 Matthaeus
1545 3207 1660 3253 vener.
1677 3190 1768 3252 abbas

980 3287 1088 3349 Floris
1100 3305 1173 3349 crun
1187 3287 1292 3349 tribus
1306 3288 1477 3350 nrouacbis
1488 3288 1568 3361 suis,
1580 3293 1613 3352 et
1624 3292 1678 3351 Fr.
1687 3288 1767 3349 Hila-

980 3388 1050 3448 rius
1066 3385 1222 3449 renerab.
1237 3386 1360 3449 electus
1377 3386 1479 3449 abbas
1493 3390 1551 3448 SS.
1564 3388 1677 3449 Trium
1688 3390 1765 3449 Pue-

980 3502 1094 3547 rorum
1114 3501 1188 3546 cum
1202 3484 1310 3547 tribus
1325 3485 1498 3547 monacbis
1515 3483 1586 3546 suis
1605 3484 1766 3548 venissent

980 3583 1170 3645 Cnsentiam
1186 3599 1298 3645 coram
1320 3584 1498 3661 praesentia
1523 3586 1638 3645 nostra
1658 3599 1767 3661 propo-

980 3680 1119 3743 suerunt
1133 3681 1219 3759 quod
1230 3681 1270 3742 de
1280 3697 1455 3752 consensu,
1470 3683 1502 3743 et
1512 3681 1684 3743 voluntate
1696 3697 1768 3743 con·

981 3782 1139 3841 veutnum
1149 3796 1295 3851 snorum,
1308 3778 1421 3841 habita
1432 3778 1672 3841 deliberatione
1683 3794 1766 3857 spon·

980 3874 1766 3954 taneaelegernntsubirearbitrnm,etconsilium

981 3976 1130 4036 nostrum
1153 3974 1194 4036 de
1209 3975 1373 4049 omnibns,
1397 3979 1430 4037 et
1447 3975 1649 4053 quibuslibet
1668 3992 1766 4053 quaes·

980 4072 1137 4141 tionibus,
1149 4088 1231 4150 quas
1246 4073 1334 4135 inter
1348 4090 1395 4145 se,
1413 4074 1464 4135 rel
1480 4073 1556 4151 ipsi,
1574 4075 1627 4135 vel
1643 4074 1763 4151 praede·

980 4186 1129 4232 cessores
1143 4171 1194 4232 sni
1209 4170 1392 4232 imbuerent
1406 4172 1496 4231 omni
1509 4172 1676 4248 praeterito
1693 4174 1765 4233 tem·

981 4284 1068 4347 pore
1085 4285 1143 4346 pro
1165 4268 1355 4329 tenimentis
1371 4269 1460 4337 Silae,
1481 4286 1581 4348 aqua
1608 4282 1764 4347 uunquam

980 4366 1138 4429 ‹lebereut
1153 4384 1251 4444 pomra
1265 4367 1462 4443 interposita
1471 4368 1616 4429 resilire.
1628 4368 1761 4428 Primum

981 4464 1093 4543 itaque
1107 4465 1299 4527 ostendente
1315 4467 1409 4543 parte
1430 4467 1573 4527 monast.
1591 4468 1649 4527 SS.
1662 4466 1762 4527 Trium

981 4578 1170 4641 puerorum,
1187 4564 1331 4640 qualiter
1346 4562 1423 4624 olim
1447 4564 1480 4624 in
1501 4564 1595 4625 curia
1611 4567 1648 4625 Ι).
1669 4564 1762 4641 irnpe-

980 4660 1114 4722 ratricis
1140 4661 1340 4723 constantiae
1357 4661 1451 4723 bonae
1472 4662 1642 4724 momoriae
1667 4676 1763 4740 quas·

980 4758 1760 4837 tionemproposnerantdeinsnltu,etviolentia.

980 4873 1078 4935 quam
1105 4858 1194 4934 passi
1218 4858 1387 4920 ineranta
1412 4858 1586 4919 Fratribus
1611 4860 1717 4921 Floris
1737 4856 1766 4916 10

982 4955 1068 5028 1000,
1097 4956 1154 5033 qui
1186 4955 1307 5018 dicitur
1339 4956 1534 5025 tlalosuber,
1570 4957 1604 5018 et
1635 4957 1765 5035 qualiter

982 5054 1053 5131 ipsa
1069 5057 1106 5115 D.
1124 5053 1321 5131 imperatrix
1333 5054 1545 5116 commiserat
1556 5056 1763 5131 quaestionem

982 5151 1217 5229 praedecessori
1242 5154 1355 5214 nostro
1372 5151 1625 5230 archiepiscopo
1646 5155 1768 5216 Boubo-

982 5250 1061 5310 mini
1078 5250 1172 5311 bonae
1189 5250 1357 5311 merum-iae
1370 5250 1626 5321 termimrudam,
1644 5254 1769 5314 sednon

982 5349 1112 5409 valente
1129 5348 1313 5417 ostermere,
1328 5349 1471 5425 qualitor
1486 5348 1588 5411 luerit
1604 5352 1771 5411 tenuiuata

982 5462 1058 5523 pars
1087 5446 1280 5507 monasterii
1310 5446 1773 5526 1’10010,0010101110001110οι

982 5545 1247 5616 instrumentum,
1269 5543 1353 5621 quod
1374 5543 1483 5605 simile
1501 5544 1658 5618 habebat,
1679 5549 1711 5608 ei
1725 5562 1773 5607 os·

981 5642 1139 5705 tendebat
1166 5658 1245 5721 pars
1273 5641 1466 5705 monasterii
1496 5646 1695 5721 pranrotati,
1724 5658 1775 5725 por
