3802 6166
663 342 839 404 HONORII
864 342 991 403 PAPAE
1012 342 1058 403 111
1079 342 1189 403 vl'l'a.
1692 346 1754 407 406

102 348 165 408 405

102 520 186 566 neus
208 504 307 576 esset,
323 501 365 563 ad
383 501 486 578 legati
504 499 537 563 Β.
559 503 598 565 R.
619 502 656 562 H
675 500 800 564 vexilla
820 515 900 579 pro-
952 499 1051 561 autea
1065 499 1222 573 diximus,
1235 501 1306 577 jam
1328 498 1455 576 pridem
1470 499 1533 562 sub
1556 503 1752 567 Innocentio

101 603 247 681 peraret.
275 600 337 673 Qui
366 600 545 677 apparatus
573 614 640 661 non
666 598 754 661 irriti
783 613 897 661 omnes
953 598 1050 661 tertio
1079 600 1217 660 Romam
1238 612 1370 659 coronae
1389 598 1609 677 suscipiendae
1636 617 1748 663 causa.

101 701 207 762 luere.
254 697 552 761 Numerosissimus
594 697 668 759 erat
718 697 897 768 exercilus,
954 696 1017 757 Sed
1042 696 1074 756 id
1089 696 1255 757 Pontitlex
1266 699 1342 773 jure
1360 695 1581 767 differendum
1604 714 1750 761 censue·-

96 801 236 877 jamque
257 797 298 858 ad
315 796 525 873 septuaginta
544 795 687 857 militum
701 795 806 859 millia
818 810 898 872 per·
953 794 1015 856 rat
1031 795 1072 855 At
1086 810 1161 855 cum
1180 794 1312 855 tandem
1334 794 1481 856 Honorio
1501 795 1663 858 Pontifice
1685 813 1751 875 op·-

100 895 266 958 venerat:
284 894 425 971 ideoque
447 895 630 956 Sulthanus
649 893 713 955 sibi
726 893 769 955 ab
784 891 900 955 Chris·
953 893 1056 954 tatum
1071 891 1224 953 diadema
1238 891 1357 953 luisset
1373 896 1583 966 consecutae,
1601 895 1750 958 Honorio

100 995 192 1056 tiano
209 994 304 1055 hoste
317 995 466 1055 metuens
474 991 515 1053 ad
524 991 617 1069 pacis
630 991 740 1054 studia
755 1005 898 1053 conver·
948 991 1098 1068 jubente,
1115 990 1156 1053 de
1172 1005 1274 1052 manu
1287 990 1445 1067 Hugolinl
1459 992 1619 1054 Ostiensis
1635 993 1751 1055 cardi-

101 1110 171 1161 sus,
188 1091 277 1154 etad
293 1092 437 1168 legatum
452 1092 485 1153 et
502 1090 544 1151 ad
559 1088 898 1167 Hierosolymitanum
952 1089 1051 1161 nalis,
1076 1104 1175 1151 cruce
1198 1090 1299 1151 etiam
1320 1089 1383 1149 sibi
1399 1089 1564 1166 imposita,
1585 1092 1662 1151 vota
1685 1107 1750 1152 vo-

100 1205 215 1265 regem
240 1189 352 1250 missis
374 1188 500 1249 nuntiis
519 1188 671 1249 exoravit
688 1185 750 1265 (a),
782 1188 817 1249 ut
840 1187 897 1247 in·
952 1186 995 1248 tis
1013 1187 1197 1260 cumulans,
1213 1187 1423 1265 perficiendae
1438 1187 1750 1264 Hierosolymitanae

99 1287 206 1364 signis
221 1286 300 1347 urbs
319 1286 481 1358 Damiata,
504 1300 578 1363 quae
598 1301 705 1361 nuper
720 1285 897 1345 Saracenis
952 1284 1175 1361 expeditionis
1199 1300 1311 1357 causa,
1334 1286 1370 1347 ut
1398 1284 1501 1347 tradit
1524 1287 1663 1362 Usperg.
1693 1301 1748 1347 an.

98 1385 214 1460 erepta
225 1383 343 1455 luerat,
358 1384 392 1446 et
399 1382 579 1461 Apostolici
588 1382 689 1458 legati
700 1382 898 1444 auctoritate
952 1383 1015 1443 bui
1026 1385 1114 1455 1220,
1125 1383 1223 1461 atque
1236 1383 1284 1445 ita
1296 1398 1428 1445 omnem
1442 1381 1539 1444 tidem
1555 1399 1635 1459 erga
1646 1386 1751 1460 Apos-

102 1484 264 1558 perpetuo
291 1481 585 1558 Hierosolymitani
611 1480 706 1556 regni
727 1480 898 1557 supposita
952 1480 1087 1541 tolicam
1103 1480 1220 1542 sedem
1236 1480 1394 1557 praelerre
1408 1480 1501 1542 visus
1514 1481 1575 1552 est,
1586 1482 1672 1557 quod
1687 1497 1751 1558 pu-

99 1578 219 1639 ditioui
234 1578 485 1641 restitueretur:
502 1578 574 1655 ipse
588 1577 768 1639 Dominicae
783 1576 897 1638 Crucis
951 1576 1047 1639 blicis
1057 1579 1178 1641 litteris
1188 1579 1221 1639 id
1232 1579 1421 1650 testaretur,
1431 1594 1513 1655 quas
1523 1578 1749 1640 conficiendas

100 1677 287 1757 portionem
306 1677 536 1753 Hierosolyma
554 1677 764 1753 exportatum
777 1674 899 1736 redde-
948 1677 1121 1753 Juraverat
1142 1677 1336 1754 priusquam
1359 1675 1547 1738 diademate
1561 1676 1749 1752 insignire-

100 1774 165 1841 ret,
188 1775 370 1850 mutuoque
386 1773 509 1850 captivi
524 1772 617 1834 abire
644 1772 741 1834 liberi
759 1774 899 1850 permit-
951 1774 1021 1849 tur;
1035 1773 1294 1836 «abstenturum
1308 1773 1751 1835 sescilicetabomnivexa·

102 1872 265 1933 terantur.
279 1870 414 1950 (anton.
429 1872 479 1933 tit.
495 1873 544 1944 19,
557 1886 585 1932 c.
596 1873 627 1945 3,
643 1872 782 1949 §actm
799 1873 898 1948 atque
950 1871 1041 1933 tione
1064 1870 1164 1933 rebus
1185 1871 1429 1933 Ecclesiasticis
1457 1870 1641 1940 inserenda,
1668 1871 1749 1949 quin

101 1969 289 2030 Nauclerus
301 1970 449 2045 generat.
463 1966 530 2048 41).
952 1984 1025 2047 quaa
1049 1970 1234 2046 accepisset
1251 1969 1352 2031 etiam
1372 1969 1579 2031 redditurum
1593 1986 1624 2042 s,
1637 1968 1751 2047 jurat-

140 2066 291 2128 libeunte
311 2067 416 2143 igitur
443 2066 534 2128 omni
557 2066 718 2140 exercitu,
750 2067 897 2129 loannes
951 2083 1014 2144 que
1031 2068 1067 2128 iu
1082 2083 1202 2129 nomeu
1217 2068 1374 2131 Ecclesiae
1396 2069 1567 2146 Romanae,
1579 2067 1750 2145 suppetias

98 2178 161 2225 rex
184 2180 274 2239 aegre
293 2163 404 2226 ferens
421 2164 602 2226 detractam
624 2164 687 2226 sibi
711 2164 896 2226 Demiatam
951 2164 1230 2243 quandocumque
1243 2180 1299 2227 res
1311 2164 1414 2227 ferret
1435 2165 1615 2243 pollicitus,
1629 2164 1665 2226 in
1679 2165 1753 2227 baec

97 2261 357 2323 munitissimam
370 2262 581 2340 praecaeteris
595 2262 648 2323 sui
660 2262 755 2338 regni
769 2261 894 2334 urbem,
950 2262 1051 2325 verba
1067 2260 1115 2342 (l)
1126 2279 1133 2318 ε
1144 2281 1162 2322 c
1173 2265 1211 2324 ln
1225 2264 1360 2325 nomine
1374 2265 1504 2325 Sanctae
1517 2265 1550 2324 et
1564 2263 1750 2326 individua

98 2359 292 2436 compositis
307 2357 359 2439 (ut
372 2375 432 2436 pro
453 2361 602 2437 tempore
625 2357 733 2440 licuit)
749 2359 783 2419 in
799 2359 896 2437 Syria
951 2376 969 2419 c
989 2359 1174 2422 trinitatis.
1190 2364 1305 2422 Amen.
1332 2363 1400 2437 Hgo
1417 2360 1608 2422 Fridericus
1627 2375 1751 2423 secun·

98 2456 210 2529 rebus,
228 2457 342 2534 paucis
357 2456 533 2518 admodum
543 2457 718 2520 comitatus
731 2457 847 2533 copiis,
864 2457 898 2519 et
951 2475 969 2518 c
990 2456 1052 2518 dus
1072 2459 1297 2541 Romanorum
1315 2458 1498 2535 imperator
1518 2473 1650 2535 semper
1672 2461 1747 2519 Au-

98 2556 171 2631 ipse
185 2555 220 2614 in
232 2554 441 2616 Occidentem
452 2553 517 2615 sibl
529 2570 603 2616 esse
618 2553 895 2632 proficiscendum
950 2572 968 2615 c
989 2557 1118 2631 gustus,
1132 2572 1194 2617 rex
1213 2556 1348 2628 Siciliae,
1363 2556 1426 2617 etc.
1440 2554 1513 2617 Tibi
1523 2556 1665 2618 Domino
1675 2570 1749 2619 meo

99 2651 226 2713 statuit.
243 2653 382 2713 Romam
394 2653 498 2728 igitur
511 2666 614 2729 usque
628 2652 810 2729 traJiciens,
825 2652 895 2714 tum
950 2670 969 2713 c
989 2653 1023 2715 et
1037 2653 1128 2715 Patri
1146 2654 1343 2716 charissimo
1356 2653 1505 2716 Honorio
1520 2657 1619 2731 Papae
1635 2653 1746 2726 tertio,

98 2765 118 2809 a
147 2748 327 2822 ronuflce,
355 2752 426 2811 tum
457 2766 477 2811 a
509 2749 648 2827 reliquis
678 2750 893 2827 principibus,
950 2750 1122 2828 «tuisque
1146 2751 1413 2825 successoribus
1440 2753 1473 2814 et
1498 2752 1655 2813 Ecclesiae
1681 2754 1751 2815 Ro·

98 2862 186 2908 nova
209 2848 371 2924 petiturus
391 2847 531 2921 auxilia,
566 2849 722 2926 exceptus
742 2847 897 2924 perbeni-

99 2959 164 3019 gne
178 2944 221 3005 ab
240 2946 388 3007 Honorio
411 2946 476 3022 est3
500 2946 543 3018 et,
568 2946 604 3009 ut
624 2945 726 3023 petita
748 2945 896 3007 subsidia

100 3043 298 3119 quantocius
314 3042 554 3120 preberentur,
576 3045 686 3106 actum
699 3046 751 3106 est
766 3046 802 3106 ut
816 3044 895 3105 Fri-

100 3139 233 3201 dericus
250 3140 442 3218 imperator,
467 3141 525 3220 qui
542 3143 652 3219 jama
676 3142 848 3214 Pontifice,
876 3156 895 3203 a

99 3253 165 3314 quo
176 3238 279 3299 tantis
293 3238 475 3301 honoribus
490 3239 676 3302 cumulatus
691 3239 810 3311 luerat,
826 3239 898 3300 dis-

99 3333 239 3407 sidebat,
264 3335 300 3397 in
320 3336 519 3412 apostolica
539 3336 634 3398 Sedis
652 3336 794 3413 gratiam
808 3336 898 3397 reci-

99 3433 245 3509 peretur,
268 3433 303 3495 et
321 3433 460 3496 loannis
481 3448 525 3496 ex
545 3435 615 3495 Iola
634 3437 776 3512 conjuge
793 3433 896 3495 liliam

100 3529 163 3599 sibi
174 3529 404 3606 desponderet,
421 3532 572 3610 dotisque
584 3531 718 3593 nomine
728 3534 785 3609 jus
800 3546 897 3593 omne

101 3626 153 3688 illi
176 3626 397 3702 conterretur,
425 3630 512 3707 quod
527 3630 741 3692 haereditario
762 3631 840 3707 jure
860 3628 896 3691 in

100 3724 405 3803 Hierosolymiteno
440 3743 543 3804 regno
587 3727 651 3789 sibi
685 3728 895 3804 competeret.

99 3825 206 3900 atque
217 3823 266 3885 ita
277 3823 377 3886 rebus
397 3825 599 3903 compositis,
623 3824 897 3902 celebratisquea

100 3921 271 3983 Hriderico
285 3923 421 3999 nuptiis,
438 3939 513 3985 cum
527 3938 633 3985 uxore
652 3938 696 3984 ex
706 3923 896 3985 remotissi-

100 4034 154 4080 ma
173 4018 321 4081 Orientis
345 4020 483 4096 regione
502 4021 675 4098 expectata
695 4022 730 4083 et
746 4020 895 4093 advecta,

101 4115 135 4176 iu
150 4116 304 4193 Apuliam
318 4133 391 4179 sese
405 4119 531 4196 recepit
544 4119 737 4196 imperator,
749 4118 898 4197 aliquan·

100 4214 158 4275 diu
185 4213 232 4276 ibi
252 4216 485 4278 commoratus.
510 4216 574 4278 Sed
595 4218 651 4294 qui
676 4217 785 4279 luerat
804 4216 898 4278 tauto

100 4312 198 4373 titulo
225 4312 325 4373 etiam
353 4314 551 4386 cumulatus,
583 4314 708 4392 perfide
728 4315 798 4376 tum
818 4328 897 4390 erga

100 4424 253 4481 uxorem,
269 4413 338 4472 tum
354 4426 504 4473 socerum
518 4413 691 4484 ioannem,
704 4412 774 4473 tum
789 4411 896 4488 ipsum

101 4506 306 4579 Pontificem,
320 4508 400 4584 quin
420 4509 454 4570 et
471 4510 575 4571 Deum
594 4509 715 4585 ipsum,
730 4508 785 4569 cui
799 4508 899 4570 Asia-

100 4603 202 4665 ticam
225 4604 462 4681 prolectionem
486 4608 715 4683 suscepturum
735 4620 772 4667 se
798 4605 897 4667 toties

100 4701 291 4771 devoverat,
305 4703 420 4779 gessit.
436 4706 486 4765 Hx
499 4704 590 4766 hisce
603 4706 714 4766 autem
736 4703 897 4768 Friderici

100 4799 227 4876 nuptiis
242 4801 324 4862 illud
349 4801 532 4879 protectum
547 4804 608 4875 est,
633 4803 670 4863 ut
688 4802 829 4880 quisque
843 4802 899 4865 si-

101 4896 169 4959 culi
198 4898 232 4959 et
254 4899 466 4975 Neapolitani
491 4900 587 4976 regui
610 4915 683 4972 rex,
706 4915 743 4960 se
767 4912 898 4978 quoque

104 4994 444 5072 Hierosolymitanum
477 5012 589 5073 regem
617 4997 788 5074 nuncupet
810 4994 899 5076 (an-

103 5093 169 5153 ton.
183 5091 234 5183 tit.
260 5094 308 5166 le,
327 5109 355 5154 c.
377 5095 409 5166 3,
428 5096 448 5171 5
466 5098 485 5155 4
505 5095 538 5156 et
560 5095 595 5170 53
614 5095 761 5170 Platina3
778 5093 896 5156 Naucl.

101 5204 215 5265 gener.
227 5191 283 5265 tl;
297 5190 457 5253 Tritbem.
472 5194 596 5254 Cicron.
612 5189 808 5272 Hicetaon).

141 5287 305 5359 Quoniam
330 5287 508 5350 incidimus
536 5289 571 5350 in
604 5290 768 5352 Hrideriei
797 5290 899 5368 perti·

102 5384 191 5447 diam
206 5401 281 5446 cum
296 5386 485 5462 Apostolica
500 5386 585 5449 Sede
604 5387 795 5459 admissam,
820 5387 899 5450 libet

103 5485 142 5546 de
157 5499 198 5545 ea
213 5498 251 5545 re
266 5483 365 5560 paulo
384 5483 536 5560 pluribus
554 5500 667 5562 agere.
690 5486 845 5558 Venerat,
863 5487 900 5547 ut

138 5614 181 5689 (a)
202 5615 325 5675 consule
341 5616 375 5673 1).
394 5616 579 5687 Antoninum,
596 5617 719 5691 quirem
734 5618 894 5691 aliquantu·

103 5688 164 5746 lum
179 5685 373 5745 diversimode
388 5686 530 5746 describit.

951 2865 969 2908 c
989 2864 1109 2920 manae,
1127 2849 1346 2926 praesentibus
1371 2849 1567 2928 subscriptis
1587 2849 1751 2927 principi-

951 2945 1051 3007 ‹bus
1076 2949 1109 3009 et
1134 2946 1314 3019 nobilibus,
1344 2947 1490 3025 spondeo
1518 2949 1551 3010 et
1573 2947 1747 3026 polliceor,

951 3060 969 3103 c
990 3045 1144 3120 promitto
1163 3046 1196 3105 et
1208 3047 1298 3121 juro,
1317 3045 1404 3122 quod
1425 3060 1539 3106 omnes
1559 3043 1750 3122 possessio-

950 3156 1061 3213 ‹nes,
1082 3142 1227 3202 bonores
1251 3144 1284 3203 ct
1304 3144 1383 3220 J‘ura
1409 3143 1567 3204 Ecclesiae
1589 3144 1749 3204 Romanae

951 3256 969 3299 c
990 3255 1050 3316 pro
1065 3254 1162 3317 posse
1175 3255 1248 3301 meo
1259 3239 1346 3302 bona
1357 3240 1422 3302 ilde
1434 3241 1606 3318 protegam
1619 3241 1654 3301 et
1670 3255 1745 3301 ser-

951 3353 969 3397 «
991 3336 1090 3413 vabc;
1111 3337 1339 3415 possessiones
1353 3339 1464 3400 autem
1490 3354 1572 3415 quas
1597 3340 1749 3400 Romana

951 3451 969 3494 c
990 3434 1139 3496 Ecclesia
1162 3435 1382 3512 recuperavit,
1407 3434 1531 3496 liberas
1560 3437 1593 3495 et
1618 3435 1750 3511 quietas

951 3549 969 3592 c
991 3530 1055 3592 sibi
1069 3531 1243 3604 dimittam,
1257 3533 1291 3594 et
1303 3533 1411 3608 ipsam
1425 3532 1467 3593 ad
1484 3548 1543 3593 eas
1557 3531 1748 3593 retinendas

951 3646 970 3690 c
991 3628 1078 3691 bona
1093 3629 1158 3691 lide
1176 3629 1322 3706 jurab03
1339 3646 1422 3707 quas
1446 3632 1556 3691 autem
1570 3645 1637 3690 non
1651 3608 1750 3690 recu-

951 3744 970 3788 «
992 3727 1131 3804 paravit,
1148 3727 1353 3806 adjutorem
1373 3728 1413 3789 ad
1434 3727 1698 3806 recuperandum
1717 3727 1751 3788 et

951 3827 1274 3903 «recuperatorum,
1299 3826 1482 3887 secuudum
1501 3841 1600 3903 posse
1624 3840 1746 3898 meum,

952 3939 970 3982 c
991 3938 1049 3985 ero
1071 3923 1145 3984 sine
1159 3922 1276 3985 fraude
1295 3923 1459 3996 defensor,
1474 3924 1507 3985 et
1530 3938 1748 4000 quaecumque

952 4038 970 4079 c
990 4020 1032 4080 ad
1045 4036 1164 4082 manus
1185 4036 1277 4083 meas
1291 4021 1495 4097 devenerint,
1513 4020 1586 4082 sine
1601 4020 1750 4081 dilllcul-

951 4119 1059 4180 «tate
1072 4119 1248 4180 restituere
1269 4118 1466 4197 procurabo.
1488 4118 1537 4180 Ad
1557 4119 1620 4180 has
1644 4117 1751 4195 perti-

950 4232 970 4274 «
991 4217 1049 4278 net
1060 4217 1130 4278 tota
1139 4216 1231 4278 terra
1243 4233 1317 4293 quae
1329 4218 1411 4279 esta
1425 4216 1628 4278 Redicoiano
1643 4229 1748 4294 usque

951 4312 1032 4374 «ad
1069 4315 1295 4390 ceparanum,
1328 4314 1531 4376 exarchatus
1559 4316 1748 4386 Ravennae,

952 4410 1196 4489 «Pentapolis,
1224 4412 1374 4473 marchia
1395 4411 1614 4483 anconitana,
1642 4410 1749 4471 duca-

951 4526 970 4569 «
991 4509 1044 4571 tus
1067 4509 1276 4586 spoletanus,
1295 4510 1385 4571 terra
1404 4509 1584 4571 comitissae
1605 4507 1747 4570 Matbil-

951 4622 970 4665 c
991 4605 1053 4679 dis,
1075 4606 1250 4669 comitatus
1273 4605 1465 4676 Bretinorii,
1489 4623 1564 4669 cum
1589 4605 1749 4682 adjacen-

951 4720 970 4764 c
990 4703 1079 4766 tibus
1102 4705 1202 4768 terris
1223 4705 1392 4782 expressis
1415 4705 1451 4765 in
1473 4704 1586 4765 multis
1611 4702 1750 4779 privile-

952 4801 1056 4878 «giis
1078 4801 1316 4879 imperatorum
1338 4818 1382 4862 ex
1399 4802 1547 4878 tempore
1574 4798 1747 4861 Ludcvici.

951 4916 970 4959 c
991 4902 1060 4960 Has
1078 4914 1193 4961 omnes
1215 4915 1274 4977 pro
1294 4914 1392 4975 posse
1407 4913 1481 4960 meo
1501 4898 1687 4969 restituam,
1715 4898 1750 4960 et

952 5014 970 5058 c
992 4997 1102 5074 quiete
1116 4997 1279 5059 dimittam
1300 4995 1481 5057 cumomni
1499 4995 1748 5073 jurisdictione,

951 5093 1160 5168 «districtu,
1188 5096 1222 5157 et
1254 5095 1381 5156 bonore
1407 5109 1479 5155 suo.
1512 5095 1749 5155 Verumtamen

951 5209 1067 5255 «cum
1101 5192 1144 5254 ad
1168 5193 1392 5270 recipiendam
1416 5206 1572 5254 eoronam
1600 5190 1746 5269 Imperii,

952 5292 1044 5352 «vel
1091 5304 1151 5369 pro
1191 5289 1446 5353 necessitatibus
1480 5288 1659 5362 Ecclesiae,
1706 5288 1749 5351 ab

952 5389 1181 5466 «apostolica
1215 5389 1299 5451 Sede
1330 5389 1466 5450 vocatus
1495 5403 1686 5458 accessero,
1706 5386 1748 5447 de

953 5504 971 5548 c
992 5487 1147 5549 mandato
1161 5488 1287 5550 Summi
1303 5485 1473 5549 Ponudcis
1487 5485 1650 5563 accipiam
1665 5500 1746 5562 pro-

989 5618 1030 5693 (l)
1049 5618 1090 5679 cl,
1106 5619 1181 5678 Ordo
1195 5619 1446 5691 ceommundum,
1462 5632 1525 5693 sup.
1541 5617 1596 5676 ool.
1611 5615 1676 5675 tol.
