3802 6166
120 240 174 300 lar

119 399 177 460 tiis
197 398 285 472 suis3
307 398 440 460 domum
465 412 563 475 quarn
595 396 724 460 habetis
751 398 784 458 iu
815 400 913 475 Tyro,

119 513 196 559 111111
223 496 374 557 omnibus
410 496 620 573 pertinentiis
660 497 746 570 suis;
781 496 915 559 domum

119 611 219 673 quam
230 594 359 656 habetis
370 595 456 672 apud
468 598 654 677 cesaream,
671 612 745 655 curn
762 595 916 657 omnibus

118 694 329 773 pertinentiis
340 694 425 761 suis:
440 695 560 766 casale,
571 695 657 773 quod
673 694 914 771 dicitanezal;

119 794 260 866 curiam,
278 810 375 870 quam
395 793 525 855 habetis
548 794 582 854 in
605 794 916 871 0111111111ωάἰοὶ-

120 895 176 954 tur
200 895 232 952 S.
261 892 405 965 Georgii,
433 909 507 953 cum
529 892 681 953 omnibus
706 893 915 969 pertinentiis

121 992 206 1065 suis3
225 991 307 1051 duas
320 992 429 1062 villas,
443 1008 525 1068 quas
538 991 668 1052 habetis
690 990 724 1051 in
745 992 914 1063 Armenia,

122 1090 277 1151 videlicet
289 1089 503 1151 Combedefor
517 1091 550 1151 et
574 1093 701 1168 lleyon,
719 1106 793 1152 cum
809 1090 918 1151 omni-

122 1189 184 1248 bus
200 1189 409 1265 pertinentiis
437 1189 517 1249 suis.
545 1191 632 1250 Sane
656 1188 825 1250 novalium
839 1205 918 1249 ves-

121 1288 261 1359 trorum,
278 1304 351 1365 quas
374 1287 518 1365 propriis
540 1287 691 1348 manibus
706 1288 763 1349 aut
778 1287 919 1365 sumpti-

121 1386 184 1447 bus
203 1387 320 1457 colitis,
339 1387 409 1447 siro
431 1387 471 1447 de
495 1386 707 1447 nutrimentis
723 1385 917 1447 animalium

121 1484 308 1541 vestrarum
331 1481 442 1541 nullus
464 1481 592 1543 arobis
615 1481 760 1542 decimas
782 1481 918 1557 exigere

122 1581 182 1641 aut
203 1580 400 1657 extorquere
423 1582 613 1656 praesumat.
647 1581 800 1641 Clrrisma
825 1596 916 1652 vero,

120 1678 234 1740 oleum
263 1679 429 1751 sanctum,
464 1680 733 1741 consecrationes
762 1680 918 1740 altarium

121 1793 182 1837 seu
218 1777 432 1838 basilicarum
460 1780 662 1850 vestrarum,
693 1778 917 1839 ordinationes

121 1877 320 1937 clericorum
341 1878 539 1948 vestrorum,
566 1877 622 1953 qui
646 1877 687 1937 ad
714 1893 827 1938 sacros
858 1892 917 1937 or-

120 1973 217 2033 dines
241 1973 365 2035 fuerint
397 1974 623 2050 promovendi,
653 1975 686 2035 et
720 1974 787 2036 alia
811 1975 920 2035 eccle-

121 2072 258 2132 siastica
283 2073 490 2133 sacramenta
507 2087 525 2133 a
543 2072 732 2135 dicerosauo
752 2073 917 2150 episcopo,

123 2170 288 2247 siquidem
310 2170 495 2232 catholicus
510 2169 610 2233 fuerit
621 2173 654 2232 et
666 2171 808 2246 gratiam
821 2174 919 2249 atque

123 2270 390 2330 communionem
410 2270 608 2346 apostolicae
635 2269 729 2331 Sedis
753 2270 918 2343 babuerit,

121 2368 218 2428 robis
231 2368 335 2443 gratis
348 2370 380 2430 et
395 2369 467 2430 siue
486 2368 648 2445 pravitate
669 2368 782 2445 aliqua
796 2370 918 2446 praeci-

122 2467 232 2543 pimus
246 2467 408 2527 exbiberi.
421 2467 631 2543 Sepulturam
641 2468 801 2544 praeterea
815 2467 920 2544 ipsius

124 2565 190 2626 loci
217 2564 356 2626 liberam
389 2582 462 2626 osse
491 2566 717 2638 deceruimus,
748 2567 919 2627 uteorum

124 2663 292 2724 devotioni
308 2666 341 2725 et
361 2666 519 2725 extremae
531 2664 704 2735 voluntati,
722 2664 777 2741 qui
800 2682 835 2725 se
851 2664 921 2725 illic

124 2762 259 2839 sepeliri
281 2763 549 2835 deliberaverint,
567 2763 631 2824 nisi
654 2763 765 2824 forsan
781 2779 920 2825 excom-

125 2862 286 2923 municati
299 2862 350 2922 vel
368 2862 533 2923 interdicti
551 2862 626 2934 sint,
642 2862 753 2922 nullus
769 2861 918 2935 obsistat,

124 2961 351 3021 salvatamen
374 2961 504 3038 justitia
532 2960 664 3021 illarum
690 2960 918 3032 ecclesiarum,

124 3058 278 3136 aquibus
300 3060 505 3120 mortuorum
532 3076 671 3136 corpora
693 3059 918 3120 assumuntur.

125 3158 171 3218 lid
199 3157 271 3218 baec
299 3158 542 3219 ordinationem
574 3158 693 3220 factam
722 3159 756 3219 in
779 3158 920 3219 ecclesia

127 3260 236 3317 vestra
245 3258 343 3333 juxta
359 3257 492 3318 modum
511 3257 773 3333 'ferrrplariorum
796 3257 831 3317 iu
853 3257 923 3317 cle-

130 3354 208 3415 ricis
229 3358 261 3416 et
283 3355 444 3416 militibus
468 3358 500 3417 el
526 3356 602 3416 aliis
628 3354 797 3421 fratribus.
821 3358 853 3415 et
879 3355 920 3415 ad

129 3454 315 3530 exemplum
337 3455 636 3532 Hospitalariorum
659 3455 692 3514 iu
718 3453 921 3532 pauperibus

126 3555 158 3613 ol
173 3552 325 3625 infirmis,
340 3554 425 3615 sicut
440 3554 576 3631 provide
586 3554 670 3615 facta
685 3554 781 3615 estet
794 3569 814 3613 a
828 3552 921 3613 vobis

127 3652 272 3728 recepta.
288 3653 321 3713 et
344 3651 503 3713 hactenus
535 3651 721 3725 observata,
753 3651 921 3713 devotioni

125 3751 244 3811 vestrm
260 3751 457 3812 auctoritate
472 3751 659 3827 apostolica
675 3748 920 3812 confirmamus

125 3848 205 3908 Paci
231 3865 360 3927 quoque
388 3850 420 3910 et
449 3849 679 3927 tranquillitati
708 3850 828 3911 vestrae
857 3864 920 3926 pa-

124 3950 221 4008 terna
241 3947 277 4007 in
303 3949 470 4024 posterum
501 3948 723 4010 sollicitudine
747 3947 922 4025 providere

125 4046 275 4108 volentes
297 4047 493 4108 auctoritate
518 4047 707 4123 apostoliea
740 4046 922 4108 ‹listrielius

126 4144 328 4215 iuhibemus
351 4161 393 4205 ne
417 4146 503 4206 iufra
519 4146 691 4206 clausuras
713 4145 924 4206 1101113111-

124 4243 186 4303 lrae
196 4241 285 4301 ullus
299 4243 449 4319 rapinam
460 4259 519 4302 seu
537 4242 659 4304 furtum
674 4241 794 4314 facore,
812 4243 922 4317 ignom

123 4356 305 4418 apponere,
314 4341 509 4416 sauguinem
522 4340 671 4413 fundere,
685 4341 851 4401 bominem
868 4341 921 4401 te-

123 4456 217 4500 mere
232 4456 350 4516 capere
371 4440 424 4501 vel
441 4441 639 4511 interlicere,
655 4457 714 4500 seu
729 4440 921 4501 violentiam

122 4538 247 4599 audeat
282 4554 450 4599 exercere.
490 4540 656 4600 Praeterea
685 4538 856 4600 libertates
890 4538 923 4599 et

122 4636 351 4697 immunitates
392 4636 547 4712 hospitali
591 4638 701 4698 vestro
747 4653 922 4698 concessas

122 4733 415 4814 ratasjbabemus,
442 4736 474 4796 et
502 4751 559 4795 eas
581 4734 701 4796 futuris
717 4736 922 4813 temporibus

121 4832 272 4894 illibatas
286 4848 420 4894 manere
437 4833 615 4892 sancimus.
629 4833 812 4911 Adjicimus
827 4834 923 4894 insu-

124 4948 193 5008 per,
219 4934 265 5004 ut,
290 4931 564 5008 quemadmodum
588 4931 705 4992 domus
730 4934 841 4994 vestra
858 4933 922 4992 1111-

123 5032 223 5106 J'usve
243 5030 364 5091 vestran
392 5029 611 5090 iustitutionis
634 5032 667 5091 et
689 5031 818 5091 ordinis
847 5030 921 5092 fons

125 5132 154 5191 et
177 5128 277 5205 origo
302 5142 377 5189 esse
404 5128 599 5204 promeruit,
629 5127 675 5190 ita
702 5129 921 5191 nibilominus

125 5229 272 5289 omnium
289 5227 438 5289 locorum
460 5227 501 5287 ad
525 5243 598 5288 eam
616 5228 851 5305 pertinentium
864 5245 923 5289 ca-

125 5328 239 5403 putet
269 5325 430 5402 magistra
458 5326 493 5386 in
527 5328 721 5404 perpetuum
746 5326 918 5389 habeatur.

125 5424 341 5503 Praecipimus
363 5424 476 5493 etiam,
503 5425 548 5497 ut,
570 5424 711 5489 obeunte
734 5429 777 5498 te,
801 5426 919 5488 dilecte

125 5523 154 5585 in
179 5523 322 5586 Domino
340 5522 388 5583 fili
418 5524 588 5596 magister,
612 5522 663 5586 vel
685 5526 817 5585 tuorum
836 5541 920 5601 quo-

123 5622 201 5685 libet
228 5638 470 5691 successorum,
492 5621 603 5681 nullus
627 5623 774 5698 ejusdem
802 5624 917 5685 <lomus

672 304 697 319 ,ι
750 238 979 299 rlrrs'l'oual.
1003 239 1081 299 LlB.
1106 240 1130 298 1.

1709 248 1769 311 122

969 398 1129 461 fratribus
1152 400 1366 477 praeponatur
1390 400 1456 463 uisi
1479 376 1687 468 militaris'et
1711 422 1769 470 re-

970 497 1090 573 ligiosa
1122 512 1284 576 persona,
1324 515 1397 576 quae
1436 501 1556 564 restrae
1594 503 1767 581 religionis

968 594 1118 658 habiturn
1147 597 1191 657 sil
1223 596 1388 674 professa3
1425 616 1486 661 nec
1517 599 1559 661 ab
1592 602 1670 663 aliis
1701 602 1768 665 nisi
1867 664 1870 669 .

969 693 1012 754 ab
1044 694 1197 755 omnibus
1226 694 1383 757 fratribus
1414 697 1551 759 insimul
1580 700 1632 762 vel
1666 718 1769 763 asa·

971 792 1058 854 niori
1079 808 1194 853 eorum
1218 795 1324 870 parte,
1350 795 1406 873 qui
1432 797 1673 874 praeponendus
1694 798 1769 861 fue-

971 890 1025 961 rit,
1051 890 1204 965 eliealur.
1227 895 1331 954 Porro
1351 894 1434 953 nulli
1459 894 1694 958 ecclesiastica
1710 914 1768 959 se·

971 987 1120 1050 cularive
1146 1005 1297 1067 personae
1324 991 1506 1068 iufringere
1532 995 1586 1056 vel
1612 996 1764 1059 minuere

971 1087 1070 1148 liceat
1082 1088 1299 1150 rationabiles
1314 1092 1570 1154 consuetudines
1592 1093 1633 1153 ad
1648 1096 1769 1157 vestrae

972 1185 1146 1259 religionis
1156 1188 1189 1248 et
1203 1186 1303 1248 ofllcii
1326 1187 1555 1251 observantias
1574 1206 1595 1252 a
1609 1193 1769 1268 magistro

972 1287 1005 1345 et
1019 1283 1176 1345 fratribus
1192 1287 1411 1348 communiter
1432 1287 1614 1350 institutas.
1630 1290 1769 1353 Easdem

973 1398 1102 1459 quoquo
1135 1384 1390 1444 consuetudines
1417 1400 1437 1445 a
1466 1385 1560 1447 vobis
1598 1388 1769 1465 aliquanto

972 1481 1120 1556 temporo
1134 1479 1325 1542 observatas
1344 1483 1376 1543 et
1391 1482 1513 1559 scripto
1529 1484 1688 1556 firmatas,
1705 1487 1771 1547 nisi

973 1577 1196 1654 amagistro,
1228 1579 1458 1641 consentiente
1492 1582 1603 1642 tamen
1642 1583 1768 1645 saniori

973 1678 1066 1752 parte
1090 1675 1239 1753 capitali,
1263 1692 1329 1736 non
1358 1678 1458 1739 liceat
1473 1679 1654 1741 immutari.
1683 1684 1768 1743 Pro-

974 1773 1124 1835 bibemus
1145 1776 1305 1851 praeterea
1325 1776 1358 1836 et
1379 1776 1576 1838 omnimodis
1598 1779 1773 1840 interdici-

973 1889 1057 1945 mus,
1075 1889 1117 1933 ne
1139 1872 1207 1933 ulla
1229 1873 1456 1935 ecclesiastica
1477 1875 1681 1938 secularisve
1696 1894 1775 1955 per·
1866 1924 1870 1933 .

974 1986 1056 2031 sona
1080 1987 1099 2032 a
1124 1971 1282 2047 magistro
1306 1974 1339 2034 et
1365 1972 1523 2034 fratribus
1546 1975 1693 2051 ejusdem
1709 1976 1770 2038 do-

974 2086 1047 2129 mus
1075 2070 1211 2145 exigere
1248 2070 1395 2132 indebite
1423 2072 1546 2134 audeat
1580 2073 1767 2148 fidelitates

974 2168 1122 2228 hominia
1136 2184 1195 2228 seu
1214 2170 1405 2244 jnramenta
1426 2170 1480 2230 vel
1497 2171 1645 2248 reliquas
1671 2188 1770 2234 secu·

975 2266 1101 2337 ritates,
1132 2282 1205 2342 quae
1227 2283 1246 2326 a
1269 2267 1475 2327 secularibus
1503 2268 1767 2346 frequentantur.

976 2364 1157 2441 Siquando
1174 2380 1252 2425 vero
1276 2365 1349 2427 loca
1365 2365 1495 2428 deserta
1521 2366 1644 2429 fuerint
1660 2369 1768 2429 eidem

975 2462 1085 2523 domui
1110 2462 1165 2539 pia
1189 2463 1363 2524 devotione
1387 2463 1519 2536 collata,
1554 2465 1653 2527 liceat
1676 2466 1770 2528 vobis

974 2560 1096 2621 ibidem
1108 2561 1274 2621 aedificare
1289 2562 1387 2622 villas
1400 2562 1432 2624 et
1449 2563 1609 2624 eeclesias
1622 2566 1655 2625 ot
1673 2565 1772 2626 cimi-

974 2660 1059 2721 teria
1072 2660 1113 2719 ad
1127 2676 1209 2736 opus
1231 2660 1403 2721 bominum
1418 2660 1540 2722 ibidem
1562 2663 1769 2725 manentium

976 2756 1151 2825 fabricare,
1183 2757 1229 2818 ita
1261 2759 1384 2830 tamen,
1417 2759 1454 2819 ut
1485 2759 1521 2820 in
1555 2759 1679 2821 vicinia
1713 2760 1772 2823 illa

976 2855 1108 2917 abbatia
1143 2855 1194 2916 vel
1224 2855 1458 2931 religiosorum
1481 2857 1630 2918 virorum
1667 2858 1786 2920 colle-¹

975 2954 1066 3030 giam
1095 2971 1162 3015 non
1195 2955 1335 3025 existat,
1365 2954 1422 3033 qui
1458 2955 1500 3016 ob
1537 2955 1600 3018 boc
1635 2956 1773 3019 valeant

976 3053 1174 3129 perturbari.
1198 3055 1277 3113 Cum
1298 3055 1407 3114 autem
1430 3054 1529 3114 terrae
1553 3055 1650 3117 cultae
1674 3055 1773 3117 vobis

976 3151 1123 3228 quolibet
1146 3153 1238 3228 justo
1259 3151 1354 3212 titulo
1374 3152 1597 3225 conferentur,
1624 3153 1771 3216 faculta-

976 3250 1041 3310 tem
1057 3251 1089 3311 et
1105 3250 1273 3310 licentiam
1288 3248 1451 3320 habeatis,
1478 3250 1599 3311 ibidem
1621 3251 1662 3311 ad
1687 3269 1770 3328 opus

975 3348 1218 3409 transeuntium
1245 3348 1278 3409 et
1307 3364 1422 3408 eorum
1456 3349 1603 3417 tanturn,
1643 3349 1699 3427 qui
1734 3351 1775 3412 de
1874 3346 1880 3355 “

976 3462 1092 3505 mensa
1107 3448 1219 3506 restra
1237 3446 1370 3516 fuerint,
1395 3446 1611 3508 construendi
1625 3448 1773 3510 oratoria

976 3546 1010 3606 et
1023 3543 1186 3605 cimiteria
1200 3543 1355 3614 faciendi,
1381 3543 1453 3603 sine
1470 3544 1558 3620 juris
1578 3544 1773 3621 praeJudicio

977 3643 1090 3704 alieni.
1108 3645 1164 3702 list
1182 3641 1271 3702 errim
1296 3641 1453 3702 iruleceus
1473 3643 1506 3702 et
1529 3642 1677 3719 periculo
1690 3658 1773 3721 pro·
1846 3696 1850 3706 .

976 3743 1104 3804 ximum
1119 3742 1318 3813 animarum,
1339 3742 1516 3816 religiosos
1540 3742 1660 3805 fratres
1676 3759 1776 3805 oeca-

978 3843 1071 3902 siono
1093 3840 1253 3902 adeundae
1276 3840 1426 3901 ecclesiae
1445 3857 1484 3902 se
1497 3841 1646 3902 virorum
1666 3842 1773 3904 turbis

978 3943 1011 4003 et
1024 3940 1201 4001 mulierum
1218 3939 1412 4017 frequentia
1434 3922 1631 4001 immiscere.
1648 3944 1774 4003 Decer-

978 4041 1087 4099 miuus
1102 4054 1193 4114 ergo,
1220 4041 1255 4100 ut
1277 4038 1362 4099 nulli
1378 4039 1512 4099 ommno
1535 4038 1705 4101 bominum
1727 4040 1775 4102 li-

977 4139 1052 4200 ceat
1065 4138 1237 4215 praelatum
1252 4136 1415 4213 hospitale
1428 4139 1554 4198 temere
1567 4138 1773 4215 perturbare,

977 4238 1035 4297 aut
1063 4239 1134 4313 eJ'us
1158 4235 1384 4312 possessiones
1414 4235 1546 4296 auferre
1570 4236 1621 4296 vel
1646 4236 1776 4299 ablatas

976 4336 1139 4405 retinere,
1169 4335 1320 4395 minuero
1349 4349 1408 4393 seu
1437 4333 1640 4409 quibuslibet
1666 4351 1775 4397 vexa-

976 4433 1123 4493 tionibus
1150 4433 1307 4507 fatigare3
1334 4432 1525 4493 solemnia
1549 4431 1679 4508 integra
1695 4449 1778 4494 con-

978 4534 1152 4594 serventur
1177 4547 1303 4602 eorum,
1339 4545 1398 4606 pro
1430 4547 1570 4607 quonun
1605 4530 1775 4607 guberna·

976 4631 1067 4691 tione
1111 4647 1150 4691 ac
1187 4629 1429 4690 sustentatione
1470 4645 1628 4690 concessa
1673 4630 1773 4703 sunt,

978 4729 1092 4790 usibus
1121 4728 1318 4790 omnimodis
1347 4726 1531 4805 profutura,
1557 4727 1650 4787 salva
1679 4727 1776 4789 Sedis

977 4827 1173 4905 spostolicae
1187 4826 1383 4888 auctoritate
1395 4824 1611 4886 etdiaecesaui
1627 4825 1774 4903 episcopi

977 4927 1137 4989 canonica
1153 4925 1295 5002 justitia.
1314 4924 1349 4985 sl
1373 4939 1438 5001 qua
1452 4923 1556 4998 igitur
1570 4922 1605 4983 in
1627 4922 1775 4986 futurum

977 5025 1202 5087 ecclesiastica
1218 5020 1420 5084 secularisve
1435 5036 1577 5098 persona
1595 5021 1681 5083 bauo
1696 5039 1777 5084 nos-

976 5128 1037 5186 trae
1066 5122 1312 5185 constitutionis
1336 5119 1493 5197 paginam
1526 5119 1636 5181 sciens
1659 5124 1776 5184 contra

977 5238 1051 5284 eam
1066 5224 1189 5283 temere
1204 5235 1325 5281 venero
1340 5217 1527 5290 tentaverit,
1542 5218 1688 5281 secundo
1701 5220 1774 5281 ter-

976 5321 1064 5383 tiove
1092 5319 1302 5390 commonita,
1325 5316 1391 5377 nisi
1415 5317 1544 5377 reatum
1566 5333 1663 5377 suum
1688 5333 1773 5379 eon-

975 5436 1059 5497 grua
1097 5417 1322 5480 satisfactione
1356 5414 1559 5487 eorrexerit,
1601 5416 1774 5492 potestatis

976 5518 1177 5594 honorisque
1190 5515 1242 5576 sui
1259 5514 1374 5575 careat
1392 5513 1553 5590 dignitate
1569 5529 1728 5592 reamque
1739 5530 1775 5575 se

977 5617 1090 5677 (livino
1111 5614 1191 5691 judi
1206 5614 1236 5674 io
1257 5613 1401 5674 existere
1426 5612 1466 5671 de
1491 5613 1678 5688 perpetrata
1706 5614 1775 5674 iui-
