3802 6166
123 281 181 345 421

160 443 278 505 Datum
299 438 461 519 Anagnia
481 442 577 504 sexto
600 440 668 503 lat.
685 442 759 520 jun.
780 438 919 517 pontitl·

119 542 215 605 catns
229 540 336 603 nostri
350 556 438 604 anno
453 540 572 619 primo.

401 714 641 805 dccxxxlt

175 872 228 932 Ad
241 874 411 945 Leprosos
424 870 542 931 Sancti
555 871 683 931 Lazari
697 870 738 930 dc
753 870 869 931 Coton.

409 966 442 1023 2⁷
462 966 530 1023 maii
549 965 628 1023 ltll.

154 1083 276 1148 [Regeat.,
288 1081 333 1133 lib.
346 1082 365 1139 1,
379 1080 452 1145 epist.
466 1079 521 1131 tol.
534 1082 591 1131 blas.
607 1082 644 1131 La
656 1080 731 1131 Portc
745 1079 779 1131 da
794 1079 888 1141 Thell]

123 1202 266 1274 Leprosos
288 1206 318 1256 et
337 1212 437 1257 eorum
455 1197 654 1270 possessiones
674 1196 727 1257 rub
746 1197 921 1270 protectione

376 1287 455 1346 Beati
471 1287 544 1346 Petri
558 1287 667 1361 recipit.

166 1411 921 1490 Honorius,etc.,dilectistiliisLeprosissancti

124 1513 244 1576 Lazari
268 1511 310 1574 de
338 1513 452 1583 Coton,
479 1511 620 1575 salutem
642 1510 677 1572 et
698 1510 921 1588 Apostolicam

125 1608 400 1672 benedictionem.

135 1724 138 1729 ·
166 1704 919 1782 Quumanobispetitur,etc.,cepoeassensa.

125 1808 293 1867 Personas
313 1804 442 1866 vestras
465 1818 541 1865 cum
561 1802 715 1866 omnibus
729 1802 825 1864 bonis
848 1816 922 1879 quae

127 1903 163 1963 in
191 1901 444 1980 praesentiarum
461 1899 707 1963 rationabiliter
733 1899 921 1977 possidetis,

125 2002 186 2063 aut
201 2000 237 2061 in
252 1998 398 2061 futurum
408 1998 511 2077 justis
527 1997 633 2059 modis
657 1997 837 2075 praestante
857 1999 924 2059 Do-

126 2098 218 2158 mino
241 2096 392 2174 poteritis
411 2095 562 2172 adipisci,
589 2094 650 2156 sub
674 2094 763 2157 beati
783 2093 873 2156 Petri
890 2093 924 2155 et

126 2197 242 2256 nostra
265 2192 470 2272 protectione
498 2192 709 2270 suscipimus,
734 2191 925 2270 specialiter

125 2294 238 2354 autem
249 2290 474 2353 molendinum
482 2290 523 2352 de
533 2290 647 2362 Coton,
659 2289 745 2367 quod
755 2288 921 2360 Onotrius,

126 2389 390 2451 archimandrita
418 2388 585 2467 quondam
611 2386 717 2449 sancti
740 2386 924 2449 salvatoris

126 2488 169 2549 de
188 2487 339 2559 Mandra,
364 2503 439 2549 cum
457 2488 589 2549 centum
606 2485 779 2547 duodecim
797 2484 924 2546 tarenis

126 2584 223 2647 vobis
234 2584 411 2646 reddendis
426 2584 538 2645 domui
552 2585 672 2646 vestra
687 2582 742 2659 pia
756 2582 925 2643 delibera-

126 2682 218 2743 tione
243 2681 418 2753 concessit,
439 2680 527 2742 sicut
553 2696 593 2743 ea
611 2680 702 2757 J'uste
722 2695 761 2742 ac
787 2680 924 2756 pacifice

128 2778 316 2856 possidetis,
330 2778 528 2840 auctoritate
539 2776 634 2839 robis
645 2778 834 2853 apostolica
849 2791 925 2838 con·

131 2876 309 2947 tlrmamus,
340 2877 373 2937 et
397 2876 573 2952 praesentis
600 2875 716 2952 scripti
740 2873 924 2952 patrocinio

131 2973 383 3034 communimus.
400 2973 492 3035 Nulli
506 2988 596 3049 ergo,
613 2975 689 3045 etc..
711 2974 834 3034 nostrae
847 2986 926 3049 pro-

128 3070 283 3132 tectionis
297 3072 331 3133 et
345 3070 616 3143 confirmationis,
640 3070 702 3131 etc.
720 3070 755 3131 Si
770 3069 845 3147 quis
863 3084 927 3129 au·

126 3168 206 3239 tem,
222 3169 284 3230 etc.

168 3266 288 3326 Datum
297 3264 458 3340 anagnia
470 3264 564 3326 sexto
579 3263 740 3324 kalendas
749 3262 838 3341 junii
848 3277 927 3340 pon·

129 3362 276 3424 titicatus
288 3362 392 3424 nostri
405 3377 493 3423 anno
504 3362 622 3438 primo.

398 3561 657 3648 aaalxxlll

128 3716 181 3775 Ad
202 3713 453 3774 ownosterium
476 3715 511 3774 S.
531 3715 659 3775 Marte
681 3715 722 3774 de
746 3714 926 3773 Manstcdc

329 3812 462 3871 ordinis
477 3810 726 3871 cisterciensis.

424 3930 458 3989 31
474 3930 541 3988 maii
555 3931 632 3989 1217.

278 4044 373 4111 [Gallia
383 4045 531 4105 christiana,
542 4045 608 4103 xv1,
623 4046 697 4096 instr.
709 4044 777 4109 Μ]

756 272 984 342 EPISTOLAE.
1009 278 1086 339 nin.
1109 278 1134 338 1.

1681 272 1770 333 '422

969 438 1058 499 rium
1071 436 1195 499 sanctae
1204 434 1263 498 Del
1273 433 1446 511 genitricis
1458 434 1492 496 et
1501 432 1642 511 virginis
1652 432 1768 496 Mariae

971 534 1012 596 de
1026 532 1209 604 Mansiade,
1225 532 1260 593 in
1275 548 1340 609 quo
1361 530 1474 593 divino
1492 530 1671 607 mancipati
1685 530 1768 591 estis

971 629 1141 708 obsequio,
1167 630 1227 691 sub
1240 629 1330 691 beati
1351 628 1492 691 Potrici
1507 629 1621 691 nostra
1638 629 1770 706 protec-

971 729 1063 791 tione
1077 728 1275 804 suscipimus
1289 728 1324 789 et
1337 727 1511 805 praesentis
1533 724 1648 802 scripti
1663 724 1770 803 priri-
1855 726 1861 733 '

973 826 1061 903 legio
1075 825 1326 887 communimus.
1342 826 1379 885 ln
1392 824 1508 901 primis
1523 823 1686 901 siqnidem
1700 824 1772 885 sta·

972 924 1102 987 tuentes
1124 925 1160 985 ut
1174 923 1255 985 ordo
1274 922 1487 995 monasticus,
1510 921 1566 998 qul
1589 921 1770 983 secundum

973 1024 1077 1084 Deum
1086 1023 1120 1083 et
1129 1020 1217 1082 beati
1227 1019 1396 1083 Benedicti
1406 1020 1557 1096 regulam
1567 1018 1666 1097 atque
1678 1018 1773 1081 insti·

973 1119 1147 1187 tutionem,
1163 1118 1433 1180 cistercienslum
1448 1118 1589 1179 fratrum
1602 1118 1638 1178 in
1655 1118 1772 1178 eodem

975 1216 1179 1278 monasterio
1193 1216 1364 1277 institutus
1375 1230 1450 1277 esse
1465 1215 1681 1291 dignoscitur,
1692 1228 1772 1292 per-

975 1316 1082 1392 petuis
1101 1314 1147 1377 ibi
1168 1313 1372 1391 temporibus
1393 1312 1633 1375 inviolabiliter
1655 1312 1774 1374 obser·
1872 1338 1878 1353 ·

974 1414 1081 1474 uetur.
1103 1412 1269 1473 Praeterea
1289 1426 1513 1489 quascumque
1532 1409 1771 1488 possessiones,

975 1524 1191 1587 quaecumque
1216 1509 1303 1571 bona
1328 1509 1416 1571 idem
1439 1508 1677 1571 monasterium
1703 1508 1771 1567 im-

975 1607 1227 1683 praesentiarum
1248 1607 1340 1683 juste
1368 1606 1400 1667 et
1427 1605 1587 1668 canonice
1614 1604 1772 1681 possidet,

975 1707 1034 1767 aut
1047 1704 1081 1764 in
1096 1703 1244 1765 futurum
1254 1702 1470 1764 concessione
1480 1701 1691 1771 Pontificum,
1708 1700 1774 1762 lar·

975 1799 1101 1876 gitione
1135 1816 1252 1877 regum
1285 1801 1339 1862 vel
1365 1799 1569 1878 principum,
1606 1799 1775 1861 oblatione
1858 1840 1861 1847 -

976 1898 1134 1972 tidelium,
1162 1914 1222 1960 seu
1244 1898 1321 1961 aliis
1330 1897 1432 1976 justis
1453 1896 1571 1971 modis,
1597 1898 1776 1974 prestante

977 1997 1127 2067 Domino,
1150 1996 1271 2073 poterit
1294 1995 1445 2073 adipisci,
1469 1994 1565 2058 firma
1579 1994 1674 2057 vobis
1696 2010 1776 2057 res-

976 2093 1103 2170 trisque
1138 2092 1386 2155 successoribus
1413 2094 1447 2154 et
1480 2092 1609 2154 illibate
1626 2107 1774 2170 ,perma-
1892 2102 1896 2111 '

978 2193 1089 2252 noant.
1105 2193 1143 2252 ln
1156 2191 1275 2269 quibus
1295 2191 1366 2252 baec
1381 2190 1525 2268 propriis
1540 2190 1695 2251 duximus
1709 2205 1775 2252 ex·

978 2288 1149 2367 primenda
1170 2286 1367 2349 vocabulis:
1390 2288 1498 2349 locum
1522 2288 1631 2365 ipsum
1654 2288 1689 2349 in
1711 2303 1775 2365 quo

977 2385 1152 2465 praelatum
1176 2387 1416 2448 monasterium
1430 2386 1530 2448 situm
1545 2387 1595 2447 est
1609 2402 1685 2447 cum
1704 2401 1777 2447 om·

978 2483 1075 2547 nibus
1102 2484 1312 2563 pertinentiis
1336 2482 1422 2558 suis;
1451 2483 1491 2545 de
1519 2482 1708 2551 Satbornal,
1734 2483 1776 2544 de

977 2582 1172 2654 Ysallasset,
1187 2582 1228 2644 de
1242 2581 1361 2642 Tribus
1374 2581 1468 2643 Pinis
1480 2581 1514 2643 et
1526 2581 1568 2643 de
1581 2582 1777 2659 Mesayraco
1796 2591 1799 2598 ·

977 2680 1145 2755 grangias,
1174 2695 1250 2740 oum
1273 2678 1427 2739 omnibus
1449 2679 1660 2756 pertinentiis
1686 2678 1774 2751 suis;

978 2775 1019 2836 de
1033 2776 1214 2849 chalmeta,
1236 2776 1276 2837 de
1288 2774 1512 2847 Tborenchia,
1539 2775 1581 2837 de
1595 2778 1724 2846 Manso,
1744 2776 1780 2837 et

977 2873 1019 2934 de
1033 2874 1188 2951 Veyrinis
1209 2873 1378 2949 grangias,
1402 2888 1476 2934 cum
1492 2872 1645 2934 omnibus
1668 2872 1777 2949 perti-

979 2971 1101 3033 nentiis
1129 2971 1215 3044 suis;
1250 2971 1291 3031 de
1320 2973 1411 3031 Bono
1444 2970 1564 3042 Fonte,
1600 2970 1641 3032 de
1667 2970 1779 3031 Monte

978 3071 1096 3139 Braoo,
1121 3067 1162 3129 de
1178 3068 1361 3143 Blajenato,
1387 3067 1427 3128 de
1449 3069 1552 3128 croso
1567 3068 1599 3129 et
1621 3066 1662 3128 de
1680 3067 1778 3129 Alta-

978 3166 1050 3227 reto
1073 3165 1247 3241 grangias,
1277 3180 1352 3225 cum
1383 3164 1536 3225 omnibus
1567 3165 1778 3241 pertinentiis

978 3262 1188 3337 earumdem3
1212 3262 1253 3323 de
1277 3265 1396 3333 Berco,
1424 3261 1464 3323 de
1491 3260 1708 3334 Eschasclan,
1738 3261 1779 3325 de

979 3360 1136 3421 valentin
1156 3360 1190 3420 et
1203 3359 1244 3419 de
1259 3360 1358 3419 Serra
1377 3358 1546 3434 grangias,
1573 3373 1649 3419 cum
1664 3358 1777 3419 omni-

979 3456 1042 3517 bus
1057 3456 1268 3533 pertinentiis
1284 3456 1372 3527 suis;
1389 3471 1541 3517 mansum
1561 3454 1705 3517 Montilii
1719 3454 1778 3516 in-

980 3554 1129 3628 terioris;
1150 3569 1303 3614 mansum
1324 3554 1365 3614 de
1379 3552 1548 3630 Pinlaloy3
1569 3568 1723 3613 mansum
1736 3552 1778 3613 de

980 3652 1076 3725 Gros3
1100 3650 1141 3711 de
1162 3650 1294 3711 Pratlaz
1315 3652 1349 3710 et
1371 3648 1413 3710 de
1428 3648 1567 3710 Sollelat
1580 3649 1614 3710 et
1631 3648 1672 3709 de
1693 3649 1781 3710 Con-

980 3746 1049 3809 sorz
1063 3762 1209 3822 mansos,
1222 3762 1297 3808 cum
1306 3744 1677 3823 omnibuspertinentiis
1690 3744 1777 3819 suis;

980 3844 1171 3907 molendina
1186 3844 1227 3906 de
1240 3844 1412 3921 Figueria3
1426 3843 1541 3905 domos
1551 3858 1634 3921 quas
1649 3842 1778 3905 habetis

979 3943 1014 4003 in
1035 3942 1226 4004 civitatibus
1246 3940 1427 4013 aniciensi,
1455 3941 1657 4013 Mimatensi,
1675 3941 1781 4003 Vlva-

979 4040 1082 4102 riensi
1097 4040 1130 4101 et
1144 4040 1179 4100 in
1191 4041 1302 4101 castro
1316 4038 1473 4114 Albensi3
1489 4042 1598 4101 terras
1611 4038 1652 4100 de
1665 4040 1777 4100 monte

130 4152 338 4212 nonasterium
354 4153 383 4210 s.
402 4153 499 4211 narra
517 4152 553 4210 ce
572 4153 719 4212 munsture
732 4154 927 4213 usmetum
978 4138 1148 4210 massana,
1167 4137 1208 4199 de
1219 4138 1334 4210 rouro,
1351 4136 1392 4199 de
1407 4136 1511 4209 noua,
1528 4136 1568 4199 de
1582 4136 1777 4209 aoscualaz,

166 4240 275 4299 ordinis
304 4240 511 4314 protegendum
537 4241 656 4314 suscipit
677 4256 836 4314 omnesque
865 4240 926 4315 eius
979 4236 1020 4297 de
1046 4236 1150 4297 Ponte
1174 4237 1207 4297 et
1234 4234 1274 4296 de
1305 4233 1525 4306 Cambanera,
1553 4250 1629 4297 cum
1654 4235 1777 4312 pratis,

166 4330 364 4404 possessiones
379 4344 413 4387 ac
426 4329 512 4400 bona,
523 4329 588 4402 jura
606 4344 641 4387 ac
655 4330 804 4404 privilegia
820 4330 923 4388 contir-
981 4332 1220 4410 vineiaterris,
1232 4330 1435 4401 nemoribus,
1446 4332 1596 4407 usuagiis
1606 4334 1639 4393 et
1646 4333 1779 4409 pascuis

166 4426 237 4476 mi·
980 4431 1126 4492 inbosco
1141 4431 1174 4491 et
1188 4429 1345 4506 inplano,
1359 4429 1395 4491 in
1407 4428 1505 4506 aquis
1520 4431 1553 4491 et
1567 4428 1778 4501 molendinis,

169 4527 338 4587 Honorius
372 4527 561 4604 episcopus,
601 4543 717 4589 servus
755 4544 926 4590 servorum
980 4530 1015 4590 in
1024 4528 1131 4591 uiiset
1140 4525 1309 4589 semitiset
1318 4526 1473 4587 omnibus
1484 4526 1560 4587 aliis
1571 4523 1780 4587 libertatibus

129 4626 202 4692 Dei,
226 4624 355 4685 dilectis
379 4624 458 4686 tiliis
480 4623 592 4687 abbati
616 4626 809 4687 monasterii
828 4628 927 4688 Man·
980 4627 1013 4688 et
1027 4622 1291 4689 immunitatibus
1312 4625 1393 4685 suis.
1412 4626 1499 4685 Sane
1521 4623 1673 4684 laborum
1698 4639 1779 4684 ves-

129 4722 234 4783 siadae
260 4725 396 4799 ejusque
419 4722 588 4794 iratribus,
615 4725 683 4785 tam
708 4725 926 4801 presentibus
980 4726 1117 4795 trorum,
1134 4738 1217 4800 quos
1237 4722 1380 4800 propriis
1396 4720 1550 4782 manibus
1563 4720 1621 4781 aut
1639 4721 1780 4796 sumpti-

129 4836 230 4897 quam
245 4819 374 4892 tuturis,
392 4821 580 4895 regularem
594 4821 697 4883 ritem
710 4822 878 4899 protessis,
892 4824 926 4884 in
980 4821 1041 4882 bus
1065 4820 1185 4892 colitis,
1210 4821 1251 4881 de
1270 4819 1534 4896 possessionibus
1559 4816 1682 4879 habitis
1703 4818 1781 4881 ante
1850 4884 1855 4893 ,

130 4918 337 4995 perpetuum.
981 4919 1164 4981 Concilium
1181 4919 1347 4994 generale,
1373 4918 1444 4977 sive
1470 4916 1512 4978 de
1531 4915 1636 4977 hortis
1658 4915 1779 4978 etvir-

171 5014 375 5089 Religiosam
405 5016 507 5077 vitam
536 5015 735 5091 eligentibus
760 5016 929 5095 Apostoli·
980 5016 1081 5093 gultis
1096 5020 1129 5078 et
1143 5015 1381 5093 piscationibus
1396 5015 1528 5086 vestris,
1545 5014 1598 5075 vel
1611 5013 1652 5075 de
1671 5015 1781 5077 nutri-

129 5128 206 5173 cum
232 5112 387 5174 conrenit
409 5113 526 5174 adesse
547 5113 750 5190 praesidium,
776 5131 818 5177 ne
844 5114 928 5177 sorte
981 5115 1101 5176 mentis
1111 5113 1305 5175 animalium
1317 5116 1515 5184 uestrorum,
1541 5113 1598 5174 aut
1620 5113 1719 5174 etiam
1739 5113 1780 5174 de

128 5209 308 5288 cujuslibet
333 5212 530 5274 temeritatis
558 5212 713 5273 incursus
740 5215 799 5275 aut
824 5228 882 5276 eos
908 5230 928 5274 a
981 5212 1157 5275 novalibus
1183 5212 1295 5273 nullus
1319 5228 1339 5273 a
1362 5211 1456 5273 vonis
1479 5211 1625 5273 decimas
1645 5212 1780 5288 exigere

130 5308 300 5385 proposito
324 5311 469 5381 revocet,
495 5311 553 5371 aut
577 5310 690 5380 robur,
718 5311 805 5389 quod
830 5311 926 5384 absit,
981 5312 1034 5374 vel
1057 5313 1255 5389 extorquere
1287 5312 1475 5389 presumat.
1511 5311 1626 5373 Liceat
1648 5327 1780 5389 quoque

130 5419 236 5466 sacrae
255 5404 427 5480 religionis
443 5405 613 5483 infringat.
640 5408 686 5467 Ea
707 5408 850 5485 propter,
871 5408 927 5469 di·
981 5409 1075 5471 robis
1086 5409 1286 5472 clericosvel
1297 5408 1545 5479 laicos,liberos
1553 5410 1587 5470 et
1597 5407 1777 5481 absolutos,

131 5500 209 5563 lecti
223 5502 258 5561 in
273 5503 412 5564 Domino
427 5502 499 5576 filii,
525 5504 644 5566 vestris
656 5505 756 5581 justis
781 5506 930 5584 postula-
982 5508 1121 5570 eseculo
1133 5506 1308 5584 fugientes,
1320 5506 1618 5568 adconversionem
1630 5506 1778 5582 recipere

130 5598 278 5661 tionibus
292 5598 472 5663 clementer
490 5602 680 5675 annuimus,
706 5604 739 5665 et
761 5606 930 5667 monaste-
982 5605 1213 5684 eteosabsque
1227 5604 1488 5669 contradictione
1500 5603 1776 5680 aliquaretinere.
