3794 6166
122 322 162 384 41
498 319 552 383 IV.
568 346 606 363 ·-
628 316 674 379 IN
692 314 1043 379 ANNUNTIATIONE
1063 312 1214 376 BEATAE
1235 314 1397 376 MARIAE.
1737 314 1778 375 42
1889 388 1893 399 .

132 482 258 543 tiarum
273 478 396 541 ioedere
418 478 601 556 copulatur.
621 477 776 539 »Missus
796 477 848 538 θεῖ
862 477 931 537 Ga·
986 490 1075 548 num,
1091 473 1189 535 bonis
1208 474 1337 552 angelis
1352 482 1411 552 pre
1434 473 1546 537 salute
1566 473 1679 535 nostra
1700 490 1783 536 con-

127 579 214 641 briel
240 578 382 655 angelus
401 577 442 637 ad
466 576 656 653 Virginem,
678 577 714 636 ut
736 575 932 651 impleretur
985 571 1205 644 tendentibus,
1227 571 1325 633 malis
1348 588 1407 649 pro
1426 572 1610 649 perditione
1625 572 1782 634 instanti·
1817 588 1821 593 ’

130 676 218 755 quod
247 676 326 738 ante
357 675 534 736 Psalmista
563 674 827 735 dixeramus
861 675 931 734 dict
985 672 1056 732 bus.
1075 671 1209 743 Quoties
1224 671 1413 732 resistimus
1428 671 1562 732 uitiiset
1576 669 1782 732 daemonibus
1856 666 1886 741 '‚

129 775 266 836 eructet
276 777 431 845 verbalem,
445 775 478 834 et
490 787 561 834 noc
576 773 667 833 nocti
680 771 807 833 lordicat
819 773 931 832 scion-
985 786 1045 830 nos
1058 767 1275 841 tentantibus,
1300 769 1444 830 mittitur
1462 769 1605 830 Michael
1623 770 1656 830 et
1669 768 1781 844 angeli

132 874 217 933 tium
232 870 338 951 (Psal.
351 872 400 941 18,
417 868 463 950 3).
480 870 557 931 Dies
575 871 625 931 est
637 868 783 945 Angelus
796 869 931 945 propter
984 871 1067 944 ejus
1085 866 1189 944 quiet
1208 866 1375 927 daemones
1396 865 1513 942 fugant
1524 867 1557 928 et
1572 865 1668 928 nobis
1681 866 1782 929 auxi-

133 971 261 1030 naturae
275 969 496 1046 splendorem.
515 968 593 1029 Dies
613 970 663 1028 est
676 967 778 1042 Virgo
797 968 931 1043 prepter
984 965 1065 1025 lium
1091 964 1353 1026 subministrant.
1371 967 1463 1025 Tarne
1485 965 1522 1026 iit
1544 980 1655 1041 pugna
1682 981 1781 1043 quam
1818 952 1823 961 ’

132 1066 361 1138 sanctitatem,
390 1065 423 1127 et
450 1066 501 1127 est
529 1081 647 1127 sensus
667 1087 674 1124 :
691 1064 768 1126 Dies
801 1064 930 1125 eructat
984 1063 1210 1140 praediximus.
1747 1072 1750 1077 ·

134 1164 271 1226 verbum
306 1163 392 1236 diei,
422 1163 509 1225 idest
540 1162 686 1239 Angelus
714 1161 844 1237 Virgini
872 1160 928 1222 di·
1025 1160 1157 1222 Gabriel
1181 1160 1322 1222 mittitur
1349 1160 1384 1220 in
1411 1159 1659 1222 revelationem.
1687 1160 1781 1222 Unde

134 1277 208 1324 oens
235 1283 243 1322 z
273 1265 367 1333 Ave,
403 1263 522 1339 gratio
546 1265 661 1370 plqraa.
697 1260 773 1321 Nox
803 1259 930 1320 indicat
983 1258 1123 1320 audistis
1137 1258 1173 1318 in
1188 1258 1251 1318 boe
1267 1258 1458 1334 Evangelio,
1482 1258 1568 1334 quod
1593 1258 1715 1319 missus
1730 1259 1781 1319 est

135 1357 305 1420 seientiam
330 1357 431 1428 noeti,
453 1356 539 1418 idest
566 1354 718 1417 diabolus
744 1356 859 1425 Herae,
877 1354 929 1415 di·
983 1356 1024 1418 ad
1048 1357 1190 1417 Mariam
1220 1356 1402 1431 Virginem.
1432 1355 1493 1415 His
1515 1370 1690 1432 possumus
1714 1355 1778 1417 ad-

138 1472 236 1518 tens:
258 1455 372 1517 Eritis
390 1454 480 1516 elcut
502 1455 552 1516 eu
576 1453 724 1516 seientes
746 1456 870 1515 boreum
894 1453 928 1514 ct
982 1455 1111 1516 vertere
1136 1470 1239 1531 quare
1265 1454 1386 1514 missus
1415 1452 1547 1513 Gabriel
1574 1454 1625 1514 est
1653 1454 1685 1514 et
1711 1469 1778 1513 non
1864 1477 1868 1485 ·

139 1557 272 1616 metum
292 1552 372 1614 Item
392 1551 514 1613 missus
534 1551 587 1613 est
600 1550 746 1626 Angelus
759 1550 800 1610 ad
815 1548 928 1624 Virgi—
982 1551 1068 1612 alius
1081 1553 1231 1629 angelus.
1254 1554 1328 1613 Non
1348 1552 1437 1612 enim
1454 1549 1592 1611 decebat
1612 1552 1648 1612 ut
1662 1551 1777 1612 mitte·
1877 1604 1880 1609 .

141 1666 216 1723 nem,
233 1653 325 1712 uteo
340 1649 457 1711 ordine
480 1649 589 1710 exiret
607 1648 703 1725 culpa
727 1663 792 1725 que
820 1647 928 1708 intra·
982 1652 1074 1711 retur
1090 1650 1244 1722 Michael,
1269 1650 1345 1726 quia
1361 1648 1507 1710 cilicium
1529 1648 1703 1712 Michaelis
1727 1650 1779 1710 est

142 1749 233 1809 rarat.
249 1749 336 1808 Nam
350 1747 436 1825 quod
449 1744 600 1807 diabolus
611 1747 812 1823 apparuerat
826 1747 926 1807 Hevae
982 1747 1157 1809 subvenire
1193 1748 1228 1808 in
1256 1748 1448 1820 certamine,
1479 1762 1540 1807 nec
1573 1746 1710 1807 decebat
1743 1748 1779 1809 ut

143 1846 170 1906 in
194 1845 305 1923 speeie
341 1845 505 1922 serpentis
528 1844 676 1905 invitans
698 1843 739 1904 ad
769 1844 923 1920 eulpam,
981 1847 1167 1907 mitteretur
1179 1846 1340 1922 Rapbael,
1358 1845 1443 1923 quod
1464 1844 1610 1904 officium
1635 1847 1707 1922 ejus
1728 1847 1779 1909 esi

144 1944 250 2003 missus
279 1944 332 2004 est
366 1943 506 2018 angelus
528 1941 661 2002 Gabriel
687 1942 723 2002 ut
748 1940 926 2017 appareret
981 1944 1157 2005 subvenire
1175 1944 1209 2004 in
1229 1944 1412 2005 curatione.
1438 1942 1552 2003 Noluit
1576 1943 1666 2002 enim
1689 1945 1777 2003 Deus

146 2041 259 2116 Virgini
280 2039 317 2101 in
334 2041 444 2117 specie
466 2039 610 2099 heminis
631 2039 780 2100 salutans
796 2039 837 2100 ad
852 2054 927 2114 gra·
980 2042 1132 2118 angelica
1147 2041 1256 2103 elilcia
1277 2040 1480 2102 confundere
1500 2041 1553 2102 vel
1577 2042 1718 2111 mertare,
1745 2042 1778 2100 et

147 2137 221 2198 tiana
247 2137 342 2200 Sicut
365 2153 424 2214 per
449 2137 624 2198 mulierem
650 2137 787 2197 intravit
813 2137 924 2213 culpa,
980 2139 1054 2200 ideo
1070 2140 1161 2201 misit
1183 2139 1382 2210 Gabrielem,
1409 2139 1465 2216 qui
1489 2139 1541 2199 est
1561 2138 1716 2215 princeps
1740 2139 1776 2198 in

146 2235 180 2296 ita
200 2251 259 2314 per
286 2235 459 2296 mulierem
479 2234 617 2296 intrarit
634 2234 753 2309 gratia.
779 2235 925 2310 Angelus
980 2238 1198 2299 revelatione.
1230 2238 1312 2298 Item
1338 2253 1403 2297 non
1431 2235 1541 2298 decuit
1565 2236 1666 2295 alium
1691 2235 1778 2296 mitti

146 2333 236 2394 malus
258 2331 321 2394 luit
333 2349 452 2394 suasor
465 2332 506 2393 ad
528 2331 758 2408 perditionem,
779 2331 925 2407 Angelus
980 2335 1046 2395 nisi
1071 2335 1166 2395 illum
1190 2335 1342 2412 quierat
1367 2334 1520 2410 princeps
1546 2334 1773 2407 revelationis,
1882 2406 1885 2411 Ι

144 2428 233 2492 bonus
248 2431 290 2491 ad
310 2430 539 2491 salvationem.
979 2432 1251 2509 quodSummum
1277 2431 1464 2508 Principem
1492 2434 1595 2492 Deum
1619 2431 1775 2491 nuntiare

174 2529 249 2590 ltem
266 2529 389 2589 missus
407 2529 457 2589 est
478 2524 922 2603 angeluseabrielabee...
978 2530 1151 2602 veniebat,
1182 2530 1214 2591 et
1238 2546 1375 2590 summae
1410 2527 1553 2605 principi
1585 2528 1776 2590 sanctarum

144 2626 208 2688 Dia
222 2627 359 2688 nomina
378 2626 573 2701 angelorum
593 2624 734 2700 legimus
757 2624 790 2685 in
806 2624 923 2701 Serip-
978 2627 1145 2705 virginum
1173 2627 1279 2690 beatae
1303 2627 1430 2688 Mariae.
1454 2628 1503 2687 lta
1530 2627 1683 2704 princeps
1705 2627 1779 2689 erat

143 2723 227 2797 turis,
245 2724 301 2802 qui
317 2723 492 2785 mittuntur
510 2724 545 2784 in
564 2722 785 2783 ministerium
801 2721 924 2785 nestrae
979 2727 1068 2785 Deus
1090 2723 1145 2800 qui
1167 2724 1330 2799 Angelum
1354 2721 1517 2796 mittebat;
1543 2722 1697 2799 princeps
1711 2721 1776 2782 'ille
1850 2760 1853 2765 -

138 2822 263 2894 salutiS,
293 2821 467 2894 videlicet,
496 2821 654 2893 Michael,
685 2820 835 2893 Gabriel,
853 2824 924 2883 Ra·
979 2822 1036 2899 qui
1060 2821 1262 2893 mittebatur,
1287 2821 1441 2898 princeps
1462 2821 1520 2880 illa
1543 2821 1597 2880 cui
1618 2819 1776 2881 mitteba-

136 2919 240 2995 pbael.
254 2919 318 2980 sed
334 2920 513 2981 notandum
528 2919 615 2997 qued
628 2919 717 2980 beati
733 2919 843 2994 angeli
857 2934 924 2979 non
977 2922 1043 2982 tur.
1070 2923 1156 2981 Deus
1181 2920 1336 2998 princeps
1363 2919 1530 2993 omnium;
1554 2918 1777 2994 archangelus

133 3015 249 3080 babent
265 3016 400 3079 nomina
425 3018 459 3077 in
480 3016 540 3077 illa
564 3017 698 3079 civitate
711 3018 848 3088 coelesti,
866 3016 923 3077 sed
978 3019 1132 3095 princeps
1153 3018 1371 3094 angelorum;
1395 3016 1501 3077 Maria
1526 3016 1680 3093 princeps
1700 3031 1775 3078 om·
1881 3076 1884 3081 .

131 3115 251 3177 idcirco
287 3114 484 3191 quibusdam
514 3114 704 3176 nominibus
733 3116 920 3187 censentur,
978 3117 1069 3176 nium
1084 3118 1284 3177 sanctarum.

130 3215 163 3274 ut
177 3229 236 3290 per
250 3213 311 3274 illa
334 3213 469 3274 nomina
488 3213 681 3289 designetur
695 3213 853 3290 quidnam
865 3228 924 3273 eo-
1018 3214 1167 3291 Rapbael
1180 3214 1321 3275 mittitur
1335 3212 1375 3274 ad
1389 3213 1604 3274 curationem.
1621 3211 1715 3273 Unde
1729 3212 1779 3273 le·

126 3328 199 3372 rum
226 3310 422 3372 ministeriis
446 3312 576 3386 agatur.
602 3310 695 3371 Unde
717 3311 921 3386 Gregorius:
977 3313 1085 3389 gimus
1103 3313 1188 3390 qued
1204 3313 1343 3388 angelus
1359 3311 1508 3388 Raplrael
1524 3311 1645 3371 missus
1669 3311 1720 3372 est
1733 3308 1775 3371 ad
1872 3360 1875 3365 .

125 3413 197 3472 ‹In
226 3410 287 3470 illa
313 3409 430 3470 sancta
453 3409 710 3486 civitatequam
735 3408 923 3470 derisione
978 3411 1183 3472 curationem
1202 3414 1306 3471 Annae
1324 3409 1401 3469 illiae
1424 3410 1582 3484 Raguelis
1601 3409 1633 3469 et
1648 3406 1772 3480 Tobiae,

124 3508 363 3585 omnipotentis
392 3508 451 3569 Dei
485 3508 583 3585 plena
610 3507 750 3568 scientia
778 3506 921 3583 perlicit,
978 3508 1064 3585 quod
1081 3508 1165 3568 sieut
1181 3507 1303 3568 dicitnr
1318 3508 1351 3566 in
1367 3506 1452 3566 libro
1467 3505 1589 3576 Tobiae,
1606 3521 1672 3565 uno
1688 3505 1777 3565 tem·

124 3622 194 3668 non
220 3605 253 3667 id
273 3606 363 3666 circo
381 3606 516 3683 propria
532 3605 666 3665 nomina
682 3604 867 3670 sortiuntur
882 3619 923 3664 ne
979 3621 1058 3682 pere
1077 3604 1211 3665 fuerunt
1230 3603 1397 3665 orationes
1418 3602 1589 3663 amborum
1613 3602 1649 3662 in
1673 3618 1776 3663 cens-

124 3719 242 3766 eorum
267 3718 419 3781 persenae
443 3704 517 3763 sine
541 3700 730 3763 nominibus
754 3701 835 3762 seiri
856 3718 923 3763 non
978 3703 1076 3780 pactu
1100 3701 1232 3762 Domini
1254 3700 1414 3761 recitatae.
1432 3698 1619 3761 litTobiam
1643 3699 1776 3775 quidem

121 3801 266 3881 possint,
289 3800 346 3862 sed
363 3817 462 3879 quum
478 3800 519 3861 ad
534 3815 597 3861 nos
614 3799 739 3877 aliquid
753 3799 925 3862 ministra·
979 3801 1109 3862 curavit
1123 3816 1142 3861 a
1158 3799 1318 3871 caecitate,
1338 3802 1466 3860 Annam
1484 3812 1596 3858 veroa
1611 3796 1774 3859 daemone.

124 3900 194 3962 turi
210 3899 360 3971 veniunt,
375 3899 474 3960 etiam
490 3898 576 3975 apud
599 3913 660 3958 nos
674 3897 809 3958 nomina
823 3914 844 3958 a
858 3897 924 3959 mi·
979 3899 1192 3960 infirmitates
1211 3913 1386 3974 corporum
1402 3893 1578 3971 designant
1591 3896 1673 3956 uitia
1697 3895 1776 3956 ani·-

121 3997 275 4059 nisteriis
287 3997 434 4059 trabunt.
447 4014 465 4057 o
978 4012 1118 4058 morum.
1129 3996 1267 4058 Caecitas
1277 3994 1584 4071 corporisdesignat
1594 3994 1776 4056 caecitatem

164 4095 309 4156 bliebael
328 4094 567 4171 interpretatur
593 4096 671 4167 quis
697 4093 786 4155 sieut
812 4097 923 4166 Delta·
979 4095 1110 4156 mentis.
1127 4096 1262 4155 Daemon
1277 4092 1430 4154 ardorem
1442 4093 1598 4165 luxuriae,
1615 4093 1668 4153 rel
1684 4091 1778 4153 sure-

125 4192 291 4270 Rapbael,
307 4196 478 4254 medicine
486 4196 551 4255 Det
559 4209 571 4264 ;
590 4190 734 4263 Gabriel,
757 4192 924 4265 fortitudo
978 4208 1048 4253 rem
1059 4191 1253 4253 iracundiae.
1273 4191 1377 4267 igitur
1391 4191 1489 4252 toties
1506 4190 1640 4252 caecitas
1656 4191 1776 4252 mentis

126 4294 203 4354 Dei.
224 4290 369 4352 Michael
388 4293 439 4351 est
453 4290 606 4367 princeps
620 4289 827 4366 certaminis3
853 4292 923 4350 Ga·
979 4290 1129 4351 aufertur
1141 4289 1271 4366 quoties
1283 4305 1361 4350 care
1374 4289 1545 4349 luxuriosa
1560 4304 1619 4366 per
1634 4289 1775 4351 castita-

125 4389 223 4460 brial,
239 4389 395 4466 princeps
407 4387 634 4459 revelationis;
651 4387 811 4463 Rapbael,
825 4387 922 4464 prin·
978 4390 1044 4450 tem
1055 4386 1283 4463 refrigeratur,
1300 4388 1352 4448 vel
1370 4387 1542 4448 iracundia
1559 4386 1594 4446 in
1616 4403 1777 4448 mansua-

129 4502 207 4564 ceps
236 4486 432 4546 curationis.
464 4484 651 4563 Aliquando
686 4484 827 4545 mittitur
856 4485 923 4545 ltil-
978 4486 1126 4549 tudinem
1150 4486 1379 4547 commutatur.
1413 4485 1523 4546 Tetios
1553 4485 1703 4561 Raplrael
1734 4484 1776 4544 ad

125 4582 922 4664 chael3aliquandotlabriebaliquandoRapbael.
979 4584 1184 4646 curationem
1199 4582 1351 4655 mittitur,
1369 4583 1426 4642 sed
1441 4583 1513 4643 baec
1533 4582 1650 4652 missio
1664 4581 1698 4642 et
1711 4597 1775 4642 cu-
1884 4580 1889 4595 '

128 4682 275 4745 Michael
306 4681 446 4743 mittitur
470 4681 506 4742 ut
531 4680 616 4741 ierat
641 4680 736 4742 nobis
760 4681 924 4742 auxilium
979 4683 1065 4745 ratio
1080 4682 1214 4743 nonnisi
1229 4698 1249 4742 a
1264 4680 1416 4741 fidelibus
1431 4678 1633 4755 agnoscitur.

125 4781 164 4842 in
195 4779 395 4849 certamine,
426 4778 557 4855 quando
590 4794 775 4854 pugnamus
808 4779 924 4839 eontra
1019 4784 1147 4843 Missus
1163 4782 1214 4843 est
1236 4783 1371 4841 Gabriel
1384 4784 1574 4853 calpetus...
1590 4776 1776 4853 Aliquando

123 4876 206 4938 vitia
220 4877 254 4937 et
269 4877 416 4951 peccata.
433 4877 524 4936 Tune
543 4875 631 4936 enim
645 4890 830 4951 pugnamus
843 4891 925 4937 con·
979 4877 1122 4938 mittitur
1136 4876 1281 4951 Angelus
1296 4873 1337 4934 ab
1357 4872 1572 4947 archangelo,
1596 4872 1776 4951 aliquando

121 4978 176 5037 tra
188 4975 373 5047 daemones;
391 4973 522 5051 quando
538 4973 619 5035 vitia
636 4989 876 5050 expugnamus,
892 4973 925 5034 et
979 4991 999 5036 a
1015 4978 1092 5035 Deo.
1107 4972 1155 5034 Ab
1171 4971 1372 5048 archangelo
1392 4971 1533 5032 mittitur
1548 4971 1634 5034 sicut
1648 4972 1777 5033 Zacha-

120 5071 265 5134 bliebael
281 5070 377 5131 nobis
392 5072 566 5143 succurrit,
585 5071 716 5148 quande
729 5071 802 5147 ipse
815 5074 848 5133 et
863 5086 926 5132 an·
979 5074 1048 5134 rias
1064 5073 1205 5133 testatur
1224 5071 1357 5130 dicens:
1374 5073 1523 5148 Arrqolus
1538 5073 1597 5144 qut
1619 5072 1778 5144 loqueba-

100 5170 189 5248 .geli
213 5173 287 5247 ejus
322 5184 383 5246 pre
413 5169 509 5230 nobis
535 5169 738 5230 militantia
767 5170 921 5231 excelsis.
981 5174 1040 5232 tur·
1060 5174 1096 5230 lu
1120 5184 1186 5240 liae,
1210 5168 1451 5244 egrediebatur
1471 5169 1505 5230 ct
1527 5172 1616 5229 altars
1635 5171 1777 5243 arrectus

121 5268 217 5331 Unde
231 5270 381 5330 Joannes
405 5267 440 5327 in
463 5267 663 5344 Apocalypsi
681 5287 688 5326 :
710 5268 859 5328 Factum
873 5269 925 5330 est
980 5268 1221 5347 egrerle'eeotur
1233 5269 1270 5326 le
1282 5282 1463 5328 occursum
1476 5269 1561 5337 eleS,
1577 5266 1713 5326 ctdiaz't
1733 5268 1777 5325 orl

115 5368 283 5442 praelium
299 5379 465 5440 inagnum
484 5368 522 5424 lu
538 5370 632 5436 coelo,
654 5367 800 5427 iilobocl
812 5365 845 5426 et
860 5381 925 5426 are·
979 5381 1077 5428 crille:
1102 5368 1213 5427 Curre
1230 5364 1263 5425 et
1283 5369 1421 5437 loquere
1442 5367 1486 5423 oct
1496 5378 1649 5438 pratorum
1671 5364 1778 5423 istum

116 5467 188 5542 gell
220 5466 298 5536 ojus
333 5463 585 5536 praetereantur
622 5477 701 5522 eum
736 5465 921 5526 drocone...
979 5468 1114 5526 clicone:
1131 5466 1263 5536 Absque
1277 5476 1379 5522 antero
1403 5462 1612 5522 liobltotu'tlo·
1631 5462 1779 5520 Jcmlse-

119 5561 239 5639 (Apoc.
256 5576 317 5630 xu,
334 5558 380 5637 7).
402 5561 439 5618 ln
464 5559 558 5631 coelo,
587 5559 684 5631 idest,
708 5561 743 5620 in
759 5576 836 5622 aere
861 5562 924 5622 isto
979 5566 1083 5623 toln...
1121 5560 1233 5638 (Zaclr.
1265 5576 1301 5631 11,
1329 5562 1359 5627 3,
1384 5557 1427 5629 dl.
1456 5562 1538 5619 Ucce
1559 5558 1697 5633 angelus
1720 5556 1777 5633 qui

119 5660 159 5722 iit
172 5658 328 5737 praelium
354 5673 508 5734 magnum
531 5659 726 5735 angelorum
746 5659 779 5721 et
797 5660 924 5722 daemo-
982 5659 1178 5738 loquebatur
1192 5659 1227 5719 in
1242 5658 1404 5736 propheta
1421 5656 1504 5718 idest
1518 5657 1609 5717 intus
1625 5655 1778 5716 inmente
