3802 6166
135 290 197 351 ala

133 452 258 529 scripta
273 454 467 515 mandamus
488 458 521 518 et
535 457 684 521 districte
706 463 929 541 precipimus,

133 554 298 628 quatenus
312 552 379 615 tam
390 553 479 629 ipsos
490 570 589 631 qnam
601 573 716 619 omues
731 560 886 636 praefatos
898 563 931 624 et

133 649 218 711 alios
244 648 409 722 lautores,
435 654 601 729 tamquam
627 659 930 721 excommunicatos

131 746 251 807 evitari
263 748 388 809 arctius
402 748 544 822 faciatis,
562 755 594 812 et
617 754 773 829 praefatas
794 757 931 818 sarrien-

132 843 198 906 tias
221 845 363 921 siugulis
387 846 502 907 diebus
528 849 704 912 dominicis
731 856 764 915 et
788 853 927 927 festinis,

131 941 270 1019 pulsatis
305 946 476 1020 campanis
512 947 545 1008 et
574 949 722 1011 candelis
757 952 928 1025 accensis,

130 1040 353 1117 appellatione
375 1046 514 1116 remota,
540 1046 732 1109 solemniter
753 1050 926 1126 publicari,

131 1138 341 1215 saepedictam
355 1143 477 1202 terram
497 1142 531 1203 in
547 1160 587 1203 eo
602 1147 690 1206 statu
713 1164 778 1223 quo
790 1151 874 1218 erai,
888 1164 928 1211 eo

129 1239 358 1315 temporeque
377 1240 484 1315 primo
499 1240 590 1303 citati
613 1242 717 1316 suem,
732 1247 929 1308 auctoritate

131 1335 245 1396 nostra
267 1335 484 1399 nibilominus
503 1342 749 1413 conservantes,
772 1344 930 1405 molesta·

130 1433 219 1493 iores
247 1436 281 1494 et
308 1434 493 1496 turbatores
526 1437 631 1515 ipsius
664 1457 724 1516 per
753 1456 928 1503 censuram

130 1530 411 1604 ecclesiasticam,
436 1534 566 1597 sublato
591 1537 767 1614 quuslibet
795 1540 929 1601 contra-

129 1626 285 1689 dictionis
308 1631 341 1690 et
368 1632 602 1707 appellationis
623 1634 804 1707 obstaculo,
833 1652 927 1697 com-

129 1727 305 1802 pescendo.
320 1728 411 1798 Quod
427 1730 456 1788 si
472 1746 537 1790 non
548 1746 674 1803 omnes,
689 1733 753 1793 duo
767 1736 926 1806 restrum,

129 1824 319 1885 etabaann
334 1827 503 1899 Laterani,
512 1834 629 1905 quarto
643 1830 927 1901 nonassebruarii,

129 1934 218 1983 anno
232 1922 388 1984 secunde.

168 2118 205 2177 ln
218 2118 369 2179 eumdem
378 2119 509 2180 modum
523 2123 747 2198 scriptumest
761 2124 927 2186 nobilibus

128 2216 222 2285 riris,
238 2215 387 2288 ducibus,
411 2219 597 2291 comitibus,
623 2219 815 2294 baronibus,
832 2224 926 2284 mili-

128 2312 228 2385 tibus,
249 2316 282 2375 et
302 2314 379 2375 aliis
401 2316 522 2378 Christi
543 2318 695 2380 fidelibus
714 2336 928 2397 porretanum

127 2412 290 2482 Franciae,
303 2428 342 2473 ac
354 2413 636 2486 Bisnntinensem‚
645 2419 884 2479 Tret'erensem
895 2422 928 2481 et

128 2509 357 2572 coloniensem
389 2513 579 2587 prouincias
610 2515 808 2577 constitutis.
846 2519 926 2578 Cum

127 2607 207 2669 olim
224 2608 344 2670 dilecta
368 2610 403 2669 in
420 2610 551 2673 Christo
564 2612 644 2683 iilia,
672 2616 747 2683 etc,
770 2615 926 2687 usquein

129 2721 189 2766 sua
214 2706 340 2768 ducunt
363 2707 490 2769 malitia
515 2710 767 2785 persistendum.
796 2715 927 2775 Deinde

126 2806 330 2876 stupeatur:
345 2806 506 2876 Quocirca
519 2806 770 2869 unirersitatem
782 2810 925 2871 rostram

129 2901 346 2963 exhortamur
356 2902 390 2961 in
401 2904 552 2976 Domino,
564 2920 624 2980 per
634 2906 927 2983 apostolicarobis

132 2999 254 3075 scripta
266 3000 717 3078 mandantes,quatenustam
729 3005 818 3081 ipsos
828 3022 925 3082 quam

126 3112 241 3157 omnes
265 3096 421 3173 qtraeiatos
450 3100 482 3160 et
514 3099 611 3171 alios,
640 3103 677 3163 ut
710 3101 833 3164 dictum
863 3107 924 3174 est,

125 3208 241 3255 eorum
253 3193 411 3268 lautores,
430 3200 599 3275 tamquam
621 3202 925 3263 excommunicatos

126 3292 161 3353 in
171 3292 323 3353 omnibns
333 3294 458 3355 arctius
472 3296 615 3369 evitetis
632 3313 674 3359 ne
691 3298 768 3359 aliis
782 3300 926 3376 partici-

126 3389 246 3467 pando,
273 3390 466 3453 eitlciamini
481 3394 587 3469 culpae
608 3396 641 3456 et
655 3395 741 3457 notae
754 3399 924 3458 consortes

126 3488 161 3547 in
183 3489 327 3566 proprias
351 3489 469 3551 salutis
487 3490 696 3568 dispendium
715 3495 748 3555 et
762 3493 858 3556 lamas
877 3494 926 3555 ni-

125 3584 306 3647 bilominus
341 3586 589 3661 detrimentum,
615 3606 691 3651 cum
717 3590 840 3653 talibus
875 3593 924 3653 sic

124 3684 370 3745 communicare
389 3686 534 3747 scienter
557 3688 592 3747 in
610 3690 831 3765 contemptum
854 3691 925 3750 cla-

124 3780 215 3841 rium
238 3782 395 3843 Ecclesiae
417 3798 483 3844 non
499 3785 543 3845 sit
560 3784 695 3845 dubium
710 3786 922 3847 redundare:

126 3892 208 3955 quas
223 3879 251 3938 si
260 3881 496 3957 contempserit
510 3882 617 3943 dictus
631 3883 777 3944 [irardus
786 3884 921 3956 diutius,

125 3990 201 4036 cum
211 3979 282 4052 jam
306 3978 351 4039 sit
367 3978 490 4054 duplici
510 3980 628 4056 laqueo
652 3982 923 4043 excommunica-

125 4072 226 4133 tionis
246 4074 434 4146 adstrictus,
453 4076 572 4151 poterit
592 4093 658 4138 non
674 4078 839 4141 immerito
854 4079 924 4141 ior-

124 4170 252 4231 midare
267 4187 311 4232 ue
324 4174 435 4233 rromm
456 4173 606 4236 incurrat
625 4174 790 4238 haereticae
809 4176 924 4253 pravi-

124 4268 214 4338 tatis,
223 4270 257 4331 et
265 4285 326 4330 nos
337 4271 470 4348 propter
485 4272 547 4334 hoc
562 4275 676 4334 contra
694 4289 766 4336 eum
783 4274 922 4336 forsitan

125 4367 343 4442 procedamus
368 4371 465 4446 prout
489 4372 604 4433 contra
640 4372 733 4431 tales.
751 4372 924 4433 consuerit

124 4464 270 4539 procedi,
291 4481 366 4526 cum
382 4467 416 4525 in
437 4467 498 4528 boc
514 4468 647 4543 negotio
657 4484 771 4543 pacem
786 4470 819 4529 ei
827 4469 923 4544 justi-

123 4562 204 4623 tlam
215 4563 454 4640 amplexemur,
465 4564 583 4641 quibus
594 4564 681 4625 idem
692 4565 837 4626 Erardus
847 4581 921 4627 cum

160 4739 200 4811 (l)
216 4742 373 4813 blanrique,
389 4742 497 4797 Aauol.
510 4742 716 4809 cistercienses,
729 4742 919 4815 t.1v,p.ltl.

125 4811 226 4869 iterum
247 4813 355 4869 recudit
375 4813 530 4884 Epistulam
556 4813 672 4869 honorii
693 4811 728 4869 ad
748 4814 920 4887 liayrrerhun

124 4882 254 4939 abbatem
270 4884 453 4940 Gasantarini
468 4899 619 4957 perquam
643 4883 780 4955 promittit
804 4898 837 4941 se
855 4900 920 4941 curn

123 4952 280 5010 honorabili
291 4961 365 5011 cantu
377 4954 669 5027 arcltiepiscoporurn,
681 4957 881 5027 episcoporum
892 4963 920 5010 ct

122 5023 307 5080 cardinalium
321 5025 424 5081 iturum
439 5039 504 5083 esse
517 5026 544 5081 in
567 5040 687 5098 persona
710 5026 756 5083 die
782 5026 834 5084 xv
853 5041 918 5097 sep·

123 5094 239 5149 leminis
265 5094 301 5151 ad
328 5097 479 5152 ecclesiam
510 5103 669 5154 curaremus
696 5096 919 5153 consecrandam

122 5163 186 5221 t'id.
203 5163 278 5221 ltauc
293 5168 382 5237 Epist.
398 5167 452 5223 col.
468 5168 531 5235 483,
547 5178 580 5223 n⁰
592 5169 644 5236 xl,
664 5168 725 5225 Lib.
749 5170 786 5225 ll.
811 5167 920 5225 Deinde

123 5234 227 5308 adjecit
240 5239 387 5294 barralista
404 5253 410 5293 :

159 5328 170 5355 ι
188 5308 256 5363 llaec
271 5309 413 5365 bobertus
425 5306 461 5365 de
471 5309 653 5367 casaemariui
672 5306 800 5365 Basilice
816 5322 916 5364 conse·

120 5378 258 5446 eratione,
274 5392 360 5449 quam
384 5380 499 5451 insuper
525 5380 651 5451 pluribus
680 5380 743 5436 aliis
764 5379 920 5437 cumulavit

120 5449 276 5507 benetieiis.
288 5449 383 5505 Primo
391 5451 467 5505 onim
476 5451 504 5507 iu
514 5450 568 5506 hoc
579 5452 640 5523 ipso
651 5451 917 5530 sanxitdelornate,

121 5530 153 5578 ut
168 5520 418 5579 lraecconstcratIo
437 5534 530 5578 auriam
553 5521 715 5579 nouendiali
739 5522 919 5577 solemnitate

121 5592 321 5661 ‹celebraretun
330 5598 358 5649 et
371 5590 469 5647 lidcles
484 5591 727 5651 illucaccedeutes
741 5606 837 5648 annito
852 5604 919 5663 quo·

752 302 927 365 110b'01t11
950 306 996 365 111
1016 307 1167 369 OPERA.

1720 320 1779 379 dat

985 464 1168 529 sauhribus
1189 470 1260 531 suis
1274 473 1482 550 contemptis,
1499 488 1567 535 non
1582 475 1692 537 solum
1707 492 1783 553 reg·

984 580 1063 626 num
1099 569 1249 631 Franciae
1280 570 1397 633 nititur
1425 573 1641 649 perturbare,
1669 576 1727 636 sed
1752 580 1785 637 et

984 666 1095 726 Terrae
1107 667 1236 729 Sanctae
1251 685 1312 745 per
1321 668 1383 730 boe
1397 670 1560 749 impedire
1574 689 1781 733 succursum.

985 760 1040 822 Sic
1051 778 1130 839 ergo
1141 765 1248 842 ipsum
1265 766 1440 829 decaetero
1458 770 1604 841 evitetis,
1623 771 1711 848 quod
1726 788 1783 831 ros

983 875 1057 920 esse
1083 862 1175 937 pacis
1201 864 1288 925 tilios
1318 881 1377 942 per
1409 867 1650 929 exhibitionem
1674 870 1783 945 operis

983 959 1174 1032 ostendatis,
1187 965 1220 1023 et
1230 978 1345 1025 amare
1353 966 1518 1041 justitiam
1530 968 1563 1027 et
1577 967 1656 1028 odio
1667 967 1785 1043 iniqui-

981 1056 1084 1117 tatem
1100 1057 1233 1131 babere,
1248 1063 1480 1139 propterquod
1497 1064 1571 1125 aleo
1587 1064 1784 1125 mereamini

984 1155 1216 1218 exsultationis
1240 1159 1368 1235 inungi,
1383 1176 1442 1236 par
1455 1161 1538 1221 illud
1561 1162 1603 1223 ad
1624 1166 1783 1223 aeteruam

984 1252 1133 1315 laetitiam
1161 1258 1364 1332 perventuri.
1394 1261 1512 1320 Datum
1540 1261 1712 1332 Laterani,
1739 1262 1784 1321 lll

984 1365 1088 1411 nonas
1102 1350 1274 1427 februarii,
1290 1371 1379 1417 arrrro
1393 1356 1550 1419 secundo.

1302 1550 1464 1638 CXXIII

1022 1698 1074 1758 Ad
1087 1700 1303 1773 Ravatonium
1320 1702 1521 1765 abbatemet
1534 1704 1744 1764 cortccnhmt

1261 1801 1499 1862 Cascamoriai.

1290 1938 1375 1997 dieb.
1393 1941 1472 1997 lata.

1044 2059 1196 2125 [Maurique
1207 2060 1319 2112 Annales
1328 2062 1512 2123 cistercienses,
1525 2070 1544 2113 t.
1560 2065 1604 2119 lv.
1620 2080 1646 2129 p.
1659 2065 1729 2128 tib]

981 2186 1192 2261 indulgentiam
1213 2187 1343 2245 concedit
1359 2191 1388 2245 in
1403 2190 1601 2247 anniversario
1615 2189 1665 2248 die
1678 2207 1780 2249 cousc-

1146 2276 1282 2333 crationis
1296 2276 1407 2333 illorum
1422 2277 1551 2333 ecclesia
1562 2278 1617 2350 (l).

1021 2410 1113 2471 Licet
1124 2411 1233 2471 autem
1245 2412 1482 2473 monasterium
1492 2414 1643 2473 restrum
1651 2414 1740 2490 juris
1748 2416 1781 2475 et

982 2508 1153 2583 potestatis
1172 2508 1215 2570 sit
1237 2508 1331 2570 Sedis
1355 2510 1552 2586 apostolicae
1574 2512 1778 2587 specialiter,

981 2605 1059 2682 quia
1073 2607 1183 2666 amen
1199 2622 1241 2667 ex
1257 2607 1318 2667 boc
1325 2607 1413 2683 Juris
1428 2607 1556 2670 scilicet
1566 2610 1781 2685 proprietatis

983 2703 1086 2779 ipsius
1101 2704 1280 2781 speclalius
1299 2705 1350 2766 est
1365 2704 1529 2775 ellectum,
1548 2721 1609 2767 nos
1623 2706 1705 2767 illud
1720 2708 1777 2767 sub

982 2802 1118 2877 speciali
1134 2817 1215 2862 cura
1230 2804 1264 2863 et
1276 2802 1453 2880 principali
1466 2802 1569 2864 tutela
1586 2803 1677 2865 beati
1692 2804 1777 2865 Petri

980 2899 1179 2975 suscipimus
1216 2916 1290 2960 curn
1325 2900 1472 2961 omnium
1497 2900 1615 2972 rebus,
1638 2919 1722 2979 quas
1745 2904 1775 2963 in

980 2998 1232 3073 praesentiarum
1243 3000 1333 3075 justo
1357 2998 1453 3059 titulo
1479 2998 1636 3075 possidet,
1663 3004 1719 3061 ant
1742 3002 1772 3059 ia

981 3094 1126 3155 laturum
1149 3096 1250 3172 justis
1278 3095 1384 3157 modis
1420 3097 1541 3172 poterit
1573 3097 1713 3175 adipisci
1742 3100 1772 3157 ut

980 3192 1160 3253 secundum
1184 3193 1356 3270 privilegIa
1392 3194 1677 3270 predecessorum
1702 3212 1773 3255 nos·

980 3292 1116 3362 horum,
1133 3294 1166 3352 et
1184 3293 1297 3353 nostra
1317 3307 1447 3368 semper
1472 3308 1530 3352 eas
1552 3293 1628 3353 sine
1646 3298 1771 3354 contra-

979 3388 1296 3465 dictionepossideat
1305 3389 1584 3466 aaudensubique
1595 3390 1770 3467 privilegiis

979 3487 1012 3547 et
1036 3484 1253 3561 indulgentiis
1274 3488 1451 3559 universis,
1472 3490 1539 3548 tam
1566 3489 1768 3563 generalibus

979 3600 1077 3660 quam
1092 3584 1292 3662 specialibus
1317 3600 1338 3645 a
1363 3585 1448 3647 Sede
1463 3586 1653 3662 Apostolica
1674 3588 1767 3663 irnpe-

979 3682 1100 3752 iratis,
1137 3682 1240 3743 salvis
1276 3683 1408 3744 statutIs
1435 3684 1575 3746 concilii
1599 3685 1763 3759 generalis.

978 3781 1120 3840 Cunctos
1135 3780 1237 3855 igitur
1246 3780 1351 3856 ipsius
1360 3783 1439 3856 jura
1455 3786 1629 3843 servantes
1643 3786 1765 3859 aposto

980 3878 1076 3938 tolica
1089 3877 1275 3938 benedic-tiu
1287 3881 1517 3955 prosequatur,
1531 3896 1656 3957 eosque
1665 3879 1763 3941 dirim

978 3977 1133 4051 majestas
1144 3976 1306 4052 justiilcet
1318 3976 1354 4036 in
1367 3976 1538 4052 praesenti,
1561 3978 1595 4039 et
1615 3976 1762 4053 glorificet

977 4073 1013 4132 in
1037 4072 1156 4133 hrluro.
1183 4072 1383 4134 Turbatores
1406 4078 1516 4135 antem
1553 4075 1678 4151 ipsius,
1706 4070 1759 4134 uisi

977 4169 1758 4250 commonitiresipuerInt,reossedivinojudicio

977 4269 1017 4329 de
1032 4270 1219 4346 perpetrata
1235 4269 1410 4345 iniquitate
1425 4274 1639 4347 cognoscant,
1652 4274 1683 4331 et
1700 4283 1758 4329 mu-

977 4366 1067 4427 neris
1081 4366 1279 4442 Apostolicae
1293 4365 1534 4427 benedictionis
1549 4369 1709 4445 expertes.

1016 4466 1135 4525 Datum
1165 4463 1323 4525 Laterani
1346 4463 1444 4525 tertio
1469 4481 1576 4525 narras
1602 4458 1752 4527 februarii,

978 4562 1187 4639 pontificatus
1202 4561 1306 4623 nostri
1322 4577 1409 4622 anno
1424 4563 1582 4623 secundo.

976 4753 1031 4810 que
1052 4736 1293 4811 indulgentiarum
1310 4736 1445 4795 thesauro
1459 4737 1652 4811 locupletarit.
1674 4810 1678 4817 1
1739 4800 1743 4811 ,

1013 4830 1024 4857 ι
1047 4811 1082 4867 Ut
1097 4804 1185 4881 ipsius
1200 4808 1312 4865 eclede
1327 4808 1467 4865 dedicatio
1482 4811 1646 4867 veneranda
1669 4816 1752 4875 ‹sequ-

976 4887 1020 4935 tur
1032 4880 1185 4950 Honorius)
1209 4880 1254 4936 siu
1297 4880 1332 4936 lis
1353 4881 1437 4937 arrrris
1457 4880 1591 4939 devotius
1605 4881 1751 4959 celebretur.

976 4952 1126 5019 universis,
1158 4952 1206 5023 qui
1240 4966 1255 5006 a
1312 4950 1506 5009 celebritatem
1550 4957 1752 5010 corrsecrauoua

975 5020 1101 5093 ejusdem
1117 5020 1188 5078 iulra
1205 5036 1307 5078 uorem
1321 5021 1383 5079 dies
1397 5022 1500 5080 derotc
1514 5025 1708 5083 convenerint.
1725 5010 1751 5099 sd

975 5094 1191 5174 illiuspietatem
1201 5092 1313 5159 curilisi,
1324 5094 1369 5149 cui
1380 5102 1423 5149 cst
1434 5102 1617 5165 peccaturum
1631 5096 1752 5167 retrusae

974 5164 1010 5221 de
1025 5165 1159 5237 injunctis
1171 5165 1224 5221 sibi
1241 5165 1413 5236 poenitentiis
1428 5179 1535 5223 aunum
1552 5182 1642 5224 unum
1659 5166 1752 5224 misca-

974 5235 1095 5292 corditer
1119 5236 1291 5291 relaxamus.

1012 5330 1022 5356 ‹
1044 5306 1180 5363 Nobiliori
1197 5304 1434 5362 deiudehusilicoe
1449 5307 1537 5363 cultui
1560 5315 1589 5365 ct
1603 5308 1754 5366 ornamento

974 5378 1136 5443 cousulens,
1152 5377 1300 5433 rrrouachis
1315 5376 1453 5447 indulget.
1469 5385 1500 5434 ut
1527 5381 1616 5435 certis
1637 5378 1755 5435 utrinam

974 5450 1040 5505 anm
1055 5448 1164 5513 diebus,
1181 5449 1281 5503 sericis
1295 5446 1378 5504 liceat
1392 5448 1518 5506 restibus
1533 5450 1562 5506 in
1580 5452 1664 5508 altari
1687 5456 1755 5517 utrque

973 5520 1119 5591 argenteis
1134 5518 1283 5575 thuribulis
1298 5519 1347 5575 uti.
1365 5542 1376 5567 ι
