3802 6166
55 250 117 315 alr
321 252 438 315 svm.
453 280 494 297 -
507 248 553 315 m
574 246 827 314 alrwrunrn
848 246 999 312 snucvr
1018 249 1197 313 Joaums
1218 251 1449 317 snrrrsrn.
1606 190 1622 225 ”
1649 258 1711 320 ars

57 407 214 488 exigente
234 412 367 485 natura,
388 408 445 474 sed
464 410 572 489 gratia
594 410 762 490 operante,
781 425 855 473 cum
909 407 1099 487 baptizavit.
1126 410 1220 473 Unde
1238 411 1310 489 ipse
1323 412 1372 475 ait
1391 412 1432 475 ad
1447 427 1523 477 eum
1538 416 1711 495 :docete

59 511 147 573 esset
166 508 347 573 Zacharias
361 526 465 572 senex
486 511 518 573 et
532 508 699 573 Elisabeth
719 508 854 581 sterilis,
910 508 1199 583 deteobapttzart,
1214 510 1400 573 ettuoeats
1410 511 1709 593 admetbfattbm,

59 610 92 671 et
105 607 140 669 iu
151 606 271 669 diebus
281 608 351 670 suis
362 610 487 687 pariter
499 608 748 687 processissent.
762 608 856 672 Unde
911 602 986 683 len
1000 605 1153 667 Extincto
1169 608 1220 668 est
1233 608 1268 667 in
1284 608 1444 686 martyrio
1459 609 1515 671 ubi
1531 612 1708 688 expiravit.

60 705 200 783 angelus
219 706 260 768 ad
276 706 440 768 Mariam:
457 708 625 770 Elisabeth
637 709 783 784 caperata
797 708 857 769 toa
912 702 1007 764 Unde
1032 703 1067 763 in
1094 704 1302 780 Evangelio:
1325 709 1433 768 Misso
1459 711 1616 771 Herodes
1638 714 1712 786 spt-

60 806 93 867 et
118 808 196 880 ipso
223 806 377 881 eorlceptt
403 806 513 879 tiltenn
536 808 572 867 in
594 807 768 868 senectute
792 820 857 867 saa
910 801 1057 862 aleatori
1070 803 1238 877 proecepit
1254 805 1431 878 arrepeetori
1449 807 1552 880 eaput
1565 810 1711 871 Joaaents

62 900 155 983 (Luc.
178 919 201 975 1,
223 901 289 982 36).
307 904 448 965 Decocta
470 905 503 966 et
521 904 662 966 solidata
680 904 716 964 in
736 904 856 964 animae
912 901 949 959 in
960 900 1145 961 carcereet
1157 901 1282 976 afferat
1296 904 1333 962 tn
1346 904 1438 963 disco
1451 900 1568 981 (Mare.
1584 920 1629 977 vr,
1644 908 1708 981 27).

60 1000 240 1062 infusione.
262 1002 355 1064 Unde
381 1002 521 1078 angelus
540 1002 581 1063 ad
596 1002 767 1079 Virginem
788 1001 857 1062 :Ut
952 998 1101 1058 Lucerna
1129 998 1301 1075 postquam
1327 1014 1469 1060 accensa
1497 1000 1616 1073 fuerit,
1644 1004 1710 1065 iria

60 1101 112 1160 liic
124 1101 258 1161 υιεπεῖε
272 1099 325 1160 θεῖ
339 1100 462 1160 saetas
472 1101 530 1171 illl,
541 1113 617 1173 aaa
631 1099 775 1161 vocatio·
785 1099 858 1160 ste·
911 1092 1005 1171 facit;
1023 1095 1111 1156 viam
1127 1096 1280 1164 ostendit,
1302 1096 1438 1160 afoveis
1453 1098 1609 1173 defendit,
1622 1102 1655 1163 et
1669 1102 1710 1164 ab

60 1196 134 1254 ralis
153 1189 268 1272 (lbid).
286 1192 386 1265 Quasi
401 1193 527 1255 diceret
543 1214 550 1253 :
563 1196 634 1271 jem
652 1193 793 1254 solidata
807 1192 857 1255 θεῖ
911 1192 1094 1255 offensione
1119 1194 1306 1271 praemunit.
1323 1197 1364 1257 et
1379 1197 1525 1258 loannes
1542 1198 1711 1277 tamquam

58 1290 154 1363 festa,
176 1289 255 1368 quia
275 1290 387 1352 anima
401 1293 473 1368 jam
496 1293 547 1354 θεῖ
567 1290 689 1360 infusa,
711 1307 784 1369 quae
807 1291 857 1353 est
911 1291 1047 1353 lucerna
1067 1292 1155 1353 viam
1177 1292 1212 1352 in
1237 1292 1403 1354 Christum
1423 1295 1544 1371 populo
1567 1297 1712 1359 ostendit

58 1387 153 1464 quasi
177 1387 348 1449 vinculum
372 1387 405 1450 ot
425 1388 680 1451 solidamentum
705 1387 854 1450 seminis.
911 1388 1138 1451 dioenssb'cce
1156 1394 1275 1466 Apesas
1289 1393 1364 1452 Det.
1383 1392 1443 1454 Vel
1453 1393 1541 1453 viam
1553 1395 1709 1470 ostendit,

56 1485 132 1546 Fuit
140 1500 286 1547 accensa
296 1486 331 1547 in
341 1486 447 1547 utero.
461 1487 523 1547 llic
533 1486 621 1548 enim
630 1486 856 1548 sanctificatus
911 1486 1006 1559 idest,
1015 1489 1217 1565 praeparavit
1222 1489 1317 1566 juxta
1329 1488 1416 1565 quod
1431 1490 1570 1565 angelus
1577 1492 1711 1554 Gabriel

58 1584 107 1645 est
124 1583 160 1645 et
174 1582 284 1659 gratia
300 1583 442 1661 Spiritus
465 1583 578 1647 Sancti
593 1584 751 1662 repletus.
770 1585 855 1647 Nam
911 1582 951 1645 de
963 1600 1002 1646 eo
1025 1584 1112 1646 dixit
1125 1585 1167 1647 ad
1191 1585 1385 1647 Zachariam
1407 1607 1415 1647 ε
1434 1591 1513 1662 Ipse
1538 1592 1712 1663 praecedet

59 1696 123 1742 non
138 1680 335 1758 pradicatio
349 1683 510 1744 ioannem
525 1682 582 1744 sed
603 1682 776 1760 inspiratio
796 1682 858 1744 do-
910 1683 991 1744 ante
1014 1686 1109 1744 idaim
1133 1686 1170 1743 tn
1196 1685 1325 1758 spirita
1352 1684 1386 1745 et
1414 1686 1544 1747 virtute
1572 1690 1657 1748 Elia
1674 1689 1711 1750 nt

59 1779 135 1851 anit,
143 1779 246 1857 juxta
262 1779 326 1842 hoc
344 1779 430 1858 quod
450 1780 588 1857 angelus
603 1780 651 1842 ait
669 1781 711 1842 ad
730 1780 857 1842 zacha·
910 1781 1089 1843 conaertat
1103 1784 1208 1843 corda
1216 1782 1364 1855 patrum
1378 1782 1530 1856 adtletae,
1547 1784 1581 1845 et
1593 1788 1711 1847 inere-

59 1876 166 1938 riam:
185 1877 321 1952 sperno
337 1878 462 1940 Surwto
484 1880 673 1954 replebitur
686 1881 796 1941 odilae
810 1894 856 1940 ee
910 1880 1027 1940 didiles
1065 1881 1110 1939 ad
1129 1881 1356 1952 praeentiam
1373 1881 1554 1953 justornm
1576 1898 1711 1956 parare

59 1972 533 2055 leteroaraotrtsseaetbuc.r,
551 1973 615 2055 15).
632 1975 726 2038 Unde
746 1977 778 2037 et
793 1976 857 2037 Eli·
911 1978 1057 2036 Donaino
1079 1978 1208 2049 plebem
1229 1978 1420 2053 perfectam
1434 1977 1527 2057 (Luc.
1546 1994 1568 2052 1,
1591 1978 1655 2059 17).
1674 1982 1712 2043 ln

61 2070 175 2134 sabeth
193 2070 279 2135 dixit
298 2071 340 2133 ad
361 2072 496 2134 Beatam
513 2074 654 2134 Mariam
672 2094 679 2134 :
699 2076 797 2145 Eece,
818 2073 856 2135 ut
911 2069 1031 2149 spiritu
1043 2088 1185 2151 namque
1199 2074 1232 2135 et
1246 2074 1368 2135 virtute
1382 2076 1463 2137 Eliae
1477 2077 1624 2138 loannes
1639 2079 1707 2139 Do-

62 2170 148 2243 facta
168 2170 223 2231 est
242 2184 313 2231 aaa
329 2171 548 2233 salutationis
568 2171 638 2232 triae
656 2173 694 2232 tn
713 2174 856 2232 oleribus
910 2169 1036 2229 minum
1051 2169 1233 2247 praecessit,
1246 2169 1324 2250 quia
1338 2158 1425 2233 sicut
1446 2171 1503 2233 ille
1524 2188 1712 2250 praecursor

62 2270 155 2341 mets,
173 2267 344 2329 eeadtavtt
363 2270 400 2329 tn
420 2271 546 2346 poemia
562 2270 678 2343 trasone
696 2271 734 2329 tn
757 2268 856 2331 altero
911 2266 1017 2329 factus
1037 2269 1088 2328 est
1098 2266 1234 2345 judicis,
1250 2267 1297 2329 ita
1318 2269 1381 2330 iste
1396 2284 1583 2345 praecursor
1601 2270 1709 2333 factus

63 2378 133 2426 evaeo
152 2363 249 2444 (Luc.
268 2380 293 2433 1,
308 2362 373 2445 44),
395 2366 472 2444 quia
487 2366 633 2444 repletus
655 2365 717 2427 fuit
731 2366 856 2443 Spiritu
910 2364 960 2425 est
975 2363 1214 2441 Redemptoris.
1246 2369 1273 2426 Α
1291 2364 1407 2438 foveis,
1430 2366 1525 2440 idest,
1547 2383 1566 2428 a
1587 2384 1710 2445 pecca-

66 2462 181 2524 Sancto
196 2461 306 2524 adhuc
320 2478 362 2523 ex
376 2463 470 2524 utero
486 2463 694 2525 matrissuae.
910 2461 952 2523 tis
963 2460 1109 2523 defendit
1122 2462 1235 2523 dicans
1253 2478 1261 2523 :
1277 2467 1470 2540 Propenles
1486 2469 1709 2540 viperarum,

100 2558 189 2620 idem
204 2559 344 2636 angelus
358 2560 525 2623 nuntiavit
543 2561 629 2639 patri
649 2560 856 2623 nativitatem
910 2562 986 2633 aava
1002 2560 1149 2621 ostendit
1170 2562 1264 2622 vodis
1282 2561 1404 2637 stipere
1418 2577 1441 2623 a
1457 2562 1608 2624 ventrina
1631 2566 1711 2626 irat

67 2658 210 2730 loannis,
234 2656 290 2735 qui
312 2658 522 2721 annuntiavit
536 2659 634 2720 matri
648 2658 856 2719 nativitatem
909 2658 1012 2732 faetta
1026 2658 1163 2732 stolatus
1176 2661 1298 2734 diarios
1307 2658 1534 2732 poerettenttee.
1550 2661 1590 2721 Et
1603 2660 1645 2721 ab
1660 2661 1713 2723 of·
1728 2666 1731 2671 '

68 2755 148 2826 iesu,
159 2753 328 2828 videlicet,
343 2754 475 2817 Gabriel
483 2772 638 2832 magnum
653 2755 856 2816 annuntians
911 2754 1062 2816 tensione
1075 2756 1252 2833 praemunit
1266 2755 1422 2833 populum
1438 2756 1552 2818 dicens
1568 2779 1575 2818 :
1591 2761 1714 2822 Nemi·
1773 2778 1778 2783 ·

70 2851 237 2931 utrobique
250 2852 459 2926 miraculum,
472 2854 504 2915 et
517 2854 663 2930 Virginis
685 2854 718 2915 et
733 2852 856 2915 sterilis
910 2867 991 2915 azera
1014 2854 1228 2924 calamatatis,
1245 2868 1354 2928 aisque
1374 2859 1584 2918 columniam
1598 2858 1712 2931 sacto·

71 2951 202 3025 partum.
214 2951 474 3014 ioannisautem
487 2953 757 3029 nonconoeptum
769 2966 858 3029 prae-
911 2950 956 3011 tls
972 2948 1067 3028 (Luc.
1098 2966 1148 3021 111,
1175 2949 1238 3029 14).
1255 2952 1335 3012 llaec
1354 2951 1405 3012 θεῖ
1425 2952 1562 3014 lucerna
1581 2953 1622 3015 de
1646 2970 1712 3032 qua

71 3045 144 3110 dixit
165 3049 223 3110 sed
238 3050 358 3111 ortum.
371 3051 452 3112 lesu
471 3065 552 3111 vero
574 3050 729 3127 praedixit
748 3049 856 3112 ortum
912 3048 1011 3109 Pater
1026 3047 1173 3125 loquitur
1189 3063 1248 3125 per
1269 3048 1468 3125 Proplretam
1484 3071 1491 3110 :
1508 3055 1642 3114 Paravi
1655 3056 1712 3115 lu·
1844 3128 1847 3133 ¹

72 3147 186 3221 pariter
206 3148 240 3210 et
256 3148 463 3225 conceptum.
484 3149 569 3210 Nam
584 3147 753 3211 Zachariae
771 3148 855 3224 patri
910 3160 1053 3207 carinam
1068 3147 1203 3208 cbristo
1217 3161 1294 3208 meo
1308 3144 1378 3226 (Ps.
1395 3163 1512 3221 cxxxr,
1528 3148 1592 3228 17).
1609 3152 1714 3212 Joan-

72 3244 278 3320 predicitur:
302 3246 473 3308 Elisabeth
487 3261 581 3308 esaar
596 3246 785 3322 temperiei
798 3247 857 3307 titt
911 3259 970 3304 nes
998 3242 1099 3320 igitur
1122 3241 1259 3305 lucerna
1294 3244 1415 3306 ardens
1444 3247 1527 3318 erat,
1555 3246 1611 3307 sed
1642 3263 1711 3310 non

72 3342 187 3415 filliam,
216 3344 252 3405 et
275 3345 410 3406 vocabis
437 3358 563 3406 riornen
586 3346 662 3418 ejus
688 3346 858 3406 loannem
912 3342 1045 3418 proprio
1073 3341 1151 3418 igne
1174 3340 1322 3414 ardebat,
1353 3358 1532 3404 succensus
1547 3360 1612 3406 nou
1634 3360 1714 3423 pro-

71 3435 153 3515 (buo.
170 3454 196 3508 1,
218 3437 283 3520 13).
301 3440 364 3502 Sed
386 3455 489 3518 quare
510 3440 609 3503 matri
630 3440 823 3519 praedicitur
848 3462 855 3501 :
912 3439 985 3515 pria
999 3439 1074 3499 luce
1095 3438 1245 3513 lucebat;
1262 3438 1371 3514 gratia
1385 3441 1474 3501 enim
1489 3441 1594 3517 ipsius
1610 3458 1709 3519 quern

72 3539 396 3613 corwtpteslnatero
411 3539 859 3613 etpovtesFtltnneeteoca·
912 3536 1147 3614 praecurrebat,
1176 3537 1211 3598 in
1235 3553 1275 3599 eo
1295 3536 1432 3600 ardebat
1450 3540 1483 3599 et
1505 3538 1712 3616 splendebat,

71 3632 614 3715 oarzoanenejrnaesomeauc.1,
626 3636 692 3716 31).
706 3636 855 3709 Curboc,
911 3635 946 3696 in
975 3637 1069 3712 cvn'us
1097 3635 1221 3696 lumine
1251 3634 1401 3696 videmus
1427 3651 1544 3698 verum
1580 3637 1712 3708 lumen,

71 3732 127 3794 nisi
145 3733 225 3812 quia
248 3737 394 3798 loannes
415 3732 477 3797 fuit
493 3736 671 3813 conceptus
692 3734 855 3812 inculpa,
912 3733 1010 3802 idest,
1037 3732 1215 3805 Christum,
1240 3733 1296 3812 qui
1321 3749 1388 3794 nou
1403 3734 1453 3795 est
1467 3733 1559 3811 ipse,
1585 3736 1642 3797 sed
1658 3736 1713 3798 cni

71 3830 152 3893 solus
175 3833 288 3894 autem
317 3831 467 3894 Christus
490 3831 554 3894 fuit
581 3832 758 3909 conceptus
785 3832 858 3893 sine
912 3830 1712 3908 testimoniumperbibuitipse.Praecursorenim

72 3930 217 4004 peccato?
240 3929 324 4001 Quia
350 3928 429 3993 licet
456 3929 558 3992 fuerit
584 3930 732 3991 bumana
758 3946 858 3991 carne
913 3929 1049 3990 luminis
1062 3928 1144 4001 erat,
1162 3943 1227 3989 non
1242 3930 1313 3990 erat
1328 3928 1384 3991 ille
1397 3929 1467 3990 lux.

71 4028 213 4100 vestitus,
231 4042 299 4090 non
313 4026 499 4090 fuittamen
514 4028 659 4089 bumana
676 4028 858 4105 fragilitate
952 4025 1141 4104 Triplieiter
1154 4025 1362 4103 resplenduit
1381 4025 1497 4089 beatus
1511 4030 1657 4090 loannes
1676 4028 1712 4090 in

71 4124 219 4201 pollutus.
236 4125 414 4203 Expositos
428 4127 479 4188 θεῖ
497 4126 532 4187 in
545 4126 689 4199 deserte,
705 4126 760 4187 ubi
776 4142 859 4205 prae·
914 4125 976 4187 hoc
1001 4124 1124 4185 mundo
1152 4124 1350 4201 :exempla
1388 4125 1492 4202 digito
1527 4127 1560 4187 et
1593 4126 1710 4188 verbe.

71 4222 196 4287 dicavit.
218 4223 313 4287 Unde
332 4224 366 4285 in
389 4224 568 4301 Evangelio
594 4247 601 4284 :
622 4230 720 4287 Puer
742 4225 860 4288 aeetean
912 4227 1080 4300 Exemplo
1096 4222 1254 4299 seipsum
1274 4222 1509 4300 poenitentibus
1530 4226 1710 4287 ostendens

69 4323 234 4385 erescebat
252 4322 859 4397 eteonsortadatrn·spl1·ttn,etcrut
913 4322 952 4384 ad
970 4321 1189 4382 imitationem
1208 4320 1241 4381 in
1265 4319 1465 4382 abstinentia
1481 4321 1547 4382 cibi
1565 4324 1598 4385 et
1616 4339 1716 4401 aspe-

69 4422 100 4480 in
113 4421 251 4483 deserto
266 4434 373 4495 usaue
391 4423 435 4482 ad
449 4422 542 4483 dean
558 4421 766 4484 ostensionis
786 4437 860 4483 sace
913 4420 1012 4482 ritate
1025 4419 1138 4480 vestis.
1161 4418 1354 4481 sicutenim
1375 4419 1502 4482 locusta
1515 4436 1582 4482 non
1597 4423 1647 4483 est
1661 4422 1713 4483 ci·

67 4520 107 4579 oet
123 4514 381 4595 lsroet(l.uc.1,
396 4516 461 4597 80).
914 4518 975 4580 bus
997 4516 1179 4589 hominum,
1205 4517 1255 4578 sie
1280 4532 1342 4578 neo
1356 4517 1444 4595 pilus
1458 4519 1576 4579 cameli
1591 4519 1714 4581 buma-

100 4616 266 4695 Adspecta
280 4616 331 4677 θεῖ
343 4616 379 4678 in
393 4616 470 4679 actu
479 4616 597 4693 primo,
611 4616 698 4679 unde
709 4616 743 4679 in
757 4620 861 4679 Evan·
915 4633 993 4678 num
1009 4615 1060 4677 θεῖ
1073 4615 1312 4677 indumentum.
1333 4615 1394 4677 Sed
1416 4618 1572 4687 loannes,
1594 4631 1658 4694 quo
1677 4616 1714 4678 in

65 4716 148 4790 gello
165 4736 174 4775 ε
190 4714 365 4777 Miserunt
380 4716 495 4776 Iudaei
509 4717 551 4776 ab
568 4719 791 4791 ierosolymis
802 4731 862 4778 sa·
915 4713 1188 4776 natismulierum
1204 4713 1316 4775 nullus
1329 4716 1446 4790 major,
1460 4713 1713 4777 mundissimum

64 4814 218 4876 cerdotes
228 4813 263 4875 et
273 4811 449 4875 levitosad
460 4815 639 4886 loannem,
656 4814 694 4874 at
709 4813 862 4875 interro-
915 4828 1035 4890 corpus
1046 4811 1250 4887 castigando,
1266 4809 1478 4872 extenuando
1494 4810 1527 4871 et
1537 4810 1714 4887 affligendo

63 4912 346 4987 paranetarum
360 4910 535 4985 ipaeesset
550 4910 859 4990 Clirtstus(ioan.1,
916 4911 1102 4988 exemplum
1119 4907 1346 4986 peccatoribus
1362 4908 1566 4972 ostendebat.
1585 4912 1712 4988 Dtaito,

65 5008 126 5090 19).
144 5008 211 5072 Sed
224 5008 304 5087 quie
321 5007 459 5069 lucerua
473 5008 557 5082 erat,
578 5009 611 5071 et
625 5010 724 5071 vento
740 5024 860 5087 super·
916 5010 1080 5071 luminare
1093 5009 1211 5085 majus,
1229 5006 1333 5067 solem
1354 5006 1491 5080 scilicet,
1504 5009 1643 5086 justitiae
1657 5010 1715 5088 qui

63 5108 124 5171 biae
152 5106 308 5184 extingui
330 5105 478 5178 timebat,
508 5106 678 5170 confessus
707 5110 758 5169 est
783 5107 861 5185 quia
916 5106 1039 5168 latebat
1049 5103 1202 5166 subnuba
1213 5103 1337 5176 carnis,
1349 5103 1579 5167 demonstrans
1588 5107 1627 5167 ad
1642 5123 1716 5184 pec·

64 5224 127 5269 non
142 5206 218 5268 erat
232 5203 305 5281 ipse
315 5202 477 5265 Christus.
491 5203 656 5281 Disposita
672 5205 723 5268 est
734 5204 770 5266 in
785 5204 861 5266 vitae
916 5206 1064 5267 catorum
1084 5202 1317 5264 remissionem
1338 5202 1454 5264 dicens
1471 5226 1478 5264 :
1496 5208 1583 5266 Ecce
1595 5210 1715 5282 Agnus

64 5306 193 5367 merito.
219 5300 314 5365 Unde
337 5300 372 5362 in
386 5300 566 5378 Evangelio
583 5324 590 5363 ε
606 5305 696 5364 Erat
709 5305 862 5364 Joorenes
916 5307 991 5375 Det,
1007 5316 1083 5365 ecce
1096 5304 1155 5377 pan
1171 5301 1255 5365 toltit
1268 5302 1410 5375 peccata
1425 5305 1545 5363 aliendi
1561 5301 1671 5381 (Joan.
1687 5321 1711 5376 1,

65 5403 208 5466 restitus
228 5402 308 5474 eltis
328 5403 551 5476 cornelornm,
572 5400 720 5463 locantes
743 5402 776 5462 et
797 5405 863 5463 aelel
916 5400 981 5481 29).
1001 5403 1117 5472 Verbo,
1143 5414 1331 5477 proponens
1346 5400 1586 5462 correctionem
1601 5401 1714 5463 dicens

64 5500 231 5575 sylvestre
254 5496 373 5560 edebat
392 5494 523 5577 (malin.
540 5512 589 5570 111,
608 5495 653 5578 4).
679 5499 862 5560 Emundata
917 5498 958 5560 ad
972 5497 1170 5576 poenitentes
1189 5518 1196 5558 ι
1213 5498 1330 5560 Facite
1352 5498 1488 5571 selectus
1507 5501 1627 5576 digitos
1635 5514 1716 5573 poe-

65 5598 114 5659 vel
135 5596 294 5661 emuncta
316 5594 367 5658 est
387 5594 421 5658 in
439 5594 603 5673 baptismo
625 5595 681 5658 ubi
696 5596 862 5660 cinisium
918 5596 1073 5661 nitenttce
1101 5596 1135 5661 et
1158 5610 1201 5658 ne
1224 5595 1358 5668 αῖθαῖῖε,
1384 5597 1528 5657 Paterna
1553 5598 1716 5659 trudennes
