3802 6166
759 244 1093 307 resarcinata.
1118 247 1141 304 1.
1525 234 1528 241 “
1622 206 1626 211 ’
1707 248 1768 309 sao

430 414 619 504 Gfflflfl
974 406 1114 471 Domine
1134 405 1323 484 exsurgatis
1337 404 1481 469 viriliter
1500 408 1534 469 et
1546 408 1699 485 potenter
1710 424 1770 472 re-

975 506 1156 567 nerabilem
1195 504 1332 567 tratrem
1376 506 1526 567 nostrum
1560 506 1769 571 Hostiensem

174 608 228 667 Ae
239 605 445 681 potestatem
459 604 492 666 et
502 610 665 680 popelinae
678 606 863 665 Senepsau.
975 607 1177 682 episc-epum,
1194 606 1303 666 virum
1318 604 1432 681 utique
1453 604 1585 682 plenum
1601 607 1720 683 gratia,
1737 610 1773 671 et

976 702 1179 775 tortitudine,
1194 718 1234 764 ac
1248 705 1315 764 Deo
1329 704 1361 764 et
1373 701 1562 764 hominibus
1574 705 1770 781 gratiosum,

379 879 384 889 .
410 765 443 822 ¹³
455 771 538 889 Ψ·
557 764 636 889 ω’
976 802 1018 863 ad
1034 818 1116 880 opus
1130 801 1310 863 ministerii
1325 801 1424 880 hujus
1440 801 1615 865 commisso
1627 801 1692 866 sibi
1706 805 1774 881 ple·

303 878 488 944 [recensens
502 879 529 929 ὼ
541 880 624 937 Μαι
636 894 663 945 Ρ·
678 878 745 943 ¹⁹⁰·]
977 900 1115 962 nissimo
1130 900 1307 975 legationis
1323 898 1434 961 officio
1447 898 1651 976 providimus
1663 901 1771 979 depu-

143 1044 298 1117 llugoaem
322 1043 504 1100 liastiensem
523 1043 691 1115 episcopum
710 1038 904 1099 commendat.
977 998 1134 1174 ξὲἓᾞὲὲ
1156 997 1773 1177 ἓζῗὲξὲἒεθιῖῃέζίἓᾚξῖθζῗὲἔὲῗ

1137 1140 1145 1169 t
1562 1144 1572 1169 J
1756 1132 1776 1145 “

171 1186 340 1250 Honorius
373 1188 565 1265 episcopus,
601 1202 718 1249 servus
751 1201 925 1247 servorum
979 1196 1106 1258 sionem
1122 1194 1293 1271 sanguinis
1306 1196 1386 1258 iesu
1401 1195 1535 1269 chrisa,
1556 1197 1588 1258 e
1604 1196 1640 1257 in
1654 1197 1776 1275 remn-

129 1287 201 1360 Dei,
226 1286 355 1348 dilectis
377 1285 456 1347 tiliis
477 1286 644 1363 potestati,
667 1287 701 1347 et
720 1283 842 1362 populo
865 1286 927 1344 Se-
981 1294 1108 1356 sionem
1122 1293 1216 1355 vonis
1231 1294 1435 1370 injungimus
1452 1294 1676 1371 peccatorum,
1692 1310 1777 1373 qua.

130 1384 695 1462 nensi,sa1utemetnp0st01mem
718 1382 926 1444 benedictio·
980 1393 1077 1454 tenus
1112 1391 1310 1469 recipientes
1343 1390 1495 1452 eumdem
1529 1392 1710 1467 humiliter,
1744 1394 1778 1456 et

129 1500 218 1546 nem.
982 1490 1109 1563 devote,
1126 1490 1218 1551 illius
1237 1489 1385 1550 salubria
1405 1489 1541 1559 monita,
1558 1493 1590 1552 et
1609 1491 1776 1565 mandata,

171 1584 262 1643 Inter
295 1581 434 1643 coeteros
472 1580 596 1643 nostrae
624 1579 745 1641 mentis
774 1578 926 1650 effectus,
984 1587 1141 1658 universi,
1179 1588 1212 1648 et
1246 1587 1370 1662 singuli
1405 1586 1565 1649 studeatis
1600 1587 1780 1650 efficaciter

131 1681 188 1759 qui
208 1679 272 1740 sibi
289 1678 376 1740 varii
392 1679 606 1741 succedentes
625 1678 774 1741 animum
793 1677 930 1755 rapiunt
982 1684 1175 1762 adimplere,
1193 1684 1364 1745 credentes
1382 1684 1607 1747 indubitanter
1617 1702 1782 1762 quaecum·

131 1781 167 1840 in
183 1779 328 1850 diversa,
341 1777 520 1855 praecipua,
536 1779 570 1838 et
584 1776 748 1852 singulari
763 1775 929 1836 desiderio
984 1799 1048 1860 que
1070 1782 1164 1844 vohis
1186 1798 1228 1843 ex
1250 1784 1344 1859 parte
1375 1785 1489 1844 nostra
1513 1782 1647 1845 duxerit
1676 1800 1782 1861 expo-
1862 1848 1865 1853 ,

133 1876 312 1938 salubriter
343 1876 531 1948 anxiamur,
569 1874 732 1952 quomedo
766 1873 929 1934 exercitui
984 1880 1103 1942 nenda.
1120 1880 1197 1942 'Hoc
1225 1880 1336 1941 autem
1359 1895 1380 1941 a
1403 1881 1571 1942 communi
1593 1884 1715 1955 vestro,
1738 1897 1783 1944 ex

133 1974 325 2037 Christiano
356 1974 513 2035 militanti
548 1971 691 2034 feliciter
718 1971 753 2033 in
780 1971 929 2049 partibus
984 1979 1078 2057 parte
1092 1979 1152 2040 Dei
1170 1994 1229 2056 pro
1244 1977 1330 2040 dono
1346 1978 1483 2055 speciali
1498 1979 1653 2057 petimus,
1668 1982 1704 2041 ut
1717 1979 1783 2041 ali-

133 2072 369 2136 transmarinis
378 2071 556 2133 efficaciter
570 2071 796 2133 succurratur.
810 2072 932 2131 Exsur·
985 2093 1083 2155 quem
1107 2077 1232 2138 aenaim
1255 2092 1429 2137 numerum
1452 2076 1595 2138 militum
1621 2093 1665 2139 ex
1687 2078 1783 2155 parte

133 2187 219 2249 gens
240 2187 383 2249 nemque
400 2171 557 2232 Dominus
574 2169 727 2230 misereri
744 2169 835 2240 8100,
853 2167 931 2245 quia
986 2172 1232 2236 communitatis
1257 2173 1294 2234 in
1308 2174 1421 2235 Terrae
1434 2173 1568 2235 Sanctae
1597 2173 1782 2235 subsidium

133 2269 229 2332 venit
245 2269 376 2345 tempus
394 2267 574 2330 miserendi
588 2270 670 2346 ejus,
688 2266 834 2328 fidelium
850 2266 933 2327 dcx·
986 2272 1171 2343 destinetis,
1186 2272 1223 2333 ut
1247 2271 1297 2332 sic
1320 2270 1443 2347 singuli
1465 2270 1597 2332 Christo
1618 2272 1782 2333 auxilium
1829 2318 1832 2327 .

133 2368 241 2430 terem
269 2366 440 2438 exaltavit,
468 2368 631 2443 eiusque
659 2364 741 2427 adeo
770 2363 934 2426 exterruit
986 2370 1177 2447 impendere
1201 2369 1382 2431 videamini
1405 2372 1637 2447 opportunum.
1661 2372 1702 2432 Et
1721 2386 1784 2432 nos

134 2466 398 2541 inimicos‚qu0d
414 2467 551 2526 Terram
560 2465 727 2535 Sanctam,
741 2463 774 2524 ei
789 2463 934 2524 circum·
986 2468 1081 2531 vobis
1096 2485 1139 2529 ex
1152 2467 1216 2530 boc
1231 2467 1471 2529 constituamur
1484 2468 1520 2529 in
1535 2468 1674 2530 Domino
1694 2467 1783 2530 debi-

137 2563 283 2642 pcsitam
311 2563 481 2639 regionem
509 2562 665 2623 dimisere
691 2560 871 2632 desertam,
901 2559 935 2621 ei
986 2566 1096 2629 tores!
1107 2566 1225 2628 Datum
1240 2565 1464 2638 Laterani,111
1479 2565 1555 2627 idus
1567 2566 1689 2641 martii,
1697 2582 1783 2644 pon-

137 2662 224 2723 alias
246 2660 367 2722 devicti
388 2660 567 2732 multoties,
583 2659 641 2721 vix
655 2659 802 2720 audeant
814 2657 933 2719 Chris·
987 2665 1132 2727 tiflcatus
1147 2663 1252 2725 nostri
1265 2678 1353 2724 anne
1366 2664 1483 2740 prime.

139 2758 242 2821 tianis
257 2774 445 2831 occurrere,
460 2757 591 2818 Christo
610 2757 659 2818 eis
677 2757 712 2818 in
733 2755 935 2834 adjntorium

142 2857 322 2932 existente3
337 2856 395 2918 sed
410 2855 532 2934 quanto
548 2854 756 2918 Christianus
768 2854 935 2916 exercitus
1300 2856 1485 2946 GCLXJV

143 2955 286 3016 validius
306 2954 438 3032 proiicit
458 2956 574 3015 contra
587 2952 675 3025 illos,
692 2954 799 3016 terras
820 2968 936 3015 eorum

141 3052 286 3115 viriliter
299 3052 502 3129 occupando,
519 3052 612 3113 tanto
636 3067 796 3113 succursu
810 3050 938 3127 indiget
1142 3078 1194 3137 Ad
1205 3073 1432 3150 mmmm
1446 3074 1487 3133 de
1501 3074 1628 3135 Sebold.

139 3150 275 3230 potiori,
290 3150 396 3228 utqui
410 3165 546 3211 necesse
561 3148 662 3211 babet
675 3149 844 3227 occupatis
860 3165 939 3226 pro-

139 3248 201 3310 bos
230 3249 390 3326 deputare
413 3248 584 3319 custodes,
612 3262 674 3307 nec
696 3245 803 3308 tutum
830 3247 881 3308 est
906 3246 938 3306 ei
1277 3239 1408 3296 timeri.
1426 3239 1504 3296 ¹217.

142 3346 246 3409 diullll
260 3348 396 3456 termfn'
416 3361 515 3423 quam
532 3344 583 3454 ln}
598 3344 817 3454 deseruerunt
838 3344 938 3405 llabl-
994 3379 1286 3450 [Wurdweimliioecesis
1302 3378 1449 3442 bioguutina
1464 3378 1490 3429 in
1501 3378 1723 3431 archidiaconatus
1737 3380 1790 3430 dis·

141 3445 386 3522 teneamque
407 3460 483 3505 eum
502 3443 661 3506 tortitudo
680 3443 781 3504 tonus
800 3459 835 3503 m
857 3459 939 3520 par·
1025 3463 1106 3513 elea
1132 3467 1157 3512 e
1187 3459 1447 3511 commoneremus
1468 3458 1641 3523 argaman
1663 3460 1793 3511 russam

142 3543 233 3606 tibus
249 3543 419 3610 consistat,
434 3558 477 3603 ex
490 3541 656 3602 divisione
675 3541 840 3618 ejusmodi
861 3541 940 3601 uni-
1025 3549 1046 3593 t.
1059 3543 1101 3601 ιιι,
1119 3556 1145 3607 p.
1160 3541 1226 3606 tea]

144 3645 315 3704 vennam
325 3641 478 3702 dammas
489 3637 939 3715 mevmblmersequemtur'
997 3692 1195 3753 Ecclesiamdc
1202 3688 1481 3750 GrindaaFriderieo
1488 3704 1557 3763 rege
1566 3690 1677 3757 Sicilia,
1693 3690 1721 3747 in
1733 3692 1790 3749 lic·

145 3742 178 3801 ⁰(
190 3740 360 3849 Slqposffet
369 3754 463 3800 erm
473 3753 566 3814 prm
576 3752 688 3814 more
699 3738 941 3859 qonfnmerlto
1032 3797 1182 3842 manorum
1196 3786 1396 3854 imperatorem
1410 3779 1511 3847 electe,
1526 3781 1720 3853 preposituras
1732 3778 1796 3853 cJ'us

145 3836 330 3898 sommam·
347 3836 441 3898 unde
459 3852 533 3897 cum
548 3835 677 3896 tantum
697 3834 820 3895 (ΜΠ
835 3850 941 3911 ⁰⁰3⁰*
1031 3871 1120 3930 libere
1148 3872 1177 3927 in
1204 3876 1392 3943 augmentum
1417 3866 1633 3941 prebendarum
1660 3868 1795 3926 collatam

145 3936 240 4009 tium,
264 3935 312 3997 tot
332 3934 498 3996 initiatum
520 3931 702 4004 laboribus,
723 3934 756 3994 et
774 3933 942 4009 expensis,
1033 3960 1193 4019 cennrmat

146 4035 196 4096 tot
229 4035 413 4111 promotum
444 4031 578 4102 studiis,
611 4032 645 4092 et
675 4030 869 4102 virtutibus,
896 4034 947 4094 tot

149 4130 273 4193 Christi
314 4131 496 4208 martyrum
539 4129 702 4205 sanguine
744 4128 942 4202 dedicatam,
1039 4117 1359 4197 Honoriusgservus
1380 4133 1553 4180 servorum
1576 4117 1649 4186 Dei,
1674 4116 1796 4181 dilecto

147 4245 254 4308 usque
267 4230 361 4300 adse,
378 4229 516 4289 dextera
531 4227 663 4289 Domini
677 4226 819 4288 iaciente
835 4227 944 4288 virtu·
1000 4223 1070 4285 fllia
1084 4220 1261 4299 praeposito
1272 4217 1314 4280 de
1329 4216 1613 4287 senalusalutem
1625 4216 1800 4293 etnposte

146 4330 226 4400 tem,
238 4326 410 4404 profuerit,
419 4326 581 4403 qnodjam
591 4324 787 4385 inmanibus
796 4325 891 4402 quasi
902 4325 948 4386 se·
1000 4336 1075 4383 cam
1088 4317 1363 4380 benedictionem.

148 4426 410 4497 licemllnem,et
424 4421 944 4500 gloriosumenitumhabcamus,
1040 4418 1143 4482 Justis
1169 4415 1351 4493 petentium
1377 4411 1552 4474 desideriis
1584 4411 1721 4487 dignum
1749 4414 1800 4475 est

148 4523 327 4601 nisi‚qu0d
346 4525 433 4585 Deus
454 4520 646 4592 evariatio
667 4520 784 4581 ultimo
806 4521 947 4583 instanti
1001 4532 1063 4578 uos
1092 4514 1224 4577 facilem
1254 4511 1403 4590 praebere
1428 4524 1627 4571 consensum
1656 4510 1689 4570 et
1720 4510 1798 4571 vota

147 4621 385 4699 refrigescente
409 4620 547 4682 caritate
569 4619 740 4681 enerviter
762 4620 945 4681 deseratur.
1002 4631 1077 4693 quas
1105 4628 1125 4675 a
1153 4611 1294 4674 rationis
1321 4608 1457 4671 tramite
1490 4622 1557 4669 non
1590 4606 1798 4676 discordant,

151 4720 244 4795 Quod
263 4721 352 4781 esset
371 4719 472 4781 totius
488 4718 602 4797 papali
617 4717 798 4778 Christiani
821 4733 947 4795 oppro-
1003 4713 1123 4775 effectu
1151 4709 1370 4788 prosequente
1400 4705 1577 4783 complere.
1606 4705 1798 4781 liapropter,

149 4820 261 4882 briam
292 4818 545 4896 sempiternum,
576 4817 609 4879 et
636 4814 824 4893 desperatio
856 4816 947 4889 talis,
1003 4811 1122 4872 dilecte
1143 4809 1179 4869 in
1200 4807 1339 4869 Domino
1361 4805 1420 4877 nli,
1442 4803 1510 4865 tuis
1525 4800 1626 4880 Justis
1645 4801 1798 4879 postula-

151 4917 307 4997 quodvix
321 4932 467 4995 unquam
482 4915 621 4976 auderet
636 4914 759 4991 aliquis
773 4914 813 4975 de
829 4914 949 4976 caetero
1003 4907 1150 4971 tionibus
1182 4908 1277 4982 grate
1304 4902 1539 4966 concurrentes
1567 4916 1719 4972 assensu,
1744 4916 1802 4962 ec-

151 5016 270 5079 diebus
292 5015 414 5076 nostris
429 5026 598 5075 resumere
611 5014 739 5074 tantum
758 5028 852 5090 opus.
869 5012 949 5084 Quis
1004 5004 1180 5069 ecclesiam
1195 5003 1236 5064 de
1249 5001 1373 5078 Grinda
1388 5016 1408 5062 a
1424 4999 1598 5061 carissimo
1616 4997 1652 5058 in
1665 4997 1799 5061 Christo

151 5114 288 5178 audebit
301 5114 336 5173 in
347 5112 487 5174 articulo
502 5110 606 5188 gratis
619 5110 763 5172 oblatam
779 5111 951 5186 negligere
1005 5102 1074 5163 lilio
1092 5098 1273 5170 rriuerico,
1288 5097 1411 5157 illustri
1427 5110 1507 5171 rege
1526 5093 1661 5166 Siciliae,
1680 5093 1717 5153 in
1734 5096 1804 5155 Ro-

152 5213 307 5291 gratiam,
319 5212 353 5273 et
364 5210 486 5271 Christi
502 5224 610 5270 causae
626 5208 752 5281 deesse,
765 5224 786 5269 a
798 5224 862 5284 quc
878 5223 951 5271 esse
1005 5213 1179 5261 manorum
1200 5196 1434 5273 imperatorem
1456 5194 1573 5265 electo,
1597 5207 1636 5253 ac
1659 5206 1805 5253 venera-

154 5311 265 5383 babet,
282 5310 315 5373 et
329 5310 445 5387 posset
465 5308 642 5386 Sperantes
666 5306 779 5383 igitur,
796 5310 831 5367 ut
845 5309 953 5383 Apos—
1005 5298 1065 5360 bili
1080 5296 1183 5359 fratre
1199 5292 1313 5356 nostro
1327 5292 1522 5368 moguntino
1538 5289 1801 5368 archiepiscopo,

153 5410 265 5472 tolicis
280 5405 568 5469 exhortationibus
581 5404 729 5475 excitati,
741 5406 774 5466 et
785 5404 954 5467 remissio·
1007 5397 1059 5459 sui
1083 5393 1221 5472 capituli
1241 5391 1420 5454 accedente
1437 5404 1614 5461 consensu,
1634 5388 1701 5449 tuae
1717 5403 1807 5465 prae-

155 5508 254 5570 nibus
270 5506 481 5583 peccatorum
504 5503 643 5571 inducti,
667 5503 700 5564 et
723 5502 876 5565 mercede
895 5520 953 5564 su·
1007 5495 1167 5572 positura
1190 5490 1295 5553 libere
1316 5490 1352 5550 in
1372 5487 1585 5564 augmentum
1604 5484 1806 5563 praebenda-

156 5620 270 5685 pernae
290 5602 520 5667 retributionis
542 5600 658 5673 illecti,
680 5601 722 5662 ad
744 5601 953 5666 militandum
1009 5610 1085 5658 rum
1107 5590 1274 5663 collatam,
1299 5588 1386 5651 sicut
1405 5602 1479 5649 eam
1497 5586 1588 5662 juste
1606 5582 1757 5661 possides
1773 5583 1807 5644 et
