3794 6166
107 176 177 271 'ata

738 160 915 259 uouonn
936 196 981 258 111
1003 198 1151 259 aranu.

1704 162 1754 255 m
1795 286 1797 291 .

159 366 279 431 Divitis
294 364 327 427 et
341 361 497 442 pauperis
508 358 667 422 Dominus
682 358 847 436 operator,
864 357 916 420 al·
968 360 1107 425 vocatas
1122 374 1159 421 es
1173 357 1313 421 Domino
1325 352 1509 429 famuleris,
1521 352 1642 432 gregis
1650 354 1748 417 Domi.
1769 444 1774 455 ¹

119 467 184 529 teri
195 481 255 543 per
265 464 406 525 alterum
417 460 457 521 de
468 474 528 519 suo
542 457 744 519 mutuisvult
759 456 915 517 subsidiis

121 562 302 634 subveniri,
328 560 364 621 ut
391 559 467 618 dum
495 556 551 617 ille
579 556 634 616 isti
661 571 704 616 eu
729 554 825 616 bouis
852 554 916 614 sibi

122 661 289 725 concessis
312 662 426 729 abae,
451 656 696 731 eleemosynam
716 654 914 731 impertitur,

122 761 184 822 iste
205 759 280 830 sibi,
303 756 357 817 vel
380 756 539 817 Dominus
563 753 684 830 potius,
712 752 768 829 qui
794 768 830 813 se
858 768 917 827 pro

121 859 193 936 ipso
216 855 386 917 constituit
411 853 604 924 debitorem,
627 851 789 911 beneficia
813 849 917 910 retri-

122 955 202 1016 buat
216 954 432 1030 sempiterna,
446 951 479 1012 et
500 949 659 1011 sicambe
681 965 751 1010 rem
773 948 918 1009 alienam

123 1052 244 1123 dando,
270 1052 303 1113 et
326 1049 527 1127 recipiendo,
555 1065 620 1108 non
644 1048 761 1118 iuvita,
786 1045 843 1106 sed
859 1062 921 1106 ex-

123 1166 237 1229 presse
251 1149 393 1220 volente,
415 1164 454 1209 ac
467 1146 644 1208 mandante
659 1146 810 1213 Domino,
834 1160 919 1205 con-

123 1249 316 1320 trectantes,
331 1247 478 1309 datorem
494 1262 589 1306 suum
612 1244 732 1305 exinde
748 1242 921 1303 humiliter

124 1347 375 1423 cecognoscaut,
394 1346 427 1407 et
448 1345 488 1406 ad
507 1343 680 1405 caritatem
696 1344 842 1402 mutuam
864 1356 922 1401 ac-

125 1444 318 1506 rendautur.
351 1446 430 1503 Cum
463 1442 575 1517 igitur,
608 1442 695 1502 sicut
720 1439 920 1516 accepimus,

125 1543 255 1604 dilectae
270 1542 305 1602 iu
323 1541 453 1601 Christo
469 1540 546 1601 tiliae
562 1539 731 1616 priorissae
744 1540 775 1599 et
791 1552 922 1598 sorores

126 1640 243 1701 domus
269 1638 444 1715 hospitalis
477 1636 649 1708 Tolosam,
678 1635 764 1712 qnod
799 1634 922 1695 dicitur

126 1737 276 1807 hrualdi,
294 1752 366 1814 qum
382 1734 423 1795 ad
439 1735 611 1810 religionis
625 1733 870 1794 observantiam
883 1732 932 1791 de·

127 1834 250 1895 saeculo
263 1832 445 1903 venientes,
461 1834 497 1892 ut
507 1831 692 1892 retribuant
703 1831 832 1890 miserae
847 1829 923 1889 flliae

127 1931 306 2008 Babylonis
331 1930 512 1991 secundum
533 1929 796 2000 retributionem,
826 1943 924 2004 quam

127 2029 281 2090 retribuit
302 2028 360 2089 illa
389 2028 479 2104 ipsis,
501 2027 613 2089 valida
637 2027 831 2104 paupertate
846 2042 926 2102 gra-

127 2128 258 2199 ventur,
269 2142 321 2198 ne,
333 2126 418 2204 quod
427 2126 524 2197 absit,
534 2125 732 2186 necessitate
745 2125 925 2201 compulsae

129 2224 170 2287 ad
193 2224 330 2285 delicias
353 2223 489 2301 AEgppti
511 2221 691 2300 suspirent,
715 2222 772 2282 ubi
793 2224 927 2299 possent

128 2338 202 2385 esse
216 2322 277 2383 sibi
291 2323 324 2383 et
336 2322 411 2382 aliis
427 2321 461 2381 in
476 2320 631 2398 laqueum
642 2320 675 2381 et
689 2320 832 2391 ruinam,
850 2319 928 2379 uni-

30 2426 37 2437 “
128 2420 321 2482 versitatem
347 2422 492 2480 vestram
519 2434 685 2495 rogamus,
717 2417 927 2479 devotionem

129 2518 275 2601 vestram
290 2518 448 2579 attentius
462 2518 495 2578 et
518 2533 700 2588 monemus,
710 2533 769 2593 per
782 2516 926 2592 Aposto-

130 2616 197 2677 lica
216 2616 338 2693 scripta
355 2615 449 2677 vobis
474 2615 681 2685 mandantes,
706 2615 739 2674 et
759 2613 794 2673 in
810 2614 930 2673 remis-

132 2715 260 2775 sionem
279 2713 507 2791 peccaminum
528 2712 751 2790 injungentes,
767 2714 929 2788 quatenus

132 2811 334 2873 foenerautes
350 2812 489 2871 bomine
508 2810 733 2871 misereamini
747 2825 929 2886 pauperum

132 2908 379 2987 praedictarum,
407 2910 502 2984 grata
529 2908 578 2969 eis
605 2908 754 2969 caritatis
782 2906 930 2969 subsidia

134 3007 347 3084 porrigendo,
364 3007 447 3069 certi
469 3007 555 3085 quod
577 3006 672 3068 vobis
696 3007 930 3068 thesaurisatis

134 3105 170 3165 in
190 3104 285 3165 coelis
299 3105 458 3183 quidquid
482 3106 518 3165 in
537 3121 652 3166 earum
677 3104 931 3166 necessitatibus

135 3204 292 3279 erogatis.
302 3204 420 3264 Datum
435 3203 601 3274 Laterani,
619 3206 644 3263 V
655 3202 787 3265 kalend.
802 3201 933 3263 februa·

135 3301 190 3373 rii,
203 3302 412 3378 pontificatus
427 3302 533 3363 nostri
547 3317 635 3362 anno
650 3301 769 3379 primo.

443 3470 632 3557 clxxii

289 3623 342 3683 Ad
356 3624 552 3696 episcopum
567 3623 779 3683 Tolosanum..

430 3737 465 3792 28
481 3735 541 3808 jau.
564 3736 642 3792 1217.

172 3860 293 3921 [Regest.,
303 3857 348 3907 lib.
361 3858 380 3917 1,
392 3857 466 3922 epist.
478 3858 534 3908 205.
546 3860 603 3908 liss.
617 3859 653 3907 La
665 3858 741 3907 Porta
760 3856 794 3905 du
807 3855 901 3920 TlreilJ.

137 3975 261 4047 Roganti
274 3973 419 4030 licentiam
434 3972 553 4030 cedendi
569 3974 775 4045 episcopatum,
794 3987 846 4028 seu
861 3970 932 4027 dita·

174 4062 263 4117 cesim
280 4060 427 4117 dividendi
442 4069 574 4117 neutrum
588 4061 719 4117 concedit
743 4068 771 4116 et
785 4076 852 4118 eum
867 4059 932 4115 hor·

176 4155 248 4205 tatur
262 4148 298 4206 ad
314 4149 533 4221 persistendum.

179 4294 347 4354 Honorius
362 4295 547 4371 episcopus,
574 4296 649 4367 eto,
666 4292 849 4355 venerabili
865 4293 936 4354 fra-

140 4390 184 4453 tri
196 4391 350 4469 episcopo
365 4394 540 4454 'tolosano

180 4493 230 4551 Ex
240 4493 333 4567 parte
345 4491 403 4552 tua
418 4491 513 4551 nobis
526 4491 635 4552 extitit
651 4490 883 4567 supplicatum,
901 4490 938 4552 ut

140 4586 200 4648 tibi
215 4588 353 4648 cedendi
375 4587 543 4649 licentiam
566 4588 777 4661 largiremur,
800 4587 853 4648 vel
869 4587 938 4647 sal-

139 4685 206 4747 tem
221 4685 390 4747 dioecesim
405 4687 495 4747 tuam
511 4686 734 4746 divideremus
759 4685 792 4744 in
811 4687 935 4761 plures

141 4784 198 4845 sed
209 4787 361 4846 neutram
374 4783 769 4862 petitionemhujusmodi
783 4783 938 4844 duximus

142 4882 387 4954 admittendam,
412 4883 499 4955 licet,
513 4884 671 4959 quantum
686 4898 760 4941 cum
776 4884 843 4943 Deo
857 4898 938 4959 pos-

143 4994 266 5050 sumus,
286 4979 467 5040 habeamus
500 4981 704 5057 propositum
736 4979 811 5050 tibi,
842 4996 938 5056 quem

143 5076 279 5152 speciali
308 5078 528 5154 praerogativa
552 5077 740 5138 dilectionis
767 5078 800 5137 et
822 5078 938 5153 gratiae

143 5174 383 5250 amplexamur,
413 5177 445 5236 in
471 5176 623 5237 omuibus
648 5175 828 5236 deferendi.
854 5178 940 5236 Nam

143 5271 230 5343 licet,
249 5274 419 5348 augustias
435 5274 535 5335 offleii
555 5273 755 5352 pontificalis
769 5276 937 5350 expertus,

143 5371 255 5432 forsan
279 5370 474 5443 abhorrens,
487 5373 526 5432 ad
544 5373 681 5433 delicias
698 5372 843 5448 antiquae
859 5389 941 5433 con-

142 5468 365 5544 templationis
380 5470 520 5545 aspires,
537 5470 597 5530 tibi
613 5473 723 5531 tamen
740 5470 845 5545 magis
866 5487 941 5531 cre-

143 5566 251 5626 dimus
280 5567 448 5644 expedire,
476 5568 512 5630 ut
540 5567 574 5629 in
599 5584 638 5631 ea
661 5568 848 5640 vocatione,
873 5585 938 5648 qua

971 460 1036 521 uici
1054 459 1114 521 tibi
1130 456 1308 527 commissi,
1326 472 1384 534 pro
1403 473 1466 533 quo
1481 453 1609 519 teneris
1624 452 1746 519 animam

971 575 1094 636 ponere
1110 558 1251 619 fideliter
1266 572 1379 617 curam
1396 570 1527 631 gerens,
1542 554 1580 614 ut
1595 551 1643 613 sic
1656 554 1746 617 Domi·

972 675 1062 730 num,
1086 656 1143 735 qui
1171 653 1384 731 diligentibus
1415 670 1451 714 se
1479 653 1568 714 bona
1589 650 1743 717 invisibilia

972 755 1148 834 praeparat,
1168 754 1318 831 proberis
1333 768 1457 814 amare.
1471 753 1542 813 Nec
1557 749 1711 811 credimus
1722 755 1743 815 te

973 856 1102 926 decere,
1120 855 1154 913 ut
1167 869 1301 929 gregem
1324 853 1416 913 tuum
1432 849 1621 910 dividamus
1640 846 1673 907 ia
1684 864 1741 925 par·

973 955 1034 1021 tes,
1052 952 1146 1030 quasi
1167 951 1206 1011 de
1220 952 1287 1012 tute
1303 948 1539 1011 sollicitudinis
1559 944 1665 1007 studio
1679 944 1742 1007 difi-

974 1053 1099 1123 dentes,
1117 1067 1191 1111 cum
1211 1050 1502 1126 quantumcunque
1516 1044 1610 1123 plebs
1631 1044 1742 1107 tuaedo

974 1168 1048 1212 murs
1074 1164 1277 1226 exasperaus
1305 1148 1358 1219 sit,
1383 1148 1417 1208 te
1444 1160 1576 1221 semper
1602 1159 1743 1219 speremus

976 1249 1120 1326 pastoris
1143 1248 1255 1324 partes
1281 1244 1494 1306 laudabiliter
1520 1241 1744 1318 adimplerem

976 1346 1172 1408 lucrifacere
1198 1344 1319 1405 multos
1343 1346 1422 1414 Deo,
1451 1341 1508 1419 qui
1534 1339 1746 1415 tibiadaugeat

977 1446 1145 1507 cumulum
1157 1443 1361 1505 meritorum.
1377 1441 1521 1517 Ideoque
1534 1437 1748 1499 fraternitatem

977 1549 1067 1607 tuam
1089 1558 1245 1618 rogamus
1272 1541 1305 1602 et
1326 1554 1498 1600 monemus
1522 1536 1689 1608 attentius,
1706 1551 1748 1612 per

978 1641 1160 1720 apostolica
1174 1639 1233 1701 tibi
1249 1639 1372 1715 scripta
1388 1636 1596 1706 mandantes,
1613 1635 1749 1711 quatenus

977 1743 1071 1804 tuum
1082 1740 1214 1818 jactans
1236 1738 1271 1798 in
1284 1737 1424 1797 Domino
1439 1733 1633 1811 cogitatum,
1650 1746 1751 1808 nequa-
1794 1726 1797 1733 '

979 1826 1077 1918 quam
1093 1838 1127 1898 iu
1143 1836 1382 1898 exercitatione
1407 1833 1564 1904 turberis,
1585 1846 1627 1893 ne
1642 1832 1753 1891 anteac-

979 1940 1021 2001 tae
1035 1953 1154 2014 puguae
1169 1935 1361 2009 denigretur
1376 1932 1542 2003 meritum,
1560 1930 1594 1991 et
1606 1928 1754 2006 praemium

980 2036 1175 2105 minoretur,
1191 2033 1246 2093 sed
1261 2032 1369 2109 potius
1383 2028 1643 2105 magnanimiter
1652 2027 1756 2087 confor-

980 2136 1069 2195 tatus
1082 2148 1162 2205 agas
1178 2130 1263 2209 ‹prrod
1280 2129 1363 2204 agis,
1378 2128 1411 2188 et
1423 2143 1524 2204 opera
1540 2125 1650 2203 prima
1663 2123 1758 2195 facias,

981 2232 1189 2293 incessanter
1210 2227 1362 2289 exaltans
1388 2227 1424 2287 in
1450 2223 1645 2286 fortitudine
1666 2236 1761 2283 vocem

981 2333 1086 2399 tuam,
1113 2331 1146 2389 et
1180 2326 1382 2388 annuntians
1413 2323 1620 2401 populatae
1647 2320 1762 2398 peccata
1795 2316 1797 2321 ’

982 2444 1108 2499 eorum,
1123 2428 1159 2487 ut
1174 2442 1239 2487 non
1251 2424 1358 2486 solum
1374 2422 1511 2498 sanguis
1526 2436 1644 2481 eorum
1660 2418 1697 2479 de
1709 2416 1763 2479 tuis

983 2525 1137 2588 manibus
1160 2524 1295 2584 minimo
1319 2521 1520 2599 requiratur,
1546 2514 1765 2579 verumetiam
1790 2556 1797 2601 .·

983 2624 1162 2685 multorum
1173 2622 1303 2682 animas
1316 2620 1463 2681 liberans
1472 2616 1688 2689 be0,talenta
1701 2612 1768 2674 refe·
1795 2638 1797 2645 ·

983 2739 1040 2784 ras
1061 2722 1241 2798 geminata,
1259 2719 1315 2797 qui
1339 2720 1371 2780 te
1394 2733 1481 2777 nunc
1504 2714 1638 2775 fidelem
1653 2727 1768 2774 servum

984 2822 1020 2881 in
1031 2820 1146 2897 paucis
1162 2818 1331 2896 expertus,
1345 2815 1480 2877 taudem
1491 2812 1673 2876 constituet
1684 2824 1769 2886 supra

986 2919 1102 2990 multa,
1126 2919 1161 2978 in
1182 2934 1278 2977 suum
1294 2914 1451 2992 gavidium
1476 2915 1510 2973 te
1531 2910 1721 2972 admittens.
1734 2909 1769 2968 be

986 3017 1081 3079 nobis
1096 3018 1206 3077 autem
1222 3013 1441 3075 indubitatam
1456 3010 1615 3071 fiduciam
1636 3007 1770 3069 obtinens

987 3116 1021 3176 iu
1048 3114 1310 3192 quibuscumque
1343 3110 1494 3171 nostrum
1529 3106 1696 3169 auxilium
1723 3101 1771 3165 tihi

986 3212 1111 3274 videris
1147 3210 1314 3287 expedire,
1355 3206 1502 3284 postules
1537 3202 1769 3271 incunctanter,

987 3312 1065 3390 quia
1079 3325 1210 3386 semper
1224 3324 1284 3369 nos
1301 3306 1454 3368 iuvenies
1470 3303 1674 3365 favorabiles
1687 3299 1771 3362 etbe-

988 3410 1118 3485 uignos,
1146 3409 1265 3469 Datum
1292 3402 1460 3475 Laterani,
1491 3404 1520 3463 V
1544 3399 1707 3463 kalendas
1729 3397 1770 3458 fa-

987 3506 1126 3579 bruarii,
1144 3504 1355 3583 pontificatus
1374 3500 1479 3564 nostri
1495 3514 1584 3561 anno
1599 3499 1716 3578 primo.

1305 3671 1473 3759 CLXXX

989 3832 1041 3892 Ad
1055 3828 1210 3889 otrbutena
1230 3825 1263 3887 ct
1280 3827 1439 3899 patorem
1460 3821 1592 3883 soatctta
1607 3817 1772 3889 Gerzorrsa

1029 3928 1255 3997 Portstcnsts,
1268 3924 1300 3984 ct
1311 3922 1520 3999 aaarptstrum
1531 3923 1570 3980 G.
1586 3920 1772 3980 cottonianus

1030 4026 1294 4086 Bittotccnscnt.

1284 4153 1319 4211 28
1335 4150 1396 4225 jan.
1419 4150 1499 4208 1217.

1024 4280 1097 4346 [Cod.
1113 4280 1158 4329 lat.
1174 4277 1247 4337 3934,
1261 4276 1334 4343 pdS.
1345 4278 1403 4326 ltss.
1412 4273 1592 4338 bibliotheque
1607 4266 1750 4331 nationale}

991 4426 1094 4484 Abbati
1107 4433 1135 4481 et
1147 4423 1233 4496 priori
1249 4423 1276 4479 S.
1293 4418 1446 4478 Genovefaa
1459 4417 1632 4475 parisiensis
1645 4421 1674 4472 et
1686 4409 1772 4483 magis·

1028 4496 1770 4582 troG.‚cauonioobituricensi,Parisiiscourmoranti,

1028 4604 1134 4672 scribit,
1158 4603 1292 4659 blancam
1307 4597 1485 4655 corruitissnm
1507 4594 1674 4666 Campaniae
1692 4589 1772 4648 dolero

1029 4689 1198 4764 quibusdam
1214 4688 1348 4745 abusibus
1361 4701 1432 4758 quos
1453 4683 1686 4756 archiepiscopus
1699 4680 1770 4735 Seno·

1028 4781 1125 4838 uerisis
1139 4787 1167 4836 et
1187 4777 1301 4850 quidam
1320 4775 1495 4848 suffraganei
1515 4772 1578 4846 ejus
1600 4786 1634 4828 ac
1656 4764 1772 4827 officiales

1029 4883 1128 4925 eorum
1156 4868 1312 4922 interram
1339 4870 1367 4920 et
1392 4862 1524 4918 homines
1546 4875 1615 4917 suos
1640 4856 1771 4917 eseroert;

1029 4957 1145 5014 mandat
1158 4963 1188 5012 ut
1199 4953 1315 5011 audiant
1326 4953 1392 5008 hinc
1408 4950 1473 5007 iude
1489 4938 1770 5022 praepositacanson·

1030 5062 1085 5119 que
1114 5046 1267 5112 definiant,
1300 5041 1426 5113 alioquin
1454 5039 1588 5096 eamdem
1619 5034 1771 5095 surridens

1031 5138 1197 5193 instructam
1218 5132 1253 5190 ad
1264 5130 1567 5202 Sedemhpostolicam
1581 5127 1731 5190 remittant,
1742 5130 1773 5173 aa

1030 5227 1146 5299 signato
1177 5223 1304 5296 partibus
1333 5221 1455 5277 termino
1479 5217 1664 5290 competenti,
1678 5226 1729 5286 quo
1750 5217 1773 5262 st

1031 5316 1187 5388 apostolico
1200 5312 1365 5384 conspectui
1382 5314 1598 5381 repraesentent.
1700 5376 1712 5398 Ι

1035 5472 1115 5530 Cum
1143 5469 1233 5539 oliui,
1260 5466 1381 5527 nobilis
1412 5463 1533 5523 mulier
1557 5464 1607 5532 B.,
1625 5455 1777 5520 comitissa

995 5566 1301 5647 Canrparria,bonae
1316 5563 1486 5627 ureruoriae
1503 5564 1527 5623 l.
1544 5563 1643 5638 Papae
1658 5553 1777 5634 praede·
