3802 6166
12 352 16 363 ·
83 312 87 319 '
148 314 209 378 335
616 322 794 388 HONORII
815 326 860 388 111
881 327 1031 390 ardna.
1048 328 1335 393 -SERMONES.
1742 336 1803 397 336

150 477 244 541 Unde
267 479 459 543 ieremias:
484 483 638 557 Repteatt
657 499 715 547 me
736 487 947 548 amarttradt-
1003 485 1032 568 (Ι
1054 489 1151 551 Joan.
1177 505 1225 564 iv,
1255 488 1320 569 16).
1346 490 1486 564 Quidam
1507 492 1645 568 peccant
1666 493 1800 569 timore,

148 579 259 649 atores,
283 581 467 641 taebrtaatt
496 596 552 642 me
581 583 761 645 adstatbio.
789 583 947 646 inebriati
1002 585 1135 663 quidam
1162 602 1286 651 amore.
1311 591 1358 650 De
1381 587 1499 667 quibus
1521 589 1697 652 Psalmista
1712 609 1720 652 ε
1735 596 1800 653 Ia-

148 675 237 736 enim
248 675 426 750 absinthio,
441 676 536 750 idest,
551 679 687 741 miseria
700 696 814 742 amara
829 682 862 742 et
872 682 947 742 dul·
1000 699 1103 745 censa
1118 687 1190 761 tana
1202 687 1237 747 et
1249 687 1397 761 suffossa
1409 690 1451 748 ab
1465 690 1701 763 increpatione
1720 696 1799 753 vea-

148 772 263 834 cedine
283 774 397 835 saeculi
417 775 659 838 obliviscuntur
682 778 740 839 Dei
767 778 819 839 sui
838 800 846 839 ε
863 795 945 855 gens
1001 782 1057 842 tas
1071 783 1124 843 tat
1135 785 1296 855 perorant
1313 782 1382 862 (Pa.
1403 785 1454 857 79,
1481 782 1545 863 17).
1573 786 1711 848 Incensa
1730 788 1800 863 igni

147 869 219 932 sine
234 871 373 933 oonsilio
393 873 426 934 et
440 873 512 934 sine
527 875 713 951 prudentia,
730 891 796 936 non
816 875 944 938 intelli·
1000 878 1078 939 sunt
1098 880 1232 956 peccata
1257 897 1330 958 quae
1357 881 1440 942 fiunt
1460 898 1521 959 per
1536 898 1696 955 amorem,
1721 885 1800 962 quia

143 968 259 1044 gentes
274 984 313 1030 ac
326 969 508 1032 novissima
522 971 742 1048 providentes.
758 974 838 1033 Cum
853 972 942 1034 enim
1000 990 1093 1037 amor
1106 979 1157 1039 est
1166 975 1265 1053 ignis,
1279 979 1320 1039 de
1332 995 1396 1057 quo
1406 979 1484 1056 igne
1499 980 1622 1056 legitur
1636 981 1670 1041 in
1688 984 1801 1043 livan-

144 1081 210 1141 pax
225 1066 257 1127 et
271 1067 444 1139 securitas,
458 1068 537 1129 luno
553 1069 745 1146 repentinus
766 1070 815 1131 eis
832 1087 945 1148 super·
999 1072 1086 1149 gelio
1107 1095 1115 1135 ε
1140 1079 1261 1151 Ignem
1300 1080 1380 1137 aeni
1413 1078 1553 1139 mittere
1589 1081 1625 1138 ia
1664 1080 1799 1141 terram

143 1162 257 1224 veniet
284 1163 450 1234 interitus,
471 1165 504 1227 et
529 1165 660 1227 dolores
678 1167 773 1244 quasi
793 1166 828 1227 in
849 1168 943 1230 utero
999 1168 1092 1249 (Luc.
1117 1188 1178 1245 111,
1195 1170 1260 1251 49),
1277 1172 1373 1246 idest,
1391 1175 1551 1252 Spiritum
1580 1177 1749 1251 sanctum,
1767 1180 1800 1240 et

144 1257 304 1322 habentes
328 1277 394 1323 non
418 1261 589 1338 effugient.
606 1265 693 1323 Deus
708 1265 814 1340 replet
834 1264 945 1326 homi·
998 1271 1079 1341 qaid
1101 1275 1184 1342 oola,
1200 1274 1269 1332 atsi
1283 1273 1416 1333 ardeat.

142 1371 217 1418 nem
233 1359 509 1420 amaritudinibus
524 1359 558 1421 in
579 1360 783 1433 haesitant
801 1378 868 1423 non
889 1363 943 1424 di·
1038 1366 1129 1442 Ignis
1144 1369 1265 1438 autem,
1288 1367 1419 1442 tratres,
1441 1369 1504 1431 etsi
1530 1370 1653 1433 multas
1677 1372 1799 1436 habeat

144 1454 227 1533 ligat
245 1457 444 1534 praesentem
462 1457 564 1531 vitam
579 1474 739 1527 amaram,
756 1459 813 1520 sed
828 1460 945 1522 dulce·
999 1464 1228 1540 proprietates,
1243 1465 1304 1527 has
1324 1469 1435 1528 tamen
1453 1469 1578 1545 septem
1586 1469 1718 1531 videtur
1730 1469 1797 1532 ha-

144 1552 254 1616 dinem
280 1554 526 1632 sempiternam.
553 1556 616 1617 Sed
637 1557 770 1634 quidam
786 1559 862 1620 sunt
877 1558 944 1621 ine-
998 1560 1077 1623 bere
1097 1562 1260 1624 notabiles
1287 1566 1385 1641 atque
1413 1565 1573 1640 insignes.
1598 1567 1688 1643 ignis
1706 1569 1796 1629 enim

9 1710 12 1723 ,
142 1650 243 1714 briati
269 1651 447 1724 absinthio,
479 1652 579 1725 idest,
602 1653 679 1716 vitae
703 1654 803 1733 huJus
827 1657 942 1718 mundi
998 1657 1097 1731 lucet,
1113 1659 1191 1731 urit,
1206 1657 1349 1732 roborat,
1370 1661 1502 1737 purgat,
1518 1661 1675 1735 desiccat,
1692 1663 1796 1726 deco-

143 1749 376 1821 amaritudine,
407 1750 496 1826 quia,
518 1750 603 1813 sicut
618 1750 730 1813 ebrius
751 1753 892 1816 aestimat
907 1770 942 1815 se
998 1753 1085 1828 quet,
1121 1753 1153 1814 et
1176 1753 1338 1816 ealefacit.
1363 1757 1464 1816 Lucet
1489 1770 1548 1832 per
1574 1756 1794 1832 splendorem,

141 1862 262 1924 magna
277 1847 506 1921 bonababere,
520 1849 554 1911 et
564 1849 697 1919 laetatur
708 1850 743 1910 in
755 1867 814 1911 sua
832 1851 943 1913 ebrie-
998 1849 1064 1911 urit
1094 1865 1153 1926 per
1184 1852 1478 1929 consumptionem,
1509 1851 1645 1915 roborat
1672 1855 1796 1915 minis-

141 1942 220 2017 tea,
236 1945 283 2006 ita
298 1945 362 2023 ipsi
377 1945 626 2008 delectanturin
636 1947 941 2024 ipsaamaritudine
996 1946 1114 2007 trando
1148 1947 1249 2015 vires,
1278 1951 1398 2024 purgat
1425 1950 1626 2010 removendo
1665 1951 1793 2023 sordes,

139 2044 308 2120 umquam
328 2044 360 2104 in
383 2043 568 2118 dulcedine,
584 2046 617 2108 et
631 2047 846 2108 aestimantse
861 2046 943 2109 bea·
996 2043 1142 2105 desiccat
1169 2045 1380 2121 reprimendo
1416 2045 1599 2117 humorem,
1631 2047 1796 2125 decoquet

140 2141 192 2203 tos
216 2157 300 2203 esse.
318 2143 358 2204 Et
376 2144 453 2205 nota
476 2143 562 2221 quod
586 2144 686 2206 timor
700 2145 750 2206 est
764 2159 830 2207 una
846 2145 940 2222 porta
997 2141 1214 2218 praeparando
1237 2141 1339 2214 cibos,
1353 2142 1507 2205 calefacit
1521 2144 1712 2221 repellendo
1733 2145 1795 2207 tri-

139 2239 268 2311 mortis,
287 2240 320 2301 et
333 2256 428 2301 amor
441 2240 525 2315 alia3
549 2242 582 2305 et
596 2241 671 2303 ideo
693 2243 875 2303 cavendum
891 2245 941 2306 est
995 2254 1069 2313 gus.
1089 2240 1174 2315 Ergo
1189 2239 1277 2301 lucet
1290 2239 1325 2300 in
1344 2240 1553 2313 candelabro,
1569 2242 1635 2303 urit
1650 2242 1792 2320 paleam,

140 2335 294 2399 atimore
306 2337 394 2400 male
406 2337 614 2411 humiliante,
629 2339 662 2401 et
675 2338 717 2401 ab
728 2355 841 2401 amore
854 2340 940 2402 male
995 2334 1131 2398 roborat
1159 2338 1290 2409 testam,
1324 2339 1445 2413 purgat
1477 2353 1606 2408 aurum,
1648 2338 1795 2402 desiccat

10 2478 16 2491 .
140 2433 324 2498 incedente.
344 2436 578 2498 lstadicuntur
592 2438 695 2514 portae
715 2439 842 2511 mortis,
861 2439 940 2515 quia
996 2449 1152 2510 pannum,
1167 2433 1327 2512 decoquet
1348 2433 1468 2506 cibum,
1486 2433 1639 2497 calefacit
1654 2435 1792 2497 nudum.

139 2548 200 2609 per
212 2531 284 2610 ipsa
296 2533 399 2594 intrat
410 2549 509 2606 mors,
522 2535 618 2605 idest,
633 2534 784 2596 diabolus
799 2536 850 2597 vel
867 2551 940 2612 pec·
996 2530 1145 2593 suffossa
1158 2535 1235 2594 sunt
1249 2533 1384 2609 peccata
1396 2547 1455 2609 per
1475 2532 1640 2604 timorem,
1658 2533 1736 2609 quia
1750 2534 1796 2596 ti-

40 2630 43 2635 '
139 2630 261 2691 catum.
286 2630 422 2693 Nullum
438 2631 526 2692 enim
545 2634 716 2709 peccatum
731 2633 880 2709 estquod
895 2634 940 2694 ti·
995 2644 1067 2689 mor
1098 2628 1243 2701 suffodit,
1261 2629 1357 2701 idest,
1372 2628 1554 2705 submergit
1563 2629 1615 2690 vel
1636 2631 1792 2693 occultat.

71 2708 80 2724 ’
138 2742 231 2790 more
246 2728 279 2790 et
290 2743 404 2789 amore
417 2744 484 2791 non
499 2728 700 2806 perficiatur.
713 2731 844 2792 Timore
859 2746 939 2807 peo-
995 2728 1040 2786 De
1065 2730 1127 2786 boc
1151 2725 1231 2788 dicit
1250 2726 1409 2787 Dominus
1437 2726 1472 2786 in
1495 2727 1558 2787 boc
1586 2727 1659 2788 loco
1677 2743 1684 2788 :
1700 2745 1719 2787 s
1738 2731 1792 2790 Ne

109 2829 111 2832 ’
139 2824 317 2898 cathamo,
335 2826 466 2902 quando
481 2825 603 2888 occidit
626 2827 824 2904 proximum,
843 2828 937 2906 quasi
994 2808 1199 2885 terreamini
1215 2826 1257 2885 ab
1268 2826 1322 2885 lats
1337 2827 1396 2897 qat
1409 2825 1711 2899 occidantcorpaa
1731 2829 1793 2887 m·-

137 2922 258 2985 timens
271 2938 313 2984 ne
327 2923 499 2985 occidatur
510 2923 551 2985 ab
560 2938 610 2997 eo,
625 2926 658 2986 et
670 2924 805 2985 similia.
817 2928 938 2987 Amore
992 2920 1083 2981 traete
1101 2935 1191 2991 erem,
1214 2924 1273 2995 qai
1292 2920 1476 2996 postquam
1495 2923 1669 2995 occiderit,
1693 2924 1793 2984 babet

138 3021 252 3098 peccat
267 3020 324 3098 qui
349 3036 450 3082 causa
472 3021 623 3083 avaritie
645 3022 803 3084 interficit
816 3022 936 3099 proxi·
991 3018 1221 3092 potestatem»
1233 3017 1326 3096 (Luc.
1341 3033 1404 3090 xii,
1421 3018 1466 3098 4).

137 3134 228 3181 mum
250 3134 358 3180 suum.
380 3120 426 3181 De
450 3118 503 3179 his
527 3118 654 3180 duobus
677 3118 758 3181 dicit
775 3120 880 3181 isaias
895 3119 936 3182 ad
1033 3115 1165 3192 Septem
1182 3117 1259 3177 aunt
1277 3131 1388 3178 causae
1411 3133 1484 3193 quae
1507 3133 1567 3178 nos
1591 3120 1751 3179 revocant
1772 3133 1793 3179 a

137 3232 249 3295 regem
270 3215 381 3278 achaz
398 3219 498 3279 :Noti
515 3217 639 3277 timere
654 3217 688 3278 et
706 3232 767 3279 cor
781 3218 880 3280 taam
894 3233 937 3280 ae
992 3213 1157 3289 peccati&
1175 3213 1295 3275 ¹10¹'P0l
1306 3214 1790 3287 m0lt58215m0ldamnati0ni8‚

137 3315 300 3392 smnatdet
314 3330 337 3376 a
363 3317 494 3376 altadas
520 3317 639 3377 canals
654 3315 816 3377 titionum
830 3317 938 3390 nami·
992 3310 1032 3371 de
1052 3310 1180 3389 judicio
1206 3311 1277 3383 Dei,
1309 3311 1416 3389 pudor
1437 3311 1667 3384 consessionis,
1688 3310 1791 3375 breve

139 3415 298 3491 gantiam
317 3409 533 3490 tstamcmsss.
553 3426 613 3481 vn,
629 3409 673 3491 4).
695 3412 841 3474 Titianos
861 3415 939 3476 sunt
991 3409 1206 3486 tempusnitae
1219 3409 1393 3486 praesentis
1404 3409 1520 3486 inipso
1531 3412 1676 3486 peccato,
1689 3410 1793 3472 atilio·

139 3509 294 3589 quaelibet
317 3509 471 3588 peccata3
490 3508 568 3587 quia
597 3509 683 3572 sicut
706 3510 841 3573 titiones
860 3527 938 3573 suo-
992 3508 1038 3569 tio
1063 3508 1258 3584 peccatoris,
1286 3508 1447 3569 memoria
1461 3508 1648 3569 divinorum
1663 3507 1793 3571 beneti-

138 3608 283 3670 cendunt
310 3607 433 3685 ignem,
459 3607 505 3668 ita
528 3608 560 3669 et
575 3608 709 3684 peccata
731 3609 938 3672 succendunt
992 3602 1792 3682 ciorum,spesaeternorumbonorum.Deduobus

49 3742 54 3751 ·
138 3706 285 3768 animam
314 3703 354 3766 ad
379 3705 514 3766 melum.
537 3705 618 3766 Duae
647 3705 761 3766 caudae
782 3706 936 3768 titionum
992 3703 1109 3779 primis
1124 3702 1283 3764 Dominus
1297 3704 1333 3764 in
1348 3703 1410 3764 hoc
1425 3704 1499 3764 loco
1516 3720 1523 3764 :
1538 3704 1693 3765 «Timete
1715 3720 1792 3765 eum

139 3801 934 3880 suuttimoretamor.1itdicunturcaudae,quia,
992 3800 1088 3878 «qui
1113 3801 1286 3878 postquam
1316 3801 1483 3873 occiderit,
1522 3801 1577 3863 hic
1602 3801 1642 3862 de
1669 3802 1789 3879 prima,

139 3900 226 3962 sicut
240 3898 345 3960 cauda
365 3899 416 3959 est
434 3899 510 3958 linis
528 3898 689 3976 corporis,
714 3899 759 3960 ita
785 3898 857 3962 haeo
872 3900 936 3963 duo
992 3914 1010 3956 c
1031 3896 1131 3958 hebet
1144 3898 1339 3974 potestatem
1359 3899 1489 3960 mittere
1511 3899 1546 3959 in
1561 3898 1747 3974 gehennam
1760 3919 1789 3973 a,

137 3998 238 4060 timor
257 3997 290 4058 et
313 4012 407 4056 amor
426 3995 504 4057 sunt
525 3996 765 4073 complementa
779 4001 936 4074 peccato·
992 3994 1046 4055 bic
1070 3996 1110 4055 de
1134 3995 1289 4056 secunda.
1319 3998 1365 4057 De
1389 3996 1487 4058 tertia
1505 3995 1591 4059 Job:
1616 4000 1792 4060 Veneramt

137 4111 224 4157 rum.
246 4097 325 4155 liaec
353 4093 417 4155 duo
437 4092 551 4154 caudae
577 4094 731 4155 titionum
755 4095 935 4172 fumigant,
991 4094 1258 4166 usqueadeone,
1292 4093 1327 4153 et
1354 4096 1489 4166 predere
1521 4096 1674 4167 cooperti
1708 4097 1792 4157 secat

139 4193 270 4271 quando
287 4191 467 4252 humanam
486 4191 631 4252 animam
644 4191 788 4270 caligine
809 4194 935 4271 peccati
992 4186 1077 4267 (tob.
1096 4204 1141 4259 v1,
1157 4187 1222 4266 20).
1240 4188 1329 4260 Quod
1342 4204 1511 4265 exponens
1525 4188 1641 4251 beatus
1656 4193 1789 4267 Grego-

138 4289 328 4353 obscurant.
990 4286 1061 4346 rius
1076 4286 1125 4346 ait
1139 4302 1146 4346 :
1158 4287 1273 4346 «Tunc
1284 4285 1415 4363 iniquos
1428 4286 1699 4364 pudorcooperit,
1713 4304 1790 4349 cum

179 4391 260 4450 ilem
276 4385 461 4448 mundanus
473 4386 573 4450 timor
586 4391 636 4450 est
649 4387 706 4450 ilie
721 4404 786 4466 quo
794 4388 868 4466 quis
882 4388 949 4469 de.
991 4383 1025 4442 in
1050 4385 1229 4459 conspectu
1245 4383 1368 4461 judicis
1390 4384 1484 4445 testis
1503 4400 1560 4445 eos
1584 4385 1790 4448 conscientia

22 4493 24 4497 “
138 4487 241 4549 clinat
260 4484 396 4547 debono
409 4484 450 4545 ad
462 4485 596 4557 malum,
613 4486 649 4547 ut
660 4486 743 4547 vitet
755 4486 936 4548 iucommo-
991 4480 1125 4553 addicit,
1140 4480 1227 4543 idest
1241 4481 1459 4556 constringit3
1480 4482 1559 4542 tuuc
1574 4480 1680 4558 judex
1694 4485 1792 4545 exte-

138 4582 510 4663 dumtemporalasicut
519 4582 667 4644 Herodes
678 4583 734 4661 qui
747 4598 789 4644 ne
796 4599 935 4659 regnum
991 4579 1062 4639 rius
1079 4578 1237 4651 cernitur,
1254 4581 1287 4640 et
1301 4565 1476 4640 accusator
1490 4578 1631 4639 interius
1646 4580 1789 4642 tollera-

138 4681 324 4754 amitteret‚
353 4680 545 4743 innocentes
576 4679 714 4754 occidit,
740 4679 809 4741 illic
831 4681 937 4759 trepi-
990 4675 1786 4752 tur.Tuncanteoculosomnisculpareducitur‚

35 4802 38 4809 ·
137 4781 245 4843 dando
260 4780 378 4842 timore
393 4777 450 4840 ubi
465 4795 531 4840 non
549 4780 622 4840 erat
636 4777 746 4839 timor.
763 4779 935 4840 Naturalis
991 4776 1023 4836 et
1035 4790 1127 4835 mens
1140 4786 1240 4851 super
1247 4773 1407 4849 gehennae
1418 4773 1572 4834 incendia
1581 4775 1785 4850 suograrius

136 4880 238 4941 timor
249 4881 299 4940 est
313 4879 370 4939 ille
392 4890 456 4953 qao
469 4875 608 4955 quilibet
626 4876 725 4938 homo
737 4876 936 4939 naturaliter
991 4873 1067 4948 igne
1080 4872 1293 4933 cruciatur.»
1317 4874 1362 4932 De
1380 4873 1497 4948 quarto
1517 4871 1619 4933 Jacob
1634 4872 1669 4931 in
1688 4874 1783 4949 epis-

138 4977 253 5039 horret
267 4992 409 5053 poenam,
427 4975 513 5037 siout
526 4976 626 5037 etiam
638 4974 708 5052 ipse
723 4974 885 5057 Christus,
895 4975 935 5037 de
989 4971 1057 5031 tola
1073 4987 1080 5030 :
1095 4973 1180 5037 Quid
1195 4969 1246 5031 est
1257 4968 1330 5030 atta
1344 4971 1483 5031 nostrat
1501 4973 1614 5044 Vapor
1624 4974 1670 5030 aa
1680 4974 1787 5033 anodi-

137 5091 202 5154 quo
217 5073 348 5150 legitur,
366 5073 451 5149 quod
467 5074 674 5150 coepitJesus
689 5087 810 5149 pavere
826 5073 859 5134 et
872 5074 935 5134 tae-
989 5083 1069 5128 eam
1089 5081 1229 5152 parente,
1261 5066 1294 5127 et
1316 5069 1473 5140 deinceps
1494 5067 1788 5130 eetcrmiaabttar

137 5174 226 5244 dere,
255 5170 444 5232 contristari
470 5172 503 5231 et
522 5171 657 5232 moestus
686 5185 771 5231 esse.
797 5170 935 5232 Servilis
991 5163 1074 5243 (tac.
1098 5179 1145 5235 ιν,
1162 5163 1226 5242 15).
1245 5166 1290 5224 De
1310 5163 1423 5240 quinto
1439 5164 1472 5223 in
1489 5163 1574 5224 libro
1588 5165 1785 5242 Sapientiae:

137 5269 237 5331 timor
258 5267 309 5327 est
324 5265 391 5336 ille,
409 5279 473 5341 quo
489 5265 563 5341 quis
575 5281 642 5326 non
659 5280 771 5327 amore
781 5265 933 5342 justitie,
989 5266 1150 5336 Perque
1158 5262 1277 5336 peccat
1292 5265 1378 5335 qais,
1394 5277 1459 5336 per
1472 5266 1544 5323 lroec
1558 5263 1592 5322 et
1606 5263 1788 5336 torquetur

130 5364 194 5429 sed
224 5362 401 5425 tormidine
424 5377 530 5438 poenae
559 5362 691 5424 cohibet
718 5379 851 5425 manum
878 5363 934 5425 sed
991 5358 1082 5438 (Sap.
1100 5375 1146 5431 xi,
1174 5357 1237 5436 17).
1260 5361 1440 5419 Peccamus
1455 5374 1515 5435 per
1528 5359 1630 5420 sitiat
1651 5361 1789 5437 torque-

136 5480 203 5526 non
226 5462 373 5524 animum
397 5474 417 5521 a
436 5459 580 5536 peccato.
607 5462 645 5520 Et
673 5460 713 5520 de
736 5460 797 5522 tali
815 5452 935 5522 timore
990 5473 1065 5519 mur
1080 5471 1140 5534 per
1153 5457 1222 5517 illa.
1240 5458 1325 5516 Nam
1340 5456 1494 5532 superbia
1510 5456 1615 5528 intiat,
1631 5457 1682 5518 ira
1696 5458 1786 5518 dila-

135 5562 279 5639 legitur:
298 5562 414 5621 Timor
441 5571 509 5618 aaa
534 5558 586 5618 est
611 5560 648 5617 in
672 5558 855 5631 aaarttate,
876 5561 935 5620 sed
991 5555 1070 5627 niat,
1086 5554 1219 5615 luxuria
1231 5553 1392 5631 inquinat,
1409 5554 1551 5614 avaritia
1562 5553 1722 5624 stimulat,
1739 5555 1788 5618 in·

133 5659 291 5741 perfecta
321 5656 476 5721 ebaritas
505 5657 603 5732 (oras
636 5654 743 5717 mttttt
775 5657 936 5720 timorem
990 5653 1079 5715 vidia
1094 5652 1233 5725 cruciat,
1249 5653 1283 5714 et
1294 5651 1343 5712 sic
1355 5651 1396 5712 de
1406 5651 1547 5714 caeteris.
