3802 6166
86 276 148 345 249

87 456 271 521 ganeorum
305 436 454 517 ejusdem
492 434 643 501 66616616
683 435 797 499 nostro
831 437 884 498 661

87 538 289 618 apostolatui
317 536 514 609 reseratum,
531 535 617 613 quod
637 550 712 598 oum
738 549 799 595 nos
821 549 881 595 re-

87 636 340 716 reptacessione
348 634 532 705 Michaelis,
543 633 881 711 quondamArelaten.

86 733 342 811 archiepiscopi,
359 732 484 795 eisdem
499 731 676 809 praeposito
691 733 723 793 et
737 729 883 808 capitulo

86 833 276 895 dederimus
302 830 338 891 in
362 830 541 901 mandatis,
570 829 606 892 ut
628 828 778 891 eeclesiae
807 843 882 888 me-

87 932 226 993 moratae
259 929 299 989 de
335 943 477 1005 persona
509 926 645 1000 idonea,
682 942 756 1004 quae
790 924 883 986 tanto

86 1027 284 1105 congrueret
308 1027 402 1088 oneri
424 1028 458 1087 et
479 1025 610 1096 honori,
625 1024 785 1086 canonice
800 1039 882 1100 pro-

85 1126 237 1189 viderent
258 1145 265 1185 :
286 1125 352 1201 ipsi
371 1124 606 1185 couvenientes
630 1123 666 1183 in
690 1138 807 1194 unum,
824 1138 884 1183 ve-

87 1222 269 1286 nerabilem
290 1221 428 1283 fratrem
450 1222 600 1282 nostrum
619 1223 791 1296 Hugonem
810 1222 881 1281 Va-

87 1322 219 1399 611661.
256 1319 463 1396 6616666611,
493 1319 617 1392 virum,
648 1319 685 1380 ut
712 1318 880 1391 asserunt,

86 1419 269 1480 litteratum
304 1423 337 1479 et
371 1417 546 1493 providum
587 1415 729 1494 Spiritus
770 1415 883 1478 Sancti

84 1517 194 1594 gratia
204 1516 372 1588 invocata,
389 1514 453 1575 sibi
468 1515 628 1576 canonice
642 1514 678 1575 in
693 1514 883 1591 pontificem

85 1614 298 1693 postularunt
325 1612 420 1674 nobis
448 1611 620 1674 humiliter
645 1612 881 1690 supplicantes,

85 1714 124 1773 ut
150 1712 404 1790 postulationem
427 1710 536 1788 ipsam
562 1709 736 1772 admittere
761 1710 883 1786 digna-

86 1825 210 1871 remur.
223 1812 347 1870 Verum
359 1808 436 1886 quia
442 1809 540 1886 juxta
551 1824 675 1870 morem
686 1807 883 1885 apostoncae

88 1907 194 1974 Sedis,
209 1922 273 1985 quo
291 1907 479 1968 examinari
502 1906 675 1968 consuevit
691 1905 809 1967 electio
825 1922 885 1967 seu

86 2005 267 2082 postulatio
289 2005 329 2065 de
351 2019 505 2082 persona,
522 2004 555 2064 id
579 2004 653 2065 11611
677 2020 743 2064 non
764 2005 882 2081 potuit,

86 2119 163 2165 cum
178 2118 320 2180 persona
335 2118 484 2179 praesens
499 2117 565 2163 non
578 2103 676 2169 esset,
690 2101 884 2164 discretioni

85 2202 153 2265 11116
168 2214 228 2278 661
242 2200 424 2277 6666161166
439 2200 563 2276 scripta
577 2199 784 2273 mandamus,
801 2216 886 2279 qua-

86 2300 186 2361 tenus
210 2298 466 2376 postulationem
493 2298 600 2375 ipsam
626 2301 659 2360 et
684 2298 884 2376 postulatum

86 2397 285 2459 examinans
301 2395 487 2473 diligenter,
504 2400 533 2456 si
550 2396 701 2457 eamdem
715 2396 883 2458 inveneris

86 2494 129 2556 de
161 2510 303 2573 persona
330 2493 451 2556 idonea
480 2494 640 2556 canonice
670 2493 881 2566 celebratam,

86 2594 195 2671 ipsam
209 2591 407 2654 auctoritate
423 2592 536 2654 nostra
547 2591 703 2655 suffultus
716 2592 881 2664 admittas,

87 2692 123 2753 et
144 2706 219 2751 eum
240 2706 260 2752 6
280 2690 415 2752 vinculo
438 2707 502 2768 quo
529 2690 679 2751 ecclesiae
700 2690 881 2767 vapincen.

88 2790 220 2850 tenetur
231 2788 418 2858 absolvens,
432 2789 587 2866 injungas
602 2788 746 2865 capitulo
762 2802 883 2849 memo·

90 2888 177 2959 rato,
187 2885 221 2948 ut
229 2887 386 2963 tanquam
395 2887 522 2963 pastori
531 2888 564 2947 et
574 2885 722 2962 ejusdem
734 2885 883 2947 ecelesias

89 2984 321 3061 suffraganeis,
339 2984 425 3061 quod
448 2976 606 3061 tanquam
630 2983 883 3061 metropolitano

87 3096 150 3144 suo
165 3081 338 3144 intendant
352 3082 471 3154 eidem,
487 3084 520 3142 et
534 3080 714 3143 exhibeant
726 3080 885 3142 obedien-

90 3180 169 3242 tiam
184 3179 329 3241 debitam
346 3180 378 3241 et
393 3179 557 3241 devotam.
576 3180 695 3240 Datum
714 3178 882 3251 Laterani,

89 3280 209 3355 quarto
236 3278 311 3339 idus
338 3276 514 3349 februarii,
540 3276 751 3355 pontificatus
777 3276 885 3339 nostri

88 3391 179 3438 anuo
192 3376 310 3453 primo.

429 3517 547 3607 CCIV

87 3695 142 3755 Ad
160 3695 355 3767 episcopum
370 3695 570 3762 1111166666,
582 3693 623 3750 Β.
635 3692 838 3751 Reutcusem
853 3689 887 3753 et

218 3793 249 3852 J.
264 3792 467 3851 Ambianos.
484 3791 757 3851 archidiaconos.

388 3919 490 3980 illebr.
508 3922 589 3979 1217.

122 4029 232 4094 [Regest.
247 4029 292 4080 lib.
308 4028 327 4087 1,
344 4029 417 4094 epist.
432 4028 488 4079 232.
500 4028 558 4078 diss.
576 4029 612 4078 La
626 4028 702 4079 Poste
715 4027 749 4078 du
761 4026 854 4092 Tbeill.

88 4165 291 4226 catalaunensi
306 4165 450 4239 episeopo,
467 4162 579 4221 cedenti
594 4164 790 4237 episcopatum
807 4177 888 4236 prop

126 4263 170 4313 ter
183 4261 369 4323 senectutem,
380 4252 491 4311 suerunt
505 4261 657 4310 reservata
669 4253 887 4325 quadringente

125 4344 206 4401 librae
231 4357 282 4416 pro
309 4342 386 4399 victu
418 4356 504 4414 super
530 4339 667 4399 fructibus
694 4342 886 4413 episcopatus.

126 4434 248 4491 Demum
262 4446 328 4489 cum
343 4430 415 4489 adeo
429 4430 557 4488 senuerit
572 4438 602 4487 ut
617 4430 740 4502 amplius
760 4430 888 4501 equitare

127 4535 185 4578 non
201 4522 290 4595 possit
303 4535 356 4578 nec
371 4520 425 4577 alia
439 4519 544 4585 lucere,
558 4519 693 4592 episcopo
705 4519 841 4588 bullensi,
855 4520 886 4577 B.

127 4611 263 4669 ilamensi
276 4616 305 4667 et
314 4611 329 4668 1
332 4654 338 4667 .
352 4608 538 4667 ambianensi
549 4606 758 4665 archidiaconis
771 4606 888 4664 mandat

127 4708 160 4758 ut
170 4700 326 4757 limitantur
341 4696 527 4756 adducentes
539 4697 636 4755 libras.

132 4847 312 4919 Honorius,
336 4846 412 4917 616,
432 4843 617 4907 venerabili
639 4844 734 4906 fratri
757 4845 885 4906 Tullen.

86 4946 258 5024 episcopo,
274 4946 311 5005 B.
332 4947 468 5006 Romen.
493 4944 526 5004 et
548 4945 578 5006 J.
604 4942 799 5004 Ambianen.
827 4960 887 5005 ar-

86 5043 309 5108 chidiaconis.

133 5144 184 5202 Ex
198 5139 422 5201 insinuatione
437 5137 638 5200 venerabilis
656 5137 769 5200 fratris
782 5139 889 5201 nostri

88 5240 309 5302 catalaunen.
338 5237 486 5314 episcopi
515 5253 575 5298 nos
601 5236 761 5298 noveritis
792 5252 890 5299 acce

87 5340 194 5419 pisse,
223 5336 308 5414 quod
340 5335 543 5397 venerabilis
573 5335 676 5396 116161
704 5337 819 5396 noster
849 5339 887 5396 (1.

87 5437 268 5515 episcopus
279 5434 444 5511 quondam
451 5433 670 5495 catalaunen.
679 5432 805 5494 viribus
818 5450 890 5495 cor-

88 5534 185 5616 poris
200 5532 388 5604 destitutus,
400 5532 433 5594 et
444 5532 608 5609 impotens
620 5531 662 5592 ad
677 5532 888 5609 pontificatus

89 5632 263 5697 sarcinam
285 5630 525 5701 susbuendam,
550 5630 756 5698 1166666166
780 5630 889 5697 felicis

719 270 956 337 EPISTOLAE.
973 270 1052 334 LIB.
1075 270 1101 334 l.

1674 274 1738 339 250

935 432 1177 496 recordationis
1205 430 1391 495 innocentii
1421 448 1516 513 papae
1546 433 1735 513 praedeces-

938 532 1024 593 soris
1037 531 1143 594 nostri
1157 530 1380 609 episcopalem
1392 533 1614 611 resignaverit
1627 533 1736 611 digui-

936 631 1049 702 tatem,
1060 645 1100 691 ac
1109 629 1197 692 idem
1208 630 1434 707 praedecessor
1443 631 1628 694 venerabili
1638 631 1733 695 116111

938 728 1051 790 nostro
1063 730 1200 790 Trecen.
1216 729 1383 806 episcopo,
1400 731 1433 791 et
1451 730 1583 792 dilectis
1599 730 1733 794 11111611.

937 826 1024 889 tituli
1044 828 1152 889 sancti
1167 827 1327 904 Stephani
1342 828 1377 888 in
1393 827 1497 890 Coelio
1513 829 1625 892 monte
1639 845 1735 908 pres-

936 924 1052 1001 161616
1079 924 1253 998 cardinali,
1289 926 1368 987 tunc
1402 927 1602 1004 spostolicae
1639 927 1735 989 Sedis

937 1023 1058 1099 legato,
1072 1026 1105 1085 61
1124 1025 1164 1084 Η.
1185 1024 1422 1086 archidiacono
1446 1028 1583 1087 Remen.
1608 1024 1737 1088 dederit
1814 1022 1818 1031 '

938 1121 972 1181 in
988 1122 1164 1195 mandatis,
1181 1122 1218 1185 ut
1231 1122 1339 1184 eidem
1359 1124 1456 1200 juxta
1476 1123 1651 1185 facultates
1673 1126 1738 1186 Ca-

936 1220 1106 1281 talauuen.
1134 1220 1344 1298 episcopatus
1367 1222 1403 1282 in
1429 1221 1508 1283 vitae
1535 1223 1736 1285 necessariis

938 1318 1105 1396 provideri
1140 1319 1289 1381 16661611
1323 1319 1510 1391 moderate,
1547 1321 1737 1399 provisores

938 1416 1003 1494 ipsi
1030 1432 1097 1477 non
1123 1417 1330 1479 attendentes
1357 1416 1582 1479 sollicitudine
1610 1416 1734 1491 debita,

938 1514 1024 1591 quod
1048 1515 1263 1576 catalaunen.
1284 1515 1427 1577 ecclesia
1447 1515 1482 1576 in
1501 1516 1646 1578 confinio
1667 1515 1736 1577 im-

938 1612 1023 1690 perii
1043 1614 1076 1676 et
1097 1614 1192 1689 regni
1214 1614 1365 1675 Franciae
1387 1613 1577 1686 constituta,
1602 1616 1739 1691 propter

938 1710 1127 1787 inopinatas
1137 1726 1278 1787 guerras
1291 1727 1389 1789 saepe,
1400 1712 1521 1789 saepius
1530 1711 1735 1787 ingruentes,

938 1808 1129 1886 frequenter
1154 1809 1363 1887 opprimitur,
1391 1810 1424 1872 et
1449 1825 1493 1871 ex
1514 1825 1553 1871 eo
1577 1810 1739 1886 gravatur

939 1906 1109 1970 laboribus
1138 1910 1171 1970 et
1199 1910 1375 1985 expensis,
1403 1908 1490 1985 quod
1520 1909 1556 1969 in
1586 1906 1738 1971 exercitu

940 2005 1032 2082 regio
1049 2006 1147 2084 juxta
1170 2007 1265 2083 regni
1289 2007 1562 2068 consuetudinem
1584 2021 1663 2067 snos
1685 2008 1739 2068 te-
1865 2048 1870 2057 ·

940 2105 1038 2165 netur
1051 2104 1173 2166 milites
1186 2105 1330 2182 propriis
1346 2104 1525 2182 stipendiis·
1536 2104 1735 2177 sustentare,

939 2200 1201 2279 6161616616
1226 2201 1323 2264 bonis
1346 2202 1452 2280 ipsius
1476 2202 1627 2265 ecclesiae
1651 2218 1738 2281 qua-

938 2299 1132 2377 dringentas
1158 2300 1261 2363 libras
1283 2302 1381 2362 annis
1407 2301 1637 2379 percipiendas
1666 2300 1739 2363 sin-

938 2398 1026 2474 gulis
1046 2399 1292 2468 concesserunt,
1309 2415 1508 2477 quamquam
1523 2399 1611 2461 idem
1626 2402 1663 2460 (1.
1680 2398 1739 2477 qui
1858 2428 1862 2433 ·

938 2495 1022 2557 adeo
1036 2497 1259 2559 membrorum
1273 2513 1409 2560 suorum
1427 2497 1634 2574 dignoscitur
1647 2496 1737 2559 ami·

938 2593 1159 2667 616666111616,
1177 2595 1263 2673 quod
1282 2611 1343 2657 neo
1363 2596 1499 2674 equitat,
1513 2597 1547 2657 et
1564 2596 1665 2658 etiam
1679 2594 1739 2657 vix

938 2694 1047 2768 potest
1068 2692 1171 2770 loqui,
1188 2693 1301 2756 multis
1316 2693 1514 2771 equitaturis
1539 2710 1606 2755 non
1627 2690 1735 2770 egeat,

938 2805 1000 2851 nec
1015 2791 1226 2854 multitudine
1245 2793 1423 2863 sociorum,
1439 2793 1475 2853 in
1496 2807 1636 2869 quorum
1657 2808 1737 2853 sus-

938 2888 1121 2951 tentatione
1142 2890 1190 2953 161
1203 2890 1349 2952 existant
1366 2890 1429 2951 sibi
1444 2889 1592 2951 redditus
1607 2905 1735 2967 oppor-

938 2989 1021 3051 tuni.
1042 2990 1134 3051 Unde
1147 2988 1243 3050 nobis
1255 2988 1363 3051 dictus
1375 2989 1551 3065 episcopus
1567 2987 1738 3050 humiliter

939 3087 1140 3165 supplicavit
1163 3088 1199 3149 ut
1220 3102 1320 3163 super
1341 3087 1405 3148 hoc
1427 3087 1601 3163 providere
1622 3084 1740 3147 sibiet

938 3185 1004 3263 ipsi
1018 3185 1169 3247 ecclesiae
1186 3185 1413 3262 dignaremur.
1434 3184 1597 3256 Quocirca
1611 3183 1740 3245 discre-

938 3284 1023 3346 tioni
1039 3287 1158 3345 vestrm
1173 3300 1233 3361 per
1247 3282 1431 3360 apostolica
1451 3282 1574 3358 scripta
1598 3279 1740 3343 manda-

940 3383 1195 3458 musquatenus‚
1206 3381 1365 3459 inquisita
1376 3378 1739 3457 superbisdiligentius

940 3481 1098 3551 veritate,
1135 3479 1360 3556 provisionem
1399 3476 1590 3554 hujusmodi
1630 3474 1739 3537 solum

941 3582 1044 3641 Deum
1077 3576 1237 3638 babentes
1267 3592 1336 3654 prae
1363 3574 1485 3647 oculis,
1515 3572 1740 3651 appellatione

941 3677 1079 3750 remota,
1095 3674 1254 3754 usquead
1270 3690 1432 3735 summam
1453 3673 1671 3735 ducentarum
1690 3672 1738 3732 li·-

941 3775 1076 3837 brarum
1091 3773 1287 3836 auctoritate
1298 3772 1411 3834 nostra
1426 3770 1587 3833 moderati
1600 3768 1738 3833 curetis.

941 3874 1015 3935 Non
1040 3871 1248 3934 obstantibus
1272 3868 1439 3948 aliquibus
1466 3868 1586 3930 litteris
1614 3867 1740 3930 confir-

941 3971 1096 4033 mationis
1121 3986 1180 4032 seu
1202 3970 1278 4031 aliis
1298 3984 1399 4046 super
1413 3968 1486 4045 1666
1508 3966 1699 4044 provisione
1718 3981 1740 4029 a

943 4072 1027 4134 Sede
1041 4069 1231 4147 apostolica
1244 4067 1430 4144 impetratis
1442 4088 1450 4142 ;
1465 4064 1737 4137 contradictores,

942 4169 971 4230 si
997 4169 1054 4246 qui
1080 4167 1204 4228 suerint
1223 4166 1276 4227 vel
1295 4165 1448 4237 rebelles,
1476 4180 1536 4242 per
1561 4177 1739 4225 censuram

943 4266 1203 4329 ecclesiasticam
1227 4265 1485 4340 compescentes.
1509 4261 1600 4333 Quod
1620 4260 1650 4321 si
1670 4275 1737 4321 non

943 4380 1068 4436 omnes,
1084 4361 1348 4435 616.,1111161161
1364 4361 1529 4437 episcope,
1541 4360 1604 4422 etc.
1620 4357 1740 4419 Datum

943 4462 1109 4535 Laterani,
1128 4461 1222 4523 sexto
1244 4460 1318 4520 idus
1337 4458 1509 4531 februarii,
1526 4456 1738 4535 pontificatus

943 4560 1285 4637 1661116616611116.
1364 4580 1367 4587 ·

1290 4738 1386 4826 CCV

1052 4896 1104 4955 Ad
1117 4894 1411 4966 archiepiscopum
1423 4885 1632 4950 Toletonum.

1242 5039 1261 5096 8
1275 5036 1436 5095 16111217.

975 5156 1047 5225 [Cod.
1061 5157 1105 5208 lut.
1121 5153 1192 5215 31131,
1204 5169 1230 5219 p.
1244 5153 1284 5202 ut.
1294 5153 1351 5202 1166.
1364 5150 1544 5215 bibliotheque
1554 5148 1709 5216 nationale]

944 5293 1165 5366 archiepiscopo
1177 5290 1313 5347 Toletano
1327 5286 1477 5345 conflrmat
1493 5285 1588 5359 plures
1602 5284 1740 5343 ecclesias

979 5398 1043 5441 cum
1058 5380 1177 5439 decimis
1191 5378 1320 5436 omnium
1333 5376 1492 5435 reddituum
1505 5375 1657 5449 regalium.

984 5528 1064 5587 Cum
1078 5541 1097 5586 a
1111 5523 1206 5585 nobis
1220 5522 1449 5601 petitur,etc...
1466 5533 1573 5594 usquc
1588 5531 1738 5580 assensu.
1832 5566 1836 5571 .
1855 5496 1858 5501 ’

944 5624 1111 5690 Ecclesias
1126 5621 1343 5686 1611166161
1367 5634 1442 5683 cum
1464 5616 1617 5682 omnibus
1631 5614 1739 5694 perti·
