3802 6166
49 254 111 327 abb

50 426 88 487 in
112 423 262 503 partibus
287 423 356 485 illis
379 422 526 486 officium
549 423 727 501 legationis
748 440 852 490 exer-

52 540 144 593 cens,
164 522 303 601 praefato
325 522 489 601 episcopo,
511 523 545 585 ot
563 524 757 601 quibusdam
773 525 849 586 aliis

52 622 255 690 convocatis,
278 622 314 682 in
329 622 418 699 ipsos
434 623 557 683 Fauen.
577 624 610 683 et
624 639 739 685 eorum
753 639 848 685 corn-

52 721 157 798 plices
173 734 232 797 pro
246 719 469 781 destructione
492 720 659 797 praedictae
676 723 852 782 Forosem-

52 818 206 896 prunien.
223 817 386 889 ecclesiae,
403 818 757 880 excommunicationis
774 834 853 880 sen-

52 915 191 978 tentiam
208 915 409 992 protulisset,
427 916 625 993 sepedictus
640 916 851 993 Albergettus

53 1029 114 1091 per
135 1012 275 1073 nuncios
296 1029 374 1074 suos
394 1013 565 1074 mandavit
578 1014 643 1090 ipsi
663 1015 851 1091 episcopua

54 1111 232 1188 praesentia
262 1110 342 1172 dicti
363 1110 465 1187 legati
486 1127 633 1184 reverso,
658 1104 694 1172 ut
713 1126 851 1174 excom-

53 1209 290 1269 municationis
314 1211 348 1270 et
367 1210 534 1272 interdicti
554 1210 746 1281 sententian,
770 1225 853 1286 quas

55 1307 90 1366 in
108 1307 225 1382 ipsum,
243 1307 276 1367 et
285 1306 442 1383 judicem,
466 1323 506 1368 ac
523 1307 682 1368 familiam
698 1323 804 1379 suam,
821 1310 854 1368 et

56 1405 223 1465 civitatem
244 1406 369 1465 Fauen.
387 1405 579 1480 protulerat,
600 1421 640 1466 ac
655 1404 755 1466 aliam
771 1415 854 1483 quo·

55 1518 119 1579 que
143 1501 244 1563 latam
263 1501 298 1561 in
322 1502 495 1563 mulierem
517 1503 693 1581 quamdam
713 1519 774 1579 pro
800 1518 851 1574 eo,

55 1598 141 1676 quod
153 1598 329 1675 quamdam
345 1599 494 1661 ecclesiae
510 1615 580 1663 suae
593 1601 726 1661 (tomum
739 1601 854 1661 contra

50 1696 218 1775 justitiam
238 1697 363 1759 detinet
383 1697 557 1770 violenter,
578 1697 652 1759 sine
666 1697 854 1760 conditione

55 1793 204 1870 qualibet
230 1794 409 1866 relaxaret,
433 1811 495 1857 nec
514 1795 700 1873 impediret,
725 1794 857 1872 quomi-

58 1908 121 1952 nus
137 1891 242 1969 ipsius
258 1892 407 1953 ecclesiae
422 1892 573 1953 homines
587 1894 776 1970 impositam
791 1892 855 1953 sibi

56 1989 230 2051 collectam
245 1989 467 2065 exsolverent,
481 1992 514 2051 et
523 1990 563 2051 de
576 1990 708 2052 statutis
721 1990 854 2052 concilii

54 2089 125 2149 toto
141 2089 287 2163 tempore
310 2088 360 2149 sui
381 2088 555 2163 regiminis
571 2089 773 2150 mentionem
789 2104 855 2149 non

55 2185 193 2256 faceret,
221 2185 272 2245 vel
300 2185 334 2245 iu
363 2185 507 2262 aliquem
534 2188 607 2262 ejus
627 2185 855 2263 jurisdictioni

56 2282 242 2359 subjectum
273 2284 626 2344 excommunicationis
657 2284 856 2345 sententiam

57 2380 296 2457 promulgaret.

99 2480 274 2554 Quumque
310 2478 398 2538 idem
428 2478 603 2555 episcopus
630 2478 748 2539 nolens
786 2480 857 2555 ejus

56 2576 196 2638 malitiae
224 2576 426 2647 consentire,
453 2576 589 2637 offerret
621 2576 740 2648 eidem,
771 2576 856 2653 quod

57 2673 233 2752 superbis
259 2673 412 2734 omnibus
433 2673 466 2733 in
489 2674 619 2750 aliquos
636 2674 726 2735 viros
750 2674 859 2735 eccle·

59 2772 212 2834 siasticos
250 2772 540 2848 compromitteret,
566 2775 738 2833 eteorum
768 2771 859 2833 arbi-

59 2870 161 2931 trium
170 2869 241 2929 sine
256 2869 479 2944 refragatione
492 2868 638 2946 qualibet
652 2869 856 2940 observaret,

61 2966 381 3043 dictusAlbergettus
397 2966 506 3028 uerbis
515 2968 679 3043 justitiam
688 2967 739 3028 rel
754 2968 860 3044 aequi-

63 3066 162 3125 tatem
178 3064 372 3125 sonantibus
388 3064 546 3126 obturans
559 3080 657 3125 aures
669 3066 702 3126 et
712 3065 859 3126 animum

61 3178 165 3235 more,
190 3178 229 3223 ac
248 3161 289 3222 de
308 3162 396 3223 malo
411 3162 446 3222 in
464 3165 558 3239 pejus
581 3163 776 3233 corruend0,
797 3161 859 3222 de-

61 3262 253 3321 monstrans
266 3275 301 3321 se
323 3276 423 3336 super
450 3260 611 3321 talentum
640 3260 764 3337 plumbi
786 3276 860 3320 cum

62 3359 239 3435 iniquitate
250 3357 377 3430 sedere,
388 3358 574 3419 sacristiam
585 3357 862 3419 Fanensiseccle-

63 3457 136 3527 siae,
153 3456 188 3515 in
204 3457 374 3532 quaerant
386 3471 524 3532 corpora
544 3455 746 3523 sanctorum,
763 3454 862 3514 indu-

63 3555 188 3624 menta,
214 3553 302 3625 libri,
326 3553 359 3614 et
376 3555 496 3615 caetera
516 3551 743 3614 ecclesiastica
759 3568 862 3613 orna-

64 3652 193 3719 menta,
230 3667 304 3712 cum
329 3650 475 3728 capella,
506 3653 540 3713 et
565 3649 762 3728 quibusdam
786 3650 862 3711 aliis

65 3748 165 3811 rebus
186 3749 291 3827 ipsius
316 3748 474 3825 episcopi,
499 3764 538 3809 ac
567 3748 683 3810 Hostia
709 3746 756 3827 (1)
782 3748 861 3808 uni-

64 3863 164 3909 rersa
188 3846 359 3908 canonicae
383 3844 556 3908 securibus
577 3846 688 3923 frangi
712 3845 799 3917 feeit,
824 3862 863 3907 ac

67 3962 121 4006 res
136 3944 258 4005 ibidem
275 3944 429 4005 inventas
444 3944 621 4015 conscribi,
639 3945 672 4006 et
686 3944 863 4006 canonicos

67 4042 107 4103 de
131 4042 206 4119 ipsa
234 4042 396 4103 canonica
426 4041 515 4119 eJici,
533 4042 711 4104 subtractis
738 4041 862 4103 eisdem

68 4139 221 4202 omnibus
234 4139 414 4201 alimentis.
428 4139 553 4200 Deinde
563 4139 707 4201 ministri
716 4140 864 4216 ejusdem

68 4236 103 4297 in
116 4236 304 4313 episcopale
320 4235 479 4313 palatium
502 4235 678 4307 irruentes,
698 4237 731 4297 et
751 4251 864 4297 came-

67 4349 141 4395 ram
165 4333 270 4410 ipsius
292 4333 440 4411 episcopi
463 4333 653 4408 frangentes
680 4332 863 4403 securibus,

69 4431 207 4503 scrinia,
224 4430 259 4491 in
275 4430 394 4508 quibus
409 4430 584 4507 privilegia
600 4431 633 4493 et
647 4430 866 4492 instrumenta

69 4529 284 4607 episcopatus
296 4528 404 4606 posita
421 4529 527 4599 erant,
545 4528 677 4605 penitus
692 4528 868 4606 confrege-

71 4627 164 4699 runt,
186 4642 225 4688 ac
247 4626 447 4704 expulerunt
475 4626 683 4703 capellanum
706 4627 868 4688 etomnes

71 4724 258 4787 servientes
271 4723 377 4802 ipsius
392 4723 591 4801 episcopide
605 4723 741 4801 palatio,
754 4728 787 4785 et
797 4723 867 4786 solo

71 4824 160 4885 inter
175 4824 307 4885 Satanae
323 4822 484 4884 satellites
500 4826 703 4894 remanente,
728 4839 868 4899 quorum

70 4936 159 4982 unus
186 4919 293 4981 adhuc
320 4919 537 4981 humanitatis
565 4920 692 4997 aliquid
722 4920 869 4981 retinens

71 5019 136 5079 sibi
153 5018 239 5080 dixit
249 5018 285 5079 in
300 5033 394 5085 aure,
409 5018 496 5094 quod
513 5016 672 5095 praefatus
696 5017 872 5094 Alberget·

72 5120 126 5179 tus
149 5132 225 5177 eum
254 5115 408 5178 mutilare
437 5115 577 5176 firmiter
595 5118 824 5193 proposuerat,
841 5117 871 5177 si

74 5230 113 5275 ea
139 5213 235 5275 nocte
262 5213 298 5274 in
320 5212 394 5290 ipso
414 5213 538 5290 palatio
562 5216 760 5285 remaneret,
784 5214 871 5276 unde

74 5313 162 5373 idern
188 5311 363 5389 episcopus
385 5310 425 5373 de
447 5312 520 5372 rire
542 5311 729 5388 iniquitatis
754 5312 871 5374 merito

75 5411 192 5487 iniqua
222 5425 437 5486 praesumens
461 5410 572 5471 stitim
592 5409 677 5486 fugit
699 5410 739 5470 ad
766 5411 873 5473 altare

114 5614 156 5685 (l)
173 5612 340 5686 Lugendum
353 5620 501 5685 putamus:
514 5612 596 5669 ostia.

679 256 906 327 EPISTOLAE.
929 262 1008 327 ala.
1033 266 1073 329 11.

1643 270 1703 333 alo

1616 336 1631 367 Ι

904 426 1042 505 majoris
1075 426 1233 490 Ecclesiae
1265 426 1472 493 vestimentis
1510 430 1544 491 et
1575 428 1702 493 calcea·

905 527 1025 587 mentis
1044 526 1208 598 omnibus,
1226 527 1312 603 quod
1337 528 1437 589 etiarn
1459 527 1569 589 dicere
1596 528 1702 605 pudor

905 626 966 691 est,
983 624 1144 701 spoliatus
1161 646 1169 685 ε
1185 624 1297 701 ibique
1311 641 1385 687 cum
1400 628 1526 701 septem
1541 626 1581 687 de
1594 626 1701 703 ipsius

905 722 970 783 loci
990 721 1161 783 canonicis
1182 724 1346 785 eteorum
1370 723 1497 785 familia
1520 724 1703 800 permansit

906 819 1012 880 tribus
1027 819 1143 881 diebus
1159 821 1192 883 et
1215 820 1367 882 noctibus
1394 821 1466 882 sine
1493 833 1589 898 pane,
1610 822 1700 895 rino,

906 933 1004 995 aqua,
1022 918 1054 979 et
1069 917 1219 979 omnibus
1234 918 1412 987 alimentis,
1428 918 1536 979 valvis
1552 920 1703 981 ecclesiae

907 1015 1048 1077 confixis
1063 1016 1167 1077 clavis
1182 1016 1300 1077 ferreis
1315 1016 1356 1077 de
1377 1016 1470 1086 foris,
1485 1032 1526 1077 ne
1541 1017 1623 1093 ipsis
1640 1033 1703 1094 pa-

907 1115 992 1175 teret
1006 1130 1171 1189 egressus,
1187 1115 1219 1176 et
1229 1114 1419 1176 custodibus
1432 1114 1596 1191 deputatis
1612 1117 1703 1177 circa

908 1211 1013 1287 ipsam
1030 1211 1205 1272 ecclesiam
1216 1227 1258 1272 ne
1273 1227 1334 1288 per
1345 1213 1507 1273 fenestras
1522 1212 1629 1289 panis,
1646 1212 1705 1274 aut

908 1308 1055 1369 edulium
1086 1308 1176 1369 aliud
1201 1309 1391 1370 inferretur.
1421 1312 1591 1371 Postremo
1615 1309 1703 1371 idem

908 1408 1083 1483 episcopus
1111 1406 1144 1467 in
1175 1406 1366 1483 hujusmodi
1401 1408 1518 1468 mortis
1547 1408 1703 1483 angustia

908 1504 1047 1578 positus,
1062 1503 1150 1564 facta
1171 1504 1409 1581 protestatione
1429 1519 1543 1565 coram
1559 1504 1630 1580 ipso
1648 1504 1705 1565 al·-

908 1600 984 1670 tari,
1011 1604 1043 1663 et
1064 1601 1235 1662 canonicis
1260 1600 1446 1671 antedictis,
1475 1617 1517 1663 ne
1546 1602 1705 1679 praejudi-

909 1701 1000 1760 caret
1014 1698 1165 1760 ecclesiae
1181 1698 1267 1774 quod
1282 1700 1350 1760 tam
1369 1700 1460 1760 certo
1477 1700 1592 1760 mortis
1614 1701 1705 1762 metti

909 1797 1019 1857 facere
1034 1792 1222 1871 cogebatur,
1238 1796 1416 1868 consensit,
1439 1796 1474 1857 ut
1495 1798 1634 1858 mortem
1649 1796 1704 1857 ef·

910 1893 1048 1970 fugeret,
1063 1893 1142 1956 dicti
1159 1894 1341 1969 Albergetti
1356 1893 1569 1970 petitionibus
1584 1910 1706 1969 supra-

910 1991 1019 2053 dictis.
1046 1991 1208 2053 Praefatus
1224 2007 1302 2053 vero
1324 1990 1454 2067 legatus
1476 2007 1551 2052 oum
1575 1991 1648 2052 haec
1663 1991 1704 2052 ad

911 2105 1010 2151 aures
1025 2092 1098 2166 ejus
1118 2084 1273 2166 impietas
1290 2089 1505 2167 pervenisset,
1527 2088 1568 2150 ad
1593 2092 1703 2151 Seno-

910 2187 1104 2263 galliensem
1122 2188 1290 2249 civitatem
1312 2187 1454 2248 festinus
1473 2186 1646 2258 accedens,
1669 2187 1706 2249 in

911 2286 1020 2362 ipsum
1042 2287 1246 2361 potestatem.
1270 2285 1429 2347 ettotam
1457 2284 1633 2346 consilium
1657 2284 1708 2346 ci-

911 2383 1024 2445 vitatis
1040 2382 1200 2444 Fanensis
1216 2383 1409 2444 solemniter
1419 2382 1641 2458 promulgarit
1652 2398 1708 2443 ex·

912 2478 1219 2540 communicationis
1230 2478 1440 2550 sententiam,
1449 2478 1542 2539 salua
1553 2494 1593 2539 ea
1608 2482 1708 2555 quam

912 2592 971 2653 pro
1000 2576 1086 2638 facto
1111 2575 1257 2652 praefatae
1289 2575 1635 2652 Forosemproniensis
1657 2590 1709 2637 ac·

913 2674 1023 2734 clesiaa
1036 2674 1158 2735 tulerat
1173 2674 1207 2734 in
1221 2672 1364 2735 eosdem.
1382 2672 1473 2733 Licet
1486 2670 1590 2747 igitur
1611 2686 1708 2747 poena

913 2772 1062 2832 severior
1085 2771 1186 2832 tantis
1212 2770 1388 2832 deberetur
1416 2768 1620 2840 excessibus,
1646 2784 1708 2830 nos

914 2872 1023 2931 tamen
1038 2868 1162 2929 mitiori
1187 2869 1327 2940 utentes,
1353 2868 1394 2928 ad
1417 2860 1710 2944 praesens'praefati

914 2966 1014 3043 legati
1030 2967 1229 3028 sententiam
1244 2965 1641 3043 auctoritateApostolica
1653 2978 1712 3024 ro-

914 3066 1081 3135 boramus,
1094 3068 1125 3126 et
1142 3065 1308 3125 civitatem
1325 3064 1516 3139 prmdictam
1532 3061 1712 3124 districtis-

916 3164 999 3224 simo
1012 3161 1206 3239 subjicimus
1227 3161 1412 3223 interdicto.
1434 3161 1648 3237 adjicientes
1674 3159 1711 3220 ut

916 3256 1073 3334 praefatus
1102 3254 1311 3330 albergarias
1352 3257 1385 3316 et
1417 3253 1594 3329 complices
1619 3254 1709 3329 ejus,

916 3356 1016 3417 ctiam
1032 3354 1124 3414 finito
1147 3353 1199 3412 sui
1214 3352 1386 3429 regiminis
1407 3354 1566 3428 tempore,
1582 3349 1712 3411 nibilo-

916 3453 1027 3513 minus
1049 3452 1163 3513 eadem
1188 3451 1352 3512 sententia
1376 3451 1563 3521 teneantur,
1591 3463 1652 3509 nec
1669 3446 1712 3508 ab

917 3566 957 3611 ea
973 3550 1100 3626 possint
1112 3548 1251 3620 absolvi,
1266 3548 1331 3608 nisi
1347 3547 1567 3625 personaliter
1579 3546 1713 3623 proptor

917 3648 980 3708 hoc
995 3648 1036 3709 ad
1064 3647 1182 3708 sedem
1206 3647 1359 3707 uenerint
1383 3645 1618 3722 apostolicam,
1645 3641 1713 3703 nisi

918 3746 1031 3807 forsan
1053 3746 1087 3806 in
1109 3745 1225 3806 mortis
1245 3744 1387 3806 articulo
1411 3742 1598 3817 constituti3
1622 3758 1712 3803 uxo-

918 3861 989 3906 rem
1014 3859 1155 3921 quoque,
1180 3859 1220 3904 ac
1248 3842 1409 3904 familiam
1437 3844 1510 3918 ejus
1539 3840 1713 3903 sententiae

919 3941 1113 4020 subjicimus
1139 3941 1328 4029 interdicti,
1345 3940 1541 4002 arrctoritate
1565 3954 1715 4017 praeseu-

919 4040 1001 4102 tium
1015 4039 1215 4111 inhibentes,
1228 4041 1264 4102 ut
1274 4039 1421 4117 quandiu
1441 4037 1639 4115 saepedictus
1649 4037 1713 4098 lll-

919 4139 1086 4215 bergettus
1106 4138 1140 4198 in
1169 4138 1282 4215 aliqua
1306 4137 1452 4210 civitate,
1482 4135 1630 4207 castello,
1654 4150 1716 4195 sea

919 4237 999 4298 uilla
1010 4236 1230 4313 personaliter
1249 4235 1359 4304 fuerit,
1381 4235 1493 4295 nullus
1506 4233 1552 4294 ibi
1567 4233 1716 4294 divinum

920 4335 1101 4412 praesumat
1115 4333 1258 4394 odicium
1285 4331 1466 4403 celebrare,
1487 4332 1520 4393 et
1534 4332 1564 4391 si
1585 4330 1659 4407 quis
1684 4329 1715 4390 ei

920 4432 1064 4509 alicujus
1089 4430 1301 4507 obligationis
1323 4429 1457 4491 vinculo
1474 4431 1526 4490 est
1537 4426 1716 4489 adstrictus

922 4547 988 4593 non
1013 4530 1169 4592 teneatur
1192 4528 1299 4590 eidem
1320 4527 1368 4589 sic
1386 4527 1489 4604 ligato
1505 4526 1717 4604 aliquatenus

922 4627 1134 4707 respondere.
1150 4626 1198 4689 ltd
1212 4627 1284 4688 haec
1296 4625 1357 4687 sub
1378 4640 1476 4702 paena
1488 4621 1719 4685 excommuni-

923 4727 1064 4789 cationis
1087 4724 1333 4788 distriotissime
1356 4722 1555 4793 inhibemus,
1584 4735 1627 4780 ne
1650 4719 1718 4781 ali-

924 4839 988 4900 qua
1003 4822 1133 4889 civitas,
1159 4819 1342 4891 castellum,
1360 4835 1419 4879 seu
1446 4817 1525 4879 villa
1556 4815 1719 4893 saepedic-

923 4924 993 4982 tum
1015 4918 1241 4995 albergettum
1265 4918 1333 4978 ullo
1349 4930 1494 4994 uuquam
1513 4916 1660 4993 tempore
1683 4913 1718 4973 in

924 5018 1099 5089 rectorem,
1117 5032 1176 5077 seu
1191 5016 1386 5092 potestatem
1404 5012 1562 5083 assumat,
1583 5012 1720 5072 senten-

926 5117 989 5177 tias
1003 5116 1032 5176 si
1047 5130 1129 5191 quas
1152 5113 1237 5176 forte
1256 5113 1355 5184 idem,
1380 5112 1432 5174 vel
1459 5111 1581 5189 aliquis
1604 5110 1722 5171 aucto-

926 5215 1025 5276 ritate
1043 5213 1149 5291 ipsius
1173 5211 1358 5290 protulerit,
1375 5210 1522 5288 quandiu
1548 5208 1649 5270 fuerit
1671 5207 1721 5269 sic

928 5312 1062 5387 ligatus
1079 5311 1294 5372 decernentes
1315 5310 1430 5370 irritas
1441 5309 1474 5370 et
1488 5307 1615 5378 inanes,
1628 5305 1720 5366 nullo

928 5426 1073 5489 unquam
1083 5411 1229 5487 tempore
1241 5407 1401 5469 valituras
1415 5428 1421 5468 ε
1439 5406 1499 5467 sub
1511 5421 1606 5483 poena
1620 5403 1721 5465 etiam
