3802 6166
114 310 185 369 dee.

114 470 219 529 Deum
239 460 299 546 (1).
322 466 486 537 Quocirca
498 463 690 525 discretioni
712 462 832 525 vestrae
854 477 914 539 per

113 563 305 641 Apostolica
320 563 443 640 scripta
459 562 665 632 mandamus
683 563 847 639 quatenus
857 574 913 621 re-

113 679 189 739 gem
217 661 325 739 ipsum
354 661 482 722 adhoc
511 659 674 721 moneatis
687 659 866 736 prudenter
880 661 913 719 et

113 759 296 820 efficaciter
320 759 496 821 inducatis,
523 758 614 830 Quod
637 757 665 817 si
697 772 763 817 non
785 771 909 827 omrres,

112 857 180 918 duo
201 858 361 927 vestrum,
379 858 442 918 etc.
459 857 577 918 Datum
595 854 762 926 Laterani,
778 855 823 914 ΙΙΙ
837 852 912 912 idus

112 954 211 1028 febr„
223 954 433 1031 pontificatus
448 954 553 1016 nostri
568 968 658 1014 anno
675 951 831 1013 secundo.

155 1100 192 1157 ln
218 1097 369 1158 eumdem
391 1096 524 1158 modum
546 1095 704 1173 scriptum
728 1095 778 1155 est
805 1093 912 1155 eidem

112 1210 198 1271 regi.

430 1338 601 1425 CXXXV

142 1496 197 1554 Ad
210 1495 357 1563 eosdem,
373 1492 412 1553 art
425 1506 544 1565 supro,
559 1490 695 1551 abbates
710 1490 887 1551 clarevel-

403 1594 541 1660 lcusrm‚
561 1588 623 1649 etc.

411 1721 442 1777 ll
456 1718 526 1777 febr.
539 1719 618 1776 1218.

200 1838 335 1900 [bouquet
344 1835 447 1887 Recucil
464 1834 507 1884 des
519 1835 590 1891 hist,
599 1840 621 1884 t.
633 1833 700 1891 XIX,
718 1847 744 1897 p.
757 1830 823 1889 6535

334 1917 433 1979 llagcst.
444 1915 489 1965 lib.
501 1916 533 1972 ll,
547 1915 619 1978 epist.
628 1914 696 1976 eoo]

112 2023 270 2082 Dissidium
298 2021 422 2103 habente
448 2022 647 2080 Aurelianensi
677 2021 812 2093 episcopo
845 2034 911 2077 cum

149 2112 275 2185 quodam
294 2115 415 2180 Ioanne,
431 2111 629 2169 Aureliaueusi
646 2110 745 2178 milite,
761 2110 840 2183 regis
863 2108 911 2165 iro

149 2203 230 2259 mine
252 2202 331 2275 ligio,
353 2200 480 2274 episcopi
500 2215 618 2258 causam
639 2200 700 2273 agit
715 2202 744 2257 in
759 2197 814 2256 hac
833 2199 908 2271 epis·

149 2292 208 2347 tola
224 2290 367 2347 lionorius
377 2289 514 2347 advorsus
529 2302 627 2362 regem
638 2303 704 2345 cum
715 2287 911 2345 moderamine

149 2386 248 2437 tamen
260 2386 289 2436 ct
303 2379 424 2436 cautela.

155 2506 322 2567 Honorius
335 2506 547 2582 episcopus...
564 2504 692 2567 dilectis
703 2503 781 2565 filiis
795 2504 912 2565 Clare-

114 2604 269 2675 vallensi,
284 2604 543 2665 Morimondensi
557 2604 591 2664 et
602 2606 638 2663 Β.
652 2603 768 2664 Mariae
783 2603 823 2664 de
833 2606 913 2663 Bur·

114 2702 268 2777 gomedio
294 2701 453 2773 Blesensi,
479 2701 667 2773 abbatibus,
693 2700 912 2777 Lingonensis

116 2802 150 2862 et
164 2800 376 2861 carnotensis
388 2799 578 2870 dioecesum,
590 2800 652 2859 etc.

159 2896 310 2974 Suscepti
326 2910 405 2957 cura
419 2895 592 2971 regiminis
608 2910 668 2954 nos
687 2894 815 2955 anobis
830 2893 912 2954 adeo

117 2997 327 3073 peregrinari
335 2996 502 3071 compellit
512 2994 707 3057 etdistrabit
717 2996 756 3057 ad
767 2996 911 3065 diversa,

117 3096 154 3155 ut
178 3109 265 3170 saepe
289 3093 445 3154 membris
470 3093 732 3170 quiescentibus,
750 3094 912 3157 affectatae

116 3192 222 3269 quieti
243 3192 355 3253 noster
369 3207 485 3269 parum
501 3191 632 3251 animus
645 3191 846 3267 acquiescat,
860 3192 915 3251 in-

116 3289 230 3366 quieta
248 3288 341 3365 quasi
357 3287 580 3350 sollicitudine
593 3288 767 3363 rogitando
783 3304 856 3365 quae
871 3288 912 3349 ad

117 3385 369 3447 subventionem
390 3385 620 3457 ecclesiarum,
643 3401 758 3461 pacem
784 3386 912 3460 princi·

117 3501 196 3561 pum
219 3486 252 3545 ct
275 3484 415 3547 salutem
436 3484 602 3560 pertinent
621 3484 826 3560 populorum.
851 3487 915 3545 Su-

118 3598 178 3659 per
207 3581 325 3658 quibus
354 3582 562 3642 carissimum
590 3582 623 3641 in
650 3580 780 3641 Christo
810 3580 913 3640 filium

117 3682 268 3740 nostrum
283 3694 393 3753 regem
411 3681 613 3739 Francorum
635 3678 797 3739 illustrem
811 3678 915 3739 affec-

118 3782 213 3841 tuose
221 3793 388 3853 rogamus,
399 3778 528 3838 utinter
538 3777 621 3837 alias
632 3793 714 3855 quas
725 3776 916 3854 frequenter

118 3875 310 3938 celsitudini
320 3876 421 3951 regiae
432 3876 591 3937 mittimus
603 3876 740 3945 litteras,
749 3891 817 3947 eas,
831 3892 914 3953 quas

117 3974 306 4036 uuncvobis
317 3973 501 4048 dirigimus,
516 3973 706 4049 diligentius
717 3973 780 4034 sibi
794 3974 859 4049 legi
870 3973 916 4034 fa-

118 4074 185 4133 ciat
199 4073 232 4132 ct
243 4072 376 4148 exponi,
394 4087 533 4148 quarum
552 4073 648 4132 tenor
661 4072 787 4133 utinam
805 4071 915 4133 taliter

118 4171 287 4231 scribatur
297 4171 332 4231 in
343 4170 466 4231 scrinio
480 4169 591 4230 cordis
607 4170 669 4240 sui,
686 4170 721 4231 ut
734 4169 830 4231 famae
845 4186 914 4230 suae

118 4269 297 4331 consulens
325 4271 358 4330 et
377 4269 488 4338 saluti,
506 4268 578 4329 baec
602 4283 733 4344 semper
758 4268 914 4344 inopere

120 4367 414 4444 compleatquaead
429 4367 559 4427 laudem
571 4366 628 4426 Dei
638 4366 914 4427 etexaltationem

116 4467 244 4542 regiam
268 4466 400 4527 suaderi
431 4465 494 4526 sibi
524 4466 661 4541 paterno
690 4464 915 4526 desideremus

116 4565 256 4626 affectui
272 4564 365 4625 Tecti
380 4563 468 4625 enim
484 4579 598 4623 sumus
613 4561 727 4624 dolore
739 4563 849 4624 cordis
861 4564 916 4624 in-

116 4663 292 4733 trinsecus,
314 4661 412 4739 quod,
440 4677 539 4738 quum
565 4676 669 4737 usque
693 4660 734 4721 ad
754 4661 914 4722 terminos

116 4760 207 4822 orbis
233 4762 331 4822 terrae
361 4758 571 4821 consueverit
601 4759 801 4835 praedicari,
827 4758 914 4836 quod

152 4948 193 5021 (ll
207 4946 388 5015 oneratione
403 4945 553 5002 conciliate
569 4944 912 5013 transumptionem,

115 5020 253 5077 discimus
267 5033 302 5073 cx
316 5018 443 5089 episcopi
458 5016 557 5073 litteris
572 5031 643 5145 arras
656 5016 914 5074 recilatllarlcnius

115 5093 209 5149 lomi
227 5090 341 5145 tollen.
360 5087 454 5160 Ampl.
469 5088 523 5144 col.
542 5088 628 5144 ll‘t:

153 5185 163 5212 ι
178 5164 335 5225 Marrasscs,
346 5159 396 5217 ilci
409 5159 511 5231 gralia,
523 5158 737 5215 Aurelianensis
749 5158 911 5229 episcopus,

118 5256 129 5283 ι
151 5232 284 5290 currulrus
308 5238 462 5302 praesentes
484 5230 591 5286 litteras
611 5229 781 5300 inspecturis
792 5230 912 5286 salutem

117 5328 128 5355 ι
152 5306 179 5360 ἱιι
196 5304 327 5359 llumiuo.

152 5397 163 5424 ι
187 5373 302 5430 lt‘overit
312 5371 483 5429 universitas
493 5377 586 5426 vestra
602 5368 678 5442 quod
693 5384 746 5427 nos
757 5376 784 5426 et
797 5385 910 5427 succes-

116 5469 127 5495 «
152 5460 233 5501 sores
250 5445 337 5500 nostri
358 5443 577 5500 Aurelianenses
598 5443 735 5569 episcoXi,
752 5441 796 5497 vel
812 5442 850 5497 illi
865 5443 911 5513 qui

117 5539 128 5567 ι
151 5515 321 5573 uostroloco
336 5520 429 5581 eruut,
445 5513 684 5569 excellentissimo
711 5512 913 5569 omiuouoslro

117 5610 126 5633 ·
151 5587 222 5645 Phili
246 5602 281 5657 po
300 5586 400 5642 illustri
423 5587 594 5641 Francorum
611 5583 684 5656 regi,
703 5583 747 5640 vel
760 5582 823 5653 cius
835 5593 912 5640 cerlo

116 5680 127 5708 ι
151 5602 295 5724 rnneruto,
312 5662 441 5713 teunuur
454 5654 581 5722 reddero,
596 5654 630 5711 ad
651 5670 787 5728 inagnum
811 5655 868 5712 viar
885 5662 913 5713 ct

739 301 967 363 EPIS'l'OLAE.
991 302 1069 361 LIB.
1094 300 1136 359 n.

1701 304 1765 365 eso
1868 256 1872 263 .

967 475 1106 537 regnum
1132 460 1283 522 Franciac
1311 458 1507 521 defendebat
1534 475 1602 537 prae
1630 462 1762 523 cacteris

967 555 1080 618 mundi
1104 557 1217 634 regnis
1235 556 1496 619 ecclesiasticam
1510 556 1712 630 libertatem,
1729 562 1764 620 et

967 654 1127 715 ecclesias
1141 670 1181 716 ac
1195 655 1365 716 ministros
1378 670 1494 716 earum
1509 653 1544 715 in
1556 656 1625 717 suis
1641 655 1762 717 immu-

967 751 1125 813 nitatibus
1137 750 1343 824 confovebat,
1356 767 1422 813 non
1434 753 1540 813 solum
1553 752 1595 813 ad
1607 769 1683 813 suos
1697 770 1764 814 ma-

967 866 1046 911 num
1063 866 1133 911 sum
1149 849 1360 912 liberalitatis
1381 850 1575 922 extendens,
1588 851 1645 912 sed
1660 851 1762 913 etiam

966 947 1008 1009 ad
1028 948 1193 1026 quoslibet
1204 949 1290 1009 alios
1305 949 1363 1026 qui
1379 949 1643 1026 persecutionem
1655 951 1762 1026 patie-

965 1047 1088 1108 bantur
1096 1047 1409 1124 propterjustitiam,
1420 1063 1600 1124 eorumque
1616 1047 1761 1125 inopiam

966 1145 1145 1207 relevando
1171 1160 1307 1206 suarum
1325 1144 1529 1208 abundantia
1555 1144 1761 1220 facultatum

966 1258 1064 1314 nunc,
1091 1244 1235 1318 peccatis
1263 1242 1483 1318 exigentibus,
1510 1258 1552 1304 ne
1575 1242 1619 1305 sit
1643 1258 1762 1303 aurum

966 1356 1062 1400 suum
1075 1355 1272 1403 conversum
1291 1340 1325 1400 in
1340 1340 1482 1401 scoriam
1497 1341 1529 1402 ct
1542 1342 1687 1401 mutatus
1701 1357 1764 1417 op-

965 1438 1065 1499 timus
1084 1438 1177 1499 color
1200 1440 1283 1514 ejus,
1314 1438 1431 1499 merito
1458 1437 1637 1510 dubitatur,
1662 1454 1762 1514 quum

966 1534 1093 1611 lapides
1122 1536 1304 1597 sanctuarii
1331 1535 1563 1611 dispergantur
1581 1535 1703 1595 ibidem
1726 1535 1763 1595 in

966 1634 1074 1709 capite
1105 1632 1252 1693 omnium
1287 1632 1484 1709 platearum,
1513 1632 1668 1694 sathanae
1699 1632 1764 1693 mi-

966 1730 1082 1790 nistris
1132 1730 1266 1807 impune
1311 1728 1580 1806 impugnantibus
1624 1744 1762 1807 sponsos

966 1827 1090 1889 sanctae
1110 1829 1170 1888 Dei
1192 1825 1348 1889 Ecclesiae
1368 1842 1407 1888 ac
1429 1816 1611 1888 ministros.
1631 1829 1681 1889 Ex
1700 1827 1764 1888 boc

966 1942 1047 1987 sane
1072 1926 1232 2003 premitur
1259 1926 1291 1988 et
1321 1925 1473 1987 turbatur
1505 1925 1617 1986 anima
1649 1926 1763 1986 nostra

965 2023 1062 2085 valde
1072 2023 1171 2100 quod,
1183 2039 1282 2101 quum
1296 2024 1418 2100 praeter
1430 2038 1603 2084 commune
1617 2021 1763 2084 debitum

966 2135 1030 2198 quo
1046 2119 1159 2180 fideles
1178 2120 1347 2195 diligimus
1365 2120 1548 2192 universos,
1564 2118 1763 2180 excellentia

965 2218 1058 2294 regia
1080 2217 1123 2279 sit
1143 2217 1266 2279 nostris
1290 2217 1489 2279 inviscerata
1513 2215 1696 2278 visceribus
1720 2216 1762 2277 ab

966 2316 1102 2391 antiquo
1116 2314 1341 2376 inextricabili
1357 2315 1489 2376 vinculo
1505 2314 1666 2385 caritatis,
1683 2330 1763 2375 nos-

966 2413 1091 2489 traeque
1113 2411 1249 2475 deberet
1262 2412 1459 2488 benignitati
1483 2412 1623 2485 deferre,
1641 2413 1708 2490 qui,
1730 2412 1764 2473 ei

967 2511 1125 2589 quantum
1140 2527 1214 2571 cum
1230 2513 1297 2572 Deo
1311 2526 1487 2587 possumus
1502 2509 1691 2582 deferendo,
1707 2510 1762 2586 ip-

967 2624 1038 2668 sam
1053 2624 1183 2685 semper
1203 2608 1405 2669 intendimus
1417 2608 1583 2670 bonorare
1595 2606 1761 2668 honorifi-

967 2704 1076 2766 centia
1091 2705 1240 2782 speciali,
1257 2705 1345 2765 idem
1360 2719 1431 2776 rex,
1449 2706 1544 2782 quasi
1564 2706 1638 2782 plus
1653 2704 1762 2765 debito

967 2802 1007 2865 de
1023 2804 1135 2863 nostra
1150 2802 1327 2863 dilectione
1343 2801 1497 2874 confidat,
1518 2803 1571 2863 vel
1586 2801 1765 2879 pusillani-
1859 2872 1863 2879 Ι
1894 2778 1897 2785 ’

968 2901 1074 2962 mitati
1087 2900 1254 2962 adscribat
1267 2901 1388 2961 nostrae
1405 2899 1666 2960 rnansuetudiuis
1675 2900 1763 2961 leni-

967 2999 1066 3059 tatem
1079 2998 1114 3057 in
1130 2998 1236 3059 nostri
1251 2996 1500 3073 derogationem
1522 2997 1670 3066 honoris,
1688 2996 1761 3058 dis-

968 3095 1155 3156 simulando
1170 3095 1317 3157 creditur
1330 3094 1520 3170 permisisse
1533 3095 1646 3156 baccin
1659 3110 1764 3171 regno

968 3208 1029 3254 suo
1045 3193 1167 3253 nostris
1176 3190 1380 3268 temporibus
1393 3191 1503 3252 minus
1518 3190 1764 3253 rationabiliter

968 3288 1764 3367 attentari,quaenonmeminimusbactenustem·

970 3385 1105 3465 poribus
1120 3387 1262 3463 alicujus
1276 3386 1396 3447 ibidem
1412 3385 1515 3446 fuisse
1531 3386 1743 3463 praesumpta.

1010 3484 1137 3546 Relatis
1150 3484 1301 3561 equidem
1317 3482 1412 3544 nobis
1425 3498 1532 3560 nuper
1543 3482 1676 3559 injuriis
1690 3499 1765 3559 gra-

969 3582 1065 3644 vibus
1085 3583 1118 3647 et
1141 3582 1306 3659 pressuris
1330 3598 1412 3659 quas
1427 3580 1673 3642 venerabilibus
1694 3580 1766 3643 fra-

970 3679 1077 3741 tribus
1104 3679 1227 3741 nostris
1261 3680 1444 3751 Aniciensi‚
1469 3679 1701 3741 suessionensi
1733 3680 1767 3741 et

969 3777 1183 3840 Ambianensi
1199 3777 1375 3854 episcopis,
1399 3792 1438 3837 ac
1453 3792 1568 3837 eorum
1587 3776 1719 3838 clericis
1734 3778 1767 3838 et

970 3877 1121 3939 ecclesiis
1134 3878 1301 3951 irrogasse
1317 3875 1472 3937 dicuntur
1487 3875 1559 3948 filii,
1579 3890 1644 3936 nou
1659 3874 1767 3950 privi-

969 3975 1037 4050 gni,
1061 3974 1090 4035 si
1111 3976 1222 4035 taurea
1247 3973 1308 4033 filii
1325 3973 1444 4034 debent
1467 3973 1533 4033 dici
1552 3972 1619 4050 qui,
1645 3972 1768 4034 aflectu

970 4071 1119 4149 deposito
1130 4072 1236 4138 filiali,
1250 4071 1403 4133 hostilem
1415 4072 1561 4132 animum
1577 4070 1765 4143 induerunt,

951 4169 1027 4251 *vix
1041 4170 1208 4247 respirare
1225 4169 1401 4246 potuimus,
1424 4185 1525 4246 quum
1541 4169 1686 4245 pulsavit
1703 4184 1767 4229 ve-

970 4266 1130 4328 nerabilis
1152 4267 1265 4329 fratris
1281 4267 1386 4328 nostri
1407 4267 1659 4329 Aurelianensis
1678 4267 1769 4343 epis-

970 4366 1043 4442 copi
1068 4362 1115 4442 (2)
1137 4365 1280 4441 gemitus
1300 4380 1398 4425 aures
1422 4366 1564 4436 nostras,
1589 4365 1645 4441 qui
1668 4364 1764 4425 nobis

970 4461 1048 4523 fecit
1073 4462 1250 4539 diligenter
1277 4461 1399 4538 erponi
1426 4461 1636 4538 tyrannidem
1665 4477 1764 4539 quam

969 4560 1138 4622 Jolrannes
1162 4560 1257 4620 miles
1285 4559 1326 4620 de
1362 4559 1554 4619 Aurelianis
1587 4575 1662 4619 cum
1695 4558 1766 4619 suis

969 4657 1185 4734 complicibus
1206 4657 1241 4717 in
1256 4657 1365 4734 ipsum
1380 4659 1413 4718 et
1436 4657 1687 4718 commissarum
1702 4656 1768 4717 sibi

969 4756 1185 4816 ecclesiarum
1200 4754 1410 4833 presbyteros
1423 4756 1456 4815 et
1475 4754 1645 4815 ministros
1664 4768 1767 4815 ausus

971 4960 982 4988 ι
1004 4953 1132 5029 parvam,
1148 4940 1246 4996 turrim
1256 4953 1360 4995 novem
1370 4952 1455 5009 quam
1468 4936 1602 4994 edificari
1613 4936 1678 4994 fecit
1692 4937 1768 5011 apud

971 5032 981 5059 ι
1004 5010 1157 5076 soliacum,
1176 5010 1411 5083 quotiescumque
1428 5008 1558 5076 voluerit,
1573 5022 1638 5065 cum
1655 5023 1708 5065 uos
1723 5010 1767 5066 vcl

970 5101 981 5128 ι
1003 5095 1184 5139 successores
1198 5082 1295 5149 nostri,
1313 5082 1357 5136 vel
1374 5080 1413 5135 illi
1425 5080 1473 5151 qui
1495 5080 1556 5136 loco
1570 5081 1658 5136 nostri
1673 5088 1766 5150 erunt,

970 5172 981 5199 ι
1004 5150 1039 5207 ab
1051 5152 1112 5224 ipso
1124 5153 1169 5209 vel
1180 5154 1242 5225 ejus
1254 5151 1389 5208 mandato
1402 5166 1488 5223 supcr
1503 5149 1558 5207 boc
1568 5148 1705 5208 fuerimus
1720 5167 1765 5209 re·

970 5241 981 5268 ‹
1002 5224 1114 5294 quisili3
1128 5225 1164 5280 ita
1176 5231 1272 5280 lamen
1281 5222 1366 5306 quod,
1378 5230 1510 5278 cessante
1522 5222 1639 5293 negotio
1651 5237 1701 5305 pro
1710 5238 1768 5295 quo

970 5312 980 5339 ι
1004 5294 1103 5352 trarlila
1120 5294 1213 5362 fuerit,
1224 5302 1323 5351 turum
1339 5293 1470 5350 eamdem
1484 5294 1637 5349 cumomni
1652 5295 1769 5419 ruteffiri·

970 5384 980 5411 ι
1003 5370 1060 5421 talc
1081 5381 1135 5437 qua
1154 5381 1218 5423 eam
1239 5366 1386 5437 receperit,
1406 5363 1488 5420 nobis
1506 5371 1535 5421 et
1553 5366 1712 5421 successori
1734 5381 1770 5421 us

969 5454 980 5481 ι
1003 5438 1117 5504 nostris,
1137 5437 1182 5493 vel
1202 5444 1298 5492 nostro
1323 5436 1367 5492 vel
1387 5449 1585 5492 suceessorum
1605 5443 1768 5491 nostrorum

969 5533 980 5560 ι
1005 5506 1768 5591 mandatorestituat.ActumaunogratiaebiCCXVIll,

969 5604 980 5631 «
1003 5593 1102 5639 mense
1118 5594 1208 5651 Jumo.
1228 5600 1240 5629 ι

1002 5650 1044 5727 (2)
1060 5651 1210 5709 bannens
