3802 6166
118 278 181 338 513
243 276 249 283 '
750 270 979 335 EPISTOLAE.
1004 270 1082 331 LIB.
1107 268 1147 332 11.
1713 276 1773 337 all

119 438 306 509 institutus,
320 438 354 499 et
368 436 525 514 praedicta
541 434 683 498 ecclesia
698 436 807 498 sancti
821 436 924 499 Bene-
975 434 1068 510 tiam,
1080 433 1289 497 honestatem
1304 432 1519 497 etutilitatem
1534 432 1685 499 ecclesiae
1698 453 1773 501 cou-
1888 428 1894 439 “

119 538 202 599 dicti
218 538 252 598 in
268 553 332 614 qua
348 539 426 598 sunt
440 535 607 597 abbatissa
622 537 656 597 et
667 535 830 597 moniales
845 534 923 595 siant
976 534 1146 596 tinentem.
1181 533 1447 595 Praenomiuatus
1481 549 1561 595 vero
1596 533 1773 599 abbatissae

121 638 298 713 contiguae,
316 636 348 697 et
363 635 470 696 sancti
485 636 619 697 vedasti
633 635 773 697 ecclesia
789 650 848 713 pro
864 635 923 696 de-
976 638 1171 709 procurator
1179 647 1221 691 ex
1236 632 1375 693 adverso
1387 632 1568 709 respondit,
1581 634 1774 710 petitionem

120 736 208 799 lectu
237 735 380 809 alicujus
404 735 461 811 qui
487 734 645 810 praeesset
670 733 859 801 canonicis,
890 734 923 795 et
976 734 1048 807 ejus
1063 746 1129 791 non
1144 746 1217 791 esse
1233 729 1398 792 ullatenus
1415 730 1652 793 admittendam
1666 732 1777 797 multi·

120 833 332 911 quotidianos
347 832 435 893 inter
449 832 539 908 ipsos
551 847 713 893 excessus
728 830 920 906 corrigeret,
976 829 1055 905 plici
1068 829 1208 901 ratione,
1225 828 1389 898 videlicet,
1404 830 1481 907 quia
1493 832 1691 909 rescriptum
1705 833 1775 893 im-

121 933 292 1010 peteretur
315 930 349 989 in
374 929 603 1007 spiritualibus
627 932 660 991 et
687 928 922 1005 temporalibus
978 928 1141 1004 patratum
1155 926 1532 1001 suarattacitaveritate,
1550 930 1774 1007 scilicetquod

121 1047 187 1091 uon
205 1029 367 1090 modicam
388 1029 569 1100 laesionem,
593 1028 680 1089 idem
700 1028 923 1106 praedecessor
977 1041 1091 1087 curam
1118 1025 1171 1087 vel
1198 1025 1518 1087 administrationem
1548 1027 1695 1105 aliquam
1728 1028 1775 1091 ibi

121 1131 271 1189 noster...
303 1126 414 1189 abbati
438 1126 760 1197 praemonstratensi,
789 1128 822 1187 et
849 1128 922 1202 ejus
977 1126 1108 1200 gereret
1125 1123 1312 1200 abbatissa;
1342 1141 1442 1202 quum
1464 1124 1678 1203 inquisitores
1705 1128 1775 1189 suis

122 1226 261 1303 collegis
273 1227 342 1286 suls
357 1225 448 1286 dedit
462 1225 582 1286 litteris
595 1226 630 1286 in
644 1224 819 1296 mandatis,
836 1224 922 1285 utad
978 1222 1097 1283 litteris
1113 1224 1275 1293 asserant,
1299 1223 1385 1300 quod
1412 1222 1580 1285 abbatissa
1600 1224 1697 1300 gerit,
1714 1225 1773 1297 ibi,

122 1342 199 1386 eum
234 1324 454 1402 personaliter
481 1324 688 1392 accedentes,
718 1323 924 1399 0110311110-
978 1320 1252 1398 licetutcumque,
1270 1320 1416 1383 oitlcium
1438 1322 1631 1384 decanatus.
1649 1325 1775 1386 Etcum
1886 1348 1889 1355 ·

122 1424 225 1484 missa
250 1423 283 1483 et
310 1422 378 1483 alia
407 1438 480 1499 quae
510 1437 625 1499 pacem
661 1421 810 1482 ecclesiae
838 1436 922 1482 cou-
978 1416 1100 1481 sactum
1119 1418 1308 1497 hujusmodi
1329 1418 1531 1481 abbatissam
1548 1421 1779 1501 principaliter

122 1521 311 1597 tingebant,
349 1520 531 1583 statuerent
566 1536 639 1597 quae
669 1519 854 1591 honestati,
891 1519 924 1580 et
978 1517 1139 1593 tangeret,
1161 1533 1329 1594 nunquam
1351 1518 1459 1579 iuerat
1476 1520 1632 1594 evocata3
1649 1519 1777 1582 duobus

123 1619 261 1681 utilitati
295 1618 446 1680 ecclesiae
481 1620 719 1695 cognoscerent
753 1616 922 1695 expedire.
979 1616 1106 1676 tantum
1130 1614 1384 1692 inquisitoribus
1403 1632 1477 1677 cum
1494 1616 1598 1678 tribus
1617 1618 1778 1695 scriptum

125 1717 218 1789 Quod
234 1717 313 1778 licet
327 1716 418 1777 illius
433 1717 631 1779 auctoritate
645 1716 790 1778 mandati
805 1715 845 1777 ad
868 1731 926 1777 ec·
980 1711 1105 1785 luisset,
1127 1713 1227 1775 tertio
1251 1729 1287 1774 se
1311 1714 1502 1777 nullatenus
1524 1718 1705 1778 excusante
1726 1721 1779 1778 te-

124 1815 261 1877 clesiam
276 1816 383 1891 ipsam
397 1814 628 1886 accessissent,
648 1815 854 1892 postmodum
869 1815 923 1875 ta·
979 1826 1069 1871 mere
1085 1810 1339 1888 procedentibus
1360 1814 1435 1889 post
1457 1813 1715 1891 appellationem
1736 1814 1776 1875 ad

127 1930 202 1974 men
217 1913 368 1990 pluribus
389 1913 466 1974 aliis
490 1913 600 1974 causis
616 1912 924 1991 supervenientibus
981 1908 1099 1971 Sedena
1125 1910 1351 1986 apostolicam
1385 1910 1428 1971 ab
1464 1912 1580 1973 eadem
1610 1911 1779 1974 abbatissa

128 2010 313 2089 praepediti,
330 2010 509 2088 procedere
532 2012 565 2072 in
588 2011 777 2089 hirjusmodi
792 2011 925 2087 negotio
980 2007 1781 2087 taliterinterjectam‚neadaliquidprocederent

123 2110 362 2188 nequiverunt;
395 2110 579 2186 praesertim
613 2110 691 2187 quia
720 2108 854 2187 quidam
885 2108 926 2170 de
980 2104 1781 2184 quodineiuspraejudiciumredundaret.·Quare
1869 2108 1872 2113 '

122 2207 297 2269 canonicis
310 2205 466 2269 nolebant
480 2207 606 2285 aliquid
622 2223 723 2284 super
742 2206 924 2269 consuetu·
982 2204 1068 2265 idern
1097 2207 1293 2281 procurator
1317 2205 1358 2265 iis
1386 2209 1419 2267 et
1439 2206 1516 2266 aliis
1538 2207 1650 2269 multis
1672 2208 1780 2269 modis

122 2305 260 2366 dinibus
275 2305 425 2366 ecclesiae
449 2305 629 2367 immutari.
651 2308 822 2384 Quumque
839 2322 927 2383 prae·
980 2301 1110 2378 praelati
1132 2301 1312 2364 subdecani
1333 2302 1549 2366 intentionem
1567 2305 1778 2383 impugnans,

122 2404 204 2465 dicti
221 2403 323 2465 abbas
337 2405 370 2465 et
382 2403 518 2479 collegae
531 2404 636 2480 ipsius
655 2420 774 2465 causas
789 2404 925 2466 dilatio·
981 2400 1110 2463 dicebat
1125 2416 1191 2462 non
1209 2402 1323 2463 valere
1335 2402 1368 2463 id
1384 2403 1469 2479 quod
1484 2404 1535 2463 illi
1552 2403 1617 2465 duo
1632 2405 1790 2487 (11111113-Ι

123 2502 177 2563 nis
192 2502 382 2579 hujusmodi
407 2501 447 2562 ad
461 2502 665 2563 audientiam
680 2502 775 2563 Sedis
785 2504 927 2579 Aposto-
980 2501 1152 2562 cesserant
1165 2517 1265 2578 super
1279 2502 1493 2563 excusatione
1510 2502 1610 2573 tertii,
1627 2502 1781 2566 videlicet

124 2600 200 2662 licae
226 2600 296 2661 suis
318 2599 438 2661 litteris
463 2600 674 2672 detulissent,
695 2617 755 2662 nos
778 2600 925 2678 ipsarum
980 2598 1067 2675 quod
1081 2598 1195 2660 morbo
1212 2598 1384 2662 laborabat
1398 2600 1576 2662 incurabili
1593 2602 1779 2680 rescripse-

124 2701 241 2760 tenore
262 2698 411 2775 plenarie
426 2697 605 2771 intellecto,
621 2699 746 2760 eisdem
762 2699 874 2761 abbati
894 2702 927 2761 et
980 2697 1068 2770 runt,
1088 2714 1163 2759 cum
1183 2714 1284 2774 super
1303 2698 1365 2759 hoc
1385 2714 1445 2760 nec
1461 2699 1628 2776 publicum
1648 2702 1780 2763 instru-

123 2798 195 2874 ejus
208 2795 355 2872 collegis,
371 2797 493 2858 nostris
501 2796 652 2858 dedimus
663 2797 784 2859 litteris
794 2797 829 2857 in
840 2813 928 2874 prae-
981 2797 1138 2868 mentum,
1157 2812 1217 2857 nec
1232 2797 1337 2874 ipsius
1351 2797 1441 2859 tertii
1460 2797 1578 2861 litterae
1598 2803 1782 2876 appareant

126 2894 240 2971 ceptis,
262 2895 299 2955 ut
322 2910 388 2956 non
416 2898 606 2957 reverentes
629 2895 748 2958 taciem
768 2896 925 2967 bominis,
981 2894 1124 2973 alicujus
1144 2895 1247 2970 sigilli
1273 2896 1456 2959 authentici
1477 2896 1659 2960 munimine
1676 2898 1780 2961 robo-

126 2992 185 3052 sed
201 2992 360 3054 babentes
379 3008 447 3070 prae
462 2993 568 3055 oculis
586 2995 693 3055 solum
708 2997 823 3067 Deum,
840 3010 928 3071 prae-
981 2994 1074 3062 ratae,
1103 3010 1163 3055 nec
1184 2994 1384 3055 credendum
1399 2996 1443 3057 sit
1457 2996 1491 3056 11
1516 3012 1576 3057 suo
1592 2996 1677 3058 lacto
1691 2996 1779 3059 duo-

127 3090 208 3151 dicti
238 3090 492 3166 praedecessoris
516 3093 623 3154 nostri
648 3092 840 3154 mandatum
866 3092 928 3154 ad·
981 3090 1043 3151 bus
1052 3092 1230 3168 praedictis,
1246 3110 1345 3169 quum
1357 3093 1396 3154 de
1409 3109 1445 3155 se
1456 3094 1779 3157 terretestimonium

127 3189 268 3266 implere
292 3192 464 3264 curareut3
488 3190 748 3253 contradictores
770 3207 830 3268 per
844 3206 926 3252 cen·
982 3189 1168 3252 videantur.
1194 3190 1243 3251 Ad
1263 3191 1414 3252 ultimum
1428 3206 1521 3261 vero,
1539 3192 1706 3269 professus
1728 3196 1780 3257 est

123 3303 240 3348 suram
266 3287 526 3350 ecclesiasticam
552 3289 802 3366 compescendo.
835 3289 928 3351 Unde
983 3303 1018 3349 se
1038 3304 1104 3350 non
1122 3304 1218 3366 posse
1240 3289 1393 3350 sultlcere
1417 3290 1459 3350 ad
1474 3305 1609 3351 causam
1627 3292 1780 3354 tractau-

122 3386 273 3447 volentes
299 3389 467 3464 tamquam
501 3387 561 3447 11111
597 3387 794 3449 obedientiae
828 3404 929 3465 super
982 3385 1069 3453 dum,
1095 3385 1208 3464 utpote
1231 3386 1272 3447 ad
1295 3387 1587 3449 contradicendum
1616 3390 1649 3450 et
1668 3389 1779 3467 impe-

124 3484 166 3544 iis
203 3485 381 3561 procedere
396 3485 559 3558 ordinate,
581 3486 622 3546 de
642 3486 820 3547 multorum
843 3502 926 3563 pru·
982 3483 1136 3545 trandum
1180 3485 1406 3546 tandummodo
1451 3486 1659 3559 destinatus,
1706 3487 1785 3551 licet

123 3582 261 3644 dentum
284 3584 432 3645 uirorum
461 3584 618 3656 consilio,
646 3584 799 3661 diligenti
828 3600 928 3662 super
983 3582 1154 3643 consessus
1167 3581 1267 3644 suerit
1281 3582 1483 3644 abbatissam
1499 3584 1684 3661 appellasse
1695 3602 1785 3663 prae·

125 3682 214 3742 statu
234 3682 400 3758 praedictae
423 3683 529 3744 sancti
546 3683 682 3744 vedasti
699 3683 849 3744 ecclesiae
870 3683 926 3744 in·
982 3679 1116 3753 dictam,
1133 3681 1219 3742 sicut
1242 3681 1277 3741 in
1298 3681 1561 3757 praecedentibus
1581 3683 1781 3745 coritinetur.

124 3779 303 3855 quisitione
327 3779 522 3857 praehabita,
545 3781 631 3843 sicut
650 3782 788 3858 apparet
806 3797 848 3842 ex
872 3781 929 3842 lit·
983 3778 1230 3855 Obiectionibus
1253 3795 1333 3840 uero
1368 3779 1558 3857 hujusmodi
1585 3797 1781 3859 responsum

124 3876 207 3937 teris
233 3878 424 3939 eorumdem
453 3878 631 3940 abbatissae
660 3878 819 3956 praelatae,
854 3896 927 3958 quae
982 3877 1591 3955 01311111313111011311311303330
1616 3896 1682 3942 non
1703 3880 1781 3943 iue-

124 3974 162 4035 in
188 3974 366 4051 saepedicta
396 3976 503 4037 sancti
532 3976 667 4038 vedasti
695 3977 837 4039 ecclesia
870 3978 926 4039 ut·
981 3978 1035 4037 rat
1050 3975 1083 4036 in
1097 3976 1219 4037 litteris
1233 3977 1431 4054 apostolicis
1447 3976 1487 4038 de
1504 3978 1661 4055 praedicta
1679 3978 1783 4041 abba-

122 4088 267 4149 cumque
294 4073 474 4136 decanatus
497 4075 584 4150 gerit
608 4075 771 4147 osticium,
799 4078 926 4137 certum
981 4073 1063 4134 tissa
1088 4074 1289 4136 mentionem
1313 4075 1442 4148 baberi,
1473 4077 1657 4153 presertim
1678 4094 1778 4155 quum

122 4170 213 4231 diem
254 4187 314 4248 pro
346 4172 487 4235 termino
530 4173 761 4250 praetlxerunt‚
791 4190 857 4251 quo
892 4174 927 4235 in
981 4171 1081 4233 iidem
1107 4173 1313 4249 postulantes
1336 4190 1405 4235 suae
1425 4176 1546 4237 statum
1562 4177 1713 4238 ecclesiae
1724 4191 1781 4237 re·

122 4269 232 4330 sancti
259 4269 394 4331 vedasti
407 4270 560 4342 ecclesia,
583 4272 680 4348 prout
696 4272 854 4349 expedire
869 4272 926 4333 vi·
982 4270 1130 4343 formari,
1154 4272 1345 4332 nullatenus
1372 4272 1582 4335 intenderent
1601 4290 1775 4346 enervare,

121 4365 258 4438 debant,
282 4367 493 4431 instituerent
515 4369 750 4431 subdecanum.
770 4369 832 4432 Sed
846 4371 927 4448 quia
982 4367 1780 4446 immejuvarepotiusjurisdictionemabbatissae

120 4466 209 4542 ipsa,
233 4466 307 4541 post
330 4466 478 4543 elapsum
498 4467 585 4528 diem
601 4469 633 4529 et
651 4468 842 4540 terminum,
869 4486 928 4547 per
982 4466 1159 4543 praedictae,
1186 4467 1272 4528 sicut
1300 4483 1342 4527 ex
1363 4483 1403 4527 eo
1428 4466 1602 4532 manifeste
1628 4470 1778 4547 apparet.

121 4562 347 4641 quadraginta
362 4564 433 4625 dies
455 4581 475 4626 a
491 4566 658 4643 praedictis
672 4566 927 4643 inquisitoribus
982 4564 1068 4641 quod
1083 4581 1157 4626 cum
1170 4564 1338 4626 abbatissa
1358 4581 1424 4627 non
1439 4568 1641 4643 competeret
1665 4583 1779 4629 0111311

119 4663 926 4741 expectata,corameisrenuitcomparere,iidem
981 4678 1099 4738 gerere
1113 4665 1312 4735 animarum,
1328 4663 1406 4725 talis
1421 4680 1563 4742 persona
1584 4665 1694 4726 extitit
1706 4665 1779 4726 ins-

117 4762 220 4837 junta
237 4759 376 4822 sormam
390 4761 545 4838 rescripti
564 4762 745 4840 apostolici
762 4763 927 4826 honestati
981 4760 1089 4833 tituta,
1104 4777 1177 4839 quae
1197 4762 1238 4823 ad
1253 4761 1574 4824 administrationem
1590 4762 1780 4840 hujusmodi

120 4861 154 4920 et
164 4857 301 4919 utilitati
310 4859 462 4921 ecclesiae
473 4861 649 4936 providere
659 4861 820 4934 volentes,
837 4877 927 4923 eam·
983 4858 1167 4921 faciendam
1187 4860 1250 4921 luit
1269 4860 1438 4921 sulliciens
1454 4862 1487 4922 et
1509 4861 1693 4937 condigna3
1716 4878 1779 4925 nec

122 4956 509 5018 113111.111)113031111
541 4959 576 5019 in
606 4960 787 5021 memorata
821 4962 928 5023 sancti
982 4956 1133 5019 obstabat
1146 4956 1228 5017 illud
1248 4957 1277 5017 si
1292 4957 1465 5019 excusatio
1481 4957 1570 5019 tertii
1586 4974 1652 5019 nou
1671 4960 1780 5021 conti-
1852 4982 1855 4987 ·

124 5053 263 5117 vedasti
292 5054 434 5117 ecclesia
456 5057 594 5133 provide
618 5058 817 5130 statuerunt,
842 5046 927 5121 sicut
982 5054 1122 5116 uebatur
1144 5055 1573 5133 inpublicoiustrumento‚
1592 5058 1781 5135 1111111113-

122 5153 156 5211 in
177 5167 293 5213 eorum
316 5152 447 5226 litteris,
473 5154 642 5233 inquibus
664 5156 763 5217 eliam
779 5157 846 5217 alia
862 5172 926 5218 ex·
982 5154 1148 5215 trumenta
1167 5153 1357 5232 hujusmodi
1377 5169 1443 5213 non
1466 5154 1548 5216 liant
1572 5153 1606 5215 in
1629 5156 1779 5232 partibus

123 5250 325 5326 primuntur,
343 5255 561 5329 propterquae
577 5254 619 5315 ad
636 5253 669 5314 id
685 5253 928 5317 rationabiliter
982 5251 1173 5323 Gallicanis,
1190 5251 1249 5313 sed
1264 5250 1345 5313 satis
1357 5250 1656 5315 debebatsusricere
1671 5254 1700 5315 si
1712 5254 1779 5317 duo

122 5347 252 5410 inducti
268 5348 411 5422 luerunt,
426 5350 558 5427 plenius
574 5352 771 5413 continetur.
981 5350 1014 5411 id
1047 5349 1133 5428 quod
1163 5349 1203 5412 de
1237 5348 1336 5411 tertio
1361 5350 1489 5427 collega
1510 5351 1680 5426 sciebant,
1707 5354 1778 5415 suis

163 5449 274 5519 Quare
296 5450 497 5510 memoratus
514 5452 544 5511 J.
563 5450 751 5527 postulabat
765 5450 928 5513 instanter
981 5448 1102 5510 litteris
1116 5446 1333 5519 testabantur,
1355 5447 1474 5527 quibus
1489 5447 1721 5512 debebatlldes
1743 5452 1779 5513 in

125 5544 369 5606 ordinationem
385 5546 426 5607 de
441 5547 513 5624 ipso
527 5547 708 5609 eteoclesia
719 5548 839 5610 iactam
852 5564 928 5610 auc·
983 5547 1023 5607 iis
1036 5549 1069 5608 et
1078 5546 1155 5607 aliis
1172 5544 1336 5619 adhiberi,
1348 5547 1531 5623 praesertim
1545 5564 1644 5627 quum
1657 5548 1693 5609 in
1705 5564 1781 5626 pau

124 5643 684 5721 11111310110110110300111111311,
702 5647 927 5725 utpotejusti-
980 5644 1069 5706 tibus
1098 5643 1166 5706 illis
1188 5643 1274 5706 lama
1295 5645 1480 5707 communis
1507 5644 1627 5707 babeat
1645 5646 1779 5707 tertium

269 5788 385 5833 111111..
406 5778 538 5835 1011111.
1550 5790 1554 5795 ·
1604 5776 1638 5834 11
