3802 6166
66 276 123 339 iili

67 442 164 517 ciuus
194 438 246 501 est
272 436 423 499 Christus
446 434 565 513 caput,
596 434 745 512 corporis
770 438 866 515 cujus

67 536 193 614 singuli
209 552 322 597 sumus
338 534 495 607 membra,
509 534 622 596 forsan
631 535 694 596 hac
703 535 774 612 ipsa
783 534 866 596 liora

66 637 216 715 gloriosa
241 650 301 713 pro
329 633 394 695 ilde
418 633 540 694 Glrristi
560 634 742 694 certamina
763 634 864 705 ineat,

67 735 204 810 suisque
220 724 374 794 diflidens
388 726 528 803 viribus,
546 747 584 793 ac
600 731 640 792 de
654 732 723 793 sola
734 732 867 793 virtutis

68 829 217 912 [divinae]
234 830 449 892 miseratione
470 829 651 901 conlidens,
668 831 709 891 ad
730 828 831 891 eamt
849 862 868 875 -

67 930 165 991 cilius
175 928 417 1006 impetrandam
428 925 616 988 nostrarum
626 927 786 1001 suffragia
796 941 868 986 ora·

66 1029 194 1090 tionum
202 1028 377 1103 exposcat?
393 1029 479 1087 Sane
494 1041 652 1091 noscam
668 1025 709 1085 ad
720 1026 866 1086 nostram

66 1125 257 1202 pervenerit
280 1124 432 1185 notitiam
456 1124 532 1185 illos
551 1139 610 1200 per
630 1126 755 1185 terram
775 1138 867 1199 prae-

66 1224 189 1284 dictam
205 1218 360 1294 intrasse,
377 1222 523 1282 animam
534 1225 680 1283 nostram
692 1220 868 1281 etl'mlimus

68 1338 181 1383 coram
195 1324 273 1391 Deo,
290 1318 383 1380 illum
396 1335 456 1397 per
470 1320 578 1397 ipsum
590 1320 625 1380 in
645 1320 868 1396 lacrymarum

66 1419 237 1480 effluentia
252 1418 478 1495 deprecantes.
493 1416 542 1489 Et,
568 1418 646 1495 quia
664 1417 704 1478 de
728 1417 867 1478 merito-

66 1534 142 1578 rum
169 1516 328 1594 qualitate
367 1515 615 1587 diffidebamus,
645 1516 712 1577 tam
743 1516 869 1576 olerum

69 1632 169 1692 quam
186 1615 341 1691 populum
359 1613 457 1677 Urbis
470 1614 724 1676 convocavimus
735 1614 770 1675 iu
785 1613 871 1674 basi-

67 1714 138 1773 lica
162 1712 357 1784 salvatoris,
374 1714 473 1789 atque
490 1712 565 1773 inde
588 1712 630 1773 ad
645 1712 870 1774 venerandam

68 1811 222 1887 gloriosae
251 1810 367 1873 matris
396 1814 468 1887 ejus
503 1811 696 1883 Ecclesiam,
724 1809 870 1887 praelatis

70 1909 234 1987 capitibus
248 1909 421 1971 beatorum
445 1910 536 1971 Petri
560 1912 593 1971 et
608 1909 715 1981 Pauli,
732 1907 871 1986 pedibus

68 2008 179 2079 nudis,
197 2006 491 2085 processionaliter
509 2008 642 2079 ivimus,
661 2008 696 2068 ut
711 2006 869 2084 praetatis,

67 2110 152 2170 Jesu
167 2106 290 2167 Christi
305 2122 444 2167 assensu
460 2108 492 2167 et
518 2109 589 2183 ejus
612 2106 790 2167 Genitricis
811 2104 873 2166 ob-

67 2206 176 2277 tentu,
202 2220 383 2282 supernum
411 2205 665 2281 impetraremus
695 2203 869 2275 auxilium,

68 2303 208 2381 adquod
224 2305 336 2364 nostra
353 2319 418 2363 non
433 2302 586 2363 sulficere
602 2303 721 2364 merita
737 2302 870 2363 scieba-

68 2418 157 2462 mus.
181 2403 314 2473 Verum,
348 2401 425 2478 quia
452 2416 512 2477 per
539 2416 596 2461 eos
630 2400 733 2461 totius
759 2400 871 2478 populi

70 2499 250 2561 christiani
269 2499 436 2577 negotium
451 2499 590 2574 geritur,
609 2513 712 2575 quare
736 2498 872 2573 dignum

72 2600 124 2659 est
152 2597 188 2658 ut
216 2597 257 2658 ad
285 2596 490 2658 exorandum
517 2613 576 2675 pro
600 2597 650 2657 eis
670 2595 872 2657 christianus

70 2695 214 2772 quilibet
235 2696 270 2755 in
283 2695 433 2757 oratione
446 2695 675 2772 prosternatur
689 2695 870 2767 humiliter,

72 2797 210 2871 propter
233 2795 296 2856 boc
322 2795 552 2871 processiones
576 2794 611 2854 in
633 2793 773 2869 singulis
788 2795 874 2855 civi-

72 2891 197 2953 tatibus
237 2893 271 2954 et
308 2893 385 2953 aliis
420 2891 503 2954 locis
535 2892 571 2952 iu
595 2891 715 2970 quibus
737 2892 874 2953 011110-

75 2991 210 3067 queutia
219 2990 427 3068 populorum,
438 2990 544 3067 prima
558 2992 652 3051 sexta
663 2988 747 3052 teria
760 2992 875 3067 cujus-

75 3087 872 3165 libetmeusisprovidimusiaeiendas3sperantes

73 3185 873 3264 quodillequitiictataminNinivitissententiam,

72 3300 190 3346 eorum
214 3282 445 3346 humiliatione
467 3285 654 3361 conspecta,
678 3283 874 3344 misericor-

73 3383 161 3444 diter
181 3383 371 3456 revocavit3
401 3382 534 3459 quique,
547 3397 613 3442 uno
628 3382 742 3458 Moyse
758 3383 875 3441 orante

74 3495 136 3558 pro
151 3480 283 3557 populo,
293 3481 515 3541 Amalecbitas
525 3479 688 3541 convertit
702 3479 737 3540 in
750 3477 873 3554 sugam,

75 3581 109 3642 et
136 3578 240 3640 solem
268 3581 368 3641 losne
397 3577 549 3655 precibus
578 3578 666 3638 stare
696 3575 794 3650 tecit3
820 3576 876 3654 qui

77 3677 220 3754 denique
243 3693 323 3738 suos
346 3676 387 3737 ad
404 3692 440 3737 se
456 3676 495 3737 de
511 3691 717 3753 quacumque
731 3675 875 3737 tribula-

75 3776 168 3838 tione
184 3775 364 3837 clamantes
379 3789 415 3835 se
431 3774 621 3835 auditurum
633 3772 796 3835 inell'abili
812 3773 879 3850 pie-

77 3874 146 3936 tate
166 3873 336 3951 promittit,
354 3872 471 3934 ‹ievote
496 3872 645 3949 pulsatus
666 3872 715 3934 tot
732 3871 877 3932 fidelium

78 3987 215 4035 suorum
243 3970 454 4043 clamoribus,
481 3984 688 4047 nequaquam
704 3969 879 4030 sustinebit

77 4086 148 4131 suae
160 4069 288 4131 viscera
299 4067 443 4146 pietatis,
456 4068 513 4129 sed
523 4070 656 4145 propter
666 4069 878 4144 semetipsum

76 4167 254 4229 inclinabit
272 4166 314 4228 ad
329 4182 444 4244 preces
459 4181 630 4227 servorum
646 4182 781 4227 suorum
802 4180 880 4242 pro-

79 4266 182 4343 pitius
192 4281 292 4326 aures
307 4280 396 4335 suas,
420 4264 609 4325 etetlundet
629 4265 714 4324 iram
735 4279 829 4324 suam
845 4263 879 4324 iu

77 4365 196 4440 gentes
207 4379 280 4440 quae
296 4378 362 4423 non
382 4365 547 4424 noverunt
561 4377 647 4433 eum,
665 4362 749 4423 etin
776 4376 880 4436 regna

115 4527 157 4603 (l)
178 4531 322 4602 Forteteq.
335 4544 379 4587 00.

114 4604 157 4677 (2)
175 4601 424 4659 Revereudissimo
435 4600 508 4674 patri
520 4615 553 4657 nc
564 4598 881 4670 dominellouorio,1)ei

78 4676 174 4751 gretia
187 4680 294 4729 sancte
309 4674 447 4731 Romane
462 4672 596 4729 Ecclesiae
611 4686 725 4728 summo
740 4672 879 4740 Pontillci,

78 4760 198 4804 suorum
210 4742 386 4801 subditorum
400 4743 602 4801 devotissimus
620 4742 707 4800 110101
721 4744 767 4800 W.
785 4744 826 4814 (a)
846 4741 882 4798 de

78 4814 470 4888 Carnoto,pauperisl'empli
483 4815 590 4871 militiis
606 4814 745 4887 magister
755 4813 881 4883 humilis,

78 4889 207 5017 gobitam
231 4901 295 4943 eum
311 4887 410 4944 osculo
430 4884 535 4960 pedum
551 4886 740 4942 reverentiam
765 4893 792 4942 11
812 4885 879 4942 0110-

99 4960 230 5017 lentiam.

115 5029 284 5089 Paternitati
306 5035 409 5086 vestre
434 5034 540 5086 statum
553 5029 646 5085 Terrae
660 5028 781 5096 Sanctae,
796 5042 882 5099 quam

79 5103 288 5161 Douriuussuo
302 5100 416 5173 proprio
436 5100 579 5173 sanguine
601 5100 788 5167 consecravit,
809 5112 881 5170 prae·

79 5173 212 5232 sentibus
234 5170 368 5229 duximus
390 5170 591 5228 intimandum.
615 5173 675 5228 lloc
696 5170 782 5243 igitur
802 5168 884 5226 vobis

78 5251 203 5312 constet,
220 5242 296 5315 qaod
311 5242 347 5299 eti
361 5241 520 5301 discessum
535 5243 716 5315 praesentium
728 5242 882 5298 litterarum

80 5319 233 5373 innumera
255 5314 472 5397 peregrinorum
505 5312 655 5371 multitudo
685 5320 742 5369 tarn
763 5313 882 5369 militum

80 5402 169 5461 quam
189 5386 385 5453 servientium,
411 5382 637 5441 viviitcaecrucis
660 5384 794 5457 insignita
819 5382 885 5440 clm·

79 5467 203 5526 rectore,
224 5456 259 5513 ab
283 5456 462 5514 Alamannici
480 5456 589 5528 imperii
605 5463 634 5512 et
649 5455 767 5511 aliorum
784 5468 885 5528 reguo

80 5546 146 5588 ruru
160 5528 248 5585 variis
261 5528 388 5600 partibus
403 5526 561 5596 confluens,
579 5524 653 5600 apud
668 5525 768 5584 nob-‘ru
782 5525 885 5583 adveu-

114 5657 149 5711 101
162 5650 314 5702 lt'illelmus.

696 274 924 337 EPISTOLAE.
948 276 1026 336 LIB.
1051 274 1090 336 ll.

1660 280 1720 343 512

920 450 995 514 quae
1013 450 1079 498 nou
1097 434 1255 498 invocant
1269 451 1390 499 nomeu
1412 439 1494 515 ejus.
1516 439 1564 500 Ad
1586 438 1718 504 laudem

921 537 954 596 et
967 535 1107 612 gloriam
1130 550 1224 596 suam
1247 535 1435 612 confringet
1454 552 1580 599 cornua
1599 555 1720 616 pecca-

921 635 1039 695 torum.

961 732 1102 809 Ideoque
1131 748 1190 809 per
1212 732 1401 810 apostolica
1439 735 1561 812 scripta
1588 736 1721 800 caritati

920 832 1041 891 vestrae
1070 831 1291 907 praecipiendo
1329 833 1524 894 mandamus
1557 837 1720 911 quatenus

922 927 984 989 1100
1010 944 1084 989 cum
1106 929 1281 991 devotione
1296 929 1406 991 tlebita
1420 930 1492 991 lieri
1509 931 1650 1006 faciatis,
1674 934 1722 995 ite

922 1027 1009 1102 quod
1030 1026 1168 1104 quilibet
1191 1029 1349 1099 vestrum,
1379 1028 1444 1088 nisi
1463 1031 1553 1105 jirsto
1580 1031 1723 1108 impedi-

922 1127 1032 1186 mento
1048 1126 1235 1197 excusetur,
1250 1126 1383 1187 intersit
1403 1127 1473 1187 suis
1489 1127 1623 1189 indutus
1639 1130 1723 1190 insi-

922 1222 1042 1298 gnibus
1058 1223 1243 1300 etpedibus
1259 1224 1369 1297 nudis,
1387 1226 1549 1301 quatenus
1569 1228 1721 1304 exemplo

922 1321 1033 1383 vestro
1056 1321 1096 1381 ad
1113 1321 1198 1383 idem
1214 1323 1412 1398 provocetur
1427 1322 1557 1385 devotio
1572 1325 1724 1387 subdito-
1756 1388 1760 1395 ,
1806 1372 1810 1379 .

923 1435 1007 1479 rum.
1043 1419 1203 1495 Religiosi
1241 1422 1349 1481 autem
1383 1420 1418 1481 iu
1450 1420 1532 1482 locis
1562 1423 1723 1485 solitariis

924 1518 1164 1579 commorantes
1180 1517 1243 1579 1100
1258 1518 1292 1578 in
1310 1518 1465 1581 claustris
1487 1519 1556 1580 suis
1569 1536 1608 1582 eo
1622 1521 1725 1583 devo-

923 1615 989 1677 tius
1023 1617 1258 1693 exsequantur,
1282 1633 1345 1694 quo
1364 1617 1469 1693 magis
1498 1633 1518 1679 a
1542 1619 1724 1680 mundanis

924 1714 1119 1776 tumultibus
1141 1716 1219 1775 suut
1235 1715 1409 1776 immvmes.
1437 1715 1592 1778 Subditos
1611 1719 1723 1779 autem

925 1814 1063 1885 vestros,
1082 1813 1149 1873 tam
1163 1828 1273 1874 mares
1286 1829 1384 1890 quam
1396 1814 1562 1887 mulieres,
1581 1815 1724 1877 sollicite

925 1911 1098 1983 moneatis
1116 1912 1152 1972 ut
1172 1910 1213 1972 ad
1227 1910 1299 1974 haec
1314 1912 1475 1984 iacienda,
1493 1928 1559 1974 non
1578 1913 1614 1974 iu
1632 1915 1725 1975 veste

927 2011 1035 2071 tamen
1051 2009 1197 2085 pretiosa
1220 2026 1278 2071 seu
1301 2009 1367 2071 alio
1383 2011 1475 2071 inani
1489 2011 1579 2072 cultu
1597 2027 1724 2073 conve·

927 2107 1030 2178 uiant,
1048 2107 1103 2168 sed
1125 2107 1160 2167 in
1182 2123 1221 2168 eo
1239 2124 1409 2185 perquem
1426 2109 1552 2185 seipsos
1567 2108 1608 2170 ad
1623 2109 1727 2171 ‹levo-

927 2206 1050 2267 tionem
1065 2207 1178 2267 mutuo
1194 2207 1383 2282 provocent,
1400 2208 1441 2267 ad
1458 2204 1505 2285 (1)
1521 2207 1726 2269 humiliatio·

928 2319 1002 2364 nem
1012 2303 1179 2365 internam
1195 2304 1372 2365 exterioris
1388 2303 1520 2366 habitus
1538 2304 1726 2367 humilitate

927 2401 1163 2474 demonstrent,
1182 2418 1346 2463 memores
1370 2402 1456 2479 quod
1480 2402 1655 2475 Ninivitas,
1685 2402 1726 2465 de
1813 2478 1816 2483 .

927 2498 1046 2576 quibus
1052 2502 1121 2576 jam
1134 2515 1242 2561 sermo
1254 2500 1434 2576 praecessit,
1449 2501 1484 2560 in
1495 2501 1727 2563 humiliatione

929 2612 990 2658 sua
1005 2614 1041 2658 se
1055 2599 1161 2659 saccis
1177 2615 1196 2658 a
1211 2600 1357 2660 maximo
1377 2615 1481 2675 usque
1496 2598 1536 2660 ad
1554 2599 1727 2661 minimum

929 2694 1118 2769 induerunt,
1143 2696 1225 2757 adeo
1242 2698 1277 2758 ut
1302 2697 1374 2773 ipse
1388 2712 1460 2769 rex,
1477 2696 1607 2775 abjecta
1621 2696 1727 2774 regali

929 2810 1086 2871 purpura,
1110 2809 1146 2855 se
1174 2810 1271 2856 sacco
1295 2793 1453 2867 induerit,
1475 2797 1507 2857 et
1535 2796 1729 2873 aspergeret

929 2892 1042 2953 cinere
1071 2893 1170 2969 caput
1191 2909 1298 2966 suum,
1321 2893 1562 2970 propterquod
1588 2896 1629 2954 att
1651 2908 1728 2955 eum

929 2991 1137 3069 quihumilia
1155 2990 1303 3067 respicit,
1323 2991 1443 3054 meruit
1465 2991 1729 3053 misericordiam
1772 2988 1775 2993 '

929 3089 1092 3151 invenire.
1109 3089 1157 3149 Ad
1171 3088 1254 3161 haec,
1276 3089 1525 3164 crucesignatos
1550 3105 1665 3151 omues
1686 3088 1729 3153 ad

930 3188 1070 3247 celerem
1085 3201 1277 3247 succursum
1288 3186 1420 3247 illorum
1437 3186 1560 3247 sedulis
1571 3187 1731 3248 exhorta-

930 3283 1075 3345 tionibus
1090 3282 1245 3344 animetis
1260 3284 1293 3345 et
1307 3282 1439 3345 faciatis
1454 3283 1494 3344 ad
1515 3284 1579 3345 hoc
1592 3283 1729 3345 idoneos

931 3398 990 3459 per
1003 3382 1088 3442 alios
1108 3381 1261 3453 animari,
1277 3382 1323 3442 ita
1336 3381 1432 3458 quod,
1456 3382 1602 3444 instante
1611 3398 1733 3459 passa-

931 3480 996 3555 gio,
1013 3478 1189 3558 110οῥ111100,
1205 3480 1376 3540 transeant
1397 3480 1557 3551 universi,
1583 3480 1626 3539 iis
1649 3495 1730 3541 ves-

930 3580 1018 3639 trum
1035 3578 1090 3653 qui
1106 3576 1224 3638 muniti
1246 3577 1323 3637 sunt
1337 3578 1446 3638 crucis
1468 3578 1640 3653 signaculo
1657 3592 1730 3637 cum

932 3675 999 3736 illis
1024 3675 1149 3753 pariter
1173 3674 1370 3752 proiecturis
1396 3675 1431 3734 in
1451 3675 1584 3736 nomine
1599 3674 1732 3737 Domini

932 3777 1011 3836 lesu
1027 3774 1160 3834 Christi.
1174 3775 1217 3835 Ut
1230 3774 1340 3835 autom
1351 3773 1392 3834 de
1406 3773 1495 3834 statu
1505 3776 1615 3835 Terrae
1632 3774 1733 3835 Sanc·

934 3873 986 3942 tae,
1011 3886 1071 3931 vos
1095 3871 1253 3933 certiores
1278 3869 1465 3943 reddamus,
1490 3870 1587 3932 etad
1617 3869 1731 3947 provi·

933 3969 1076 4030 dandum
1107 3985 1179 4046 quae
1214 3970 1290 4031 sunt
1317 3969 1507 4030 necessaria
1544 3970 1731 4041 cautiores,

934 4067 1119 4129 litterarum
1135 4067 1283 4128 tenorem
1310 4084 1393 4146 quas
1406 4082 1545 4144 nupera
1569 4067 1729 4143 magistro

935 4166 1063 4226 militiae
1081 4165 1209 4242 Templi
1230 4166 1426 4243 recepimus
1450 4166 1669 4241 praesentibus
1693 4164 1734 4226 de

934 4264 1036 4327 verbo
1051 4263 1092 4324 ad
1107 4263 1242 4325 verbum
1263 4264 1417 4325 (luximus
1433 4263 1658 4337 inserendum,
1676 4261 1734 4341 qul

935 4359 1145 4441 talisestt2).

936 4529 1014 4586 tavit.
1031 4527 1313 4612 Sepbediuusautem
1325 4542 1449 4601 maguus
1465 4526 1605 4585 Soldauus
1615 4527 1644 4583 in
1658 4534 1734 4585 11110

936 4600 1089 4659 Babvloms
1105 4614 1297 4666 commorans,
1315 4599 1418 4655 ibidem
1441 4613 1476 4655 uc
1495 4598 1649 4656 immobilis
1662 4600 1734 4655 exis·

937 4660 1010 4741 teus',
1021 4671 1057 4728 de
1070 4685 1101 4727 se
1109 4671 1229 4727 minime
1241 4669 1411 4728 eonildebat.
1421 4614 1619 4727 ilevcrebatur
1628 4670 1735 4726 atenim

937 4746 1014 4816 regis
1041 4743 1195 4815 lluugariae
1208 4749 1235 4798 et
1250 4741 1331 4798 ducis
1343 4742 1464 4799 nustriae
1474 4746 1502 4796 01
1517 4740 1673 4810 llaraguite
1690 4739 1737 4796 ad·

938 4822 1049 4881 ventus,
1065 4815 1113 4885 qul
1133 4828 1198 4870 cum
1217 4813 1333 4885 copiosa
1359 4811 1537 4868 multitudiue
1559 4811 1679 4867 militum
1703 4825 1736 4868 ae

938 4885 1132 4952 servientium,
1149 4884 1216 4941 cleri
1229 4891 1258 4939 et
1270 4883 1375 4956 populi,
1389 4882 1464 4954 apua
1480 4882 1581 4939 Action
1596 4883 1738 4954 applicue-

938 4965 1011 5014 runt.
1027 4954 1155 5013 Timebat
1167 4962 1196 5011 et
1214 4953 1306 5011 dictus
1326 4952 1504 5026 Sepliediuus
1519 4954 1667 5026 navigium
1682 4954 1739 5010 Trl-

937 5042 1050 5096 souum,
1064 5025 1140 5100 quod
1151 5025 1224 5098 opud
1235 5025 1337 5082 alchon
1350 5024 1557 5097 applicatarum
1572 5025 1600 5081 in
1610 5025 1738 5096 proximo

939 5098 1099 5168 terebatur3
1125 5096 1282 5157 Coradiuus
1302 5111 1371 5154 vero
1387 5096 1459 5153 tilius
1475 5097 1512 5169 (b)
1535 5095 1597 5167 cius
1617 5096 1646 5152 iu
1665 5110 1740 5152 mar·

937 5170 1011 5228 cluis
1036 5168 1140 5227 nostris
1168 5166 1363 5240 adjacentibus
1389 5174 1456 5223 tunc
1486 5181 1569 5224 suum
1596 5165 1738 5224 direxerat

939 5238 1238 5316 [exercitum].Ethoc
1254 5238 1334 5296 vobis
1349 5239 1515 5295 intimamus
1528 5236 1602 5311 quod
1630 5238 1738 5296 laribus

939 5314 1022 5369 antiis
1037 5311 1185 5369 retroactis
1199 5325 1256 5367 nou
1277 5308 1330 5366 luit
1347 5310 1534 5383 paganismus
1555 5310 1583 5365 iu
1608 5254 1738 5367 iebiliori

939 5391 1014 5441 statu
1026 5398 1112 5456 quam
1123 5380 1208 5439 modo
1218 5388 1272 5449 est,
1285 5396 1371 5453 quein
1380 5389 1457 5453 patet
1472 5381 1593 5453 amplius
1603 5378 1639 5438 tle
1649 5380 1695 5437 die
1709 5380 1738 5437 iu

939 5454 1015 5512 diem
1031 5454 1154 5528 permitti
1168 5452 1300 5535 pejorari.
1315 5450 1370 5510 Sed
1385 5468 1412 5508 m
1425 5452 1551 5525 partibus
1565 5452 1669 5509 nostris
1685 5449 1738 5507 tru-

940 5527 1028 5584 rueuti
1039 5534 1067 5583 et
1079 5524 1188 5595 11011101,
1200 5523 1363 5581 ctomnium
1376 5522 1511 5595 buruaure
1522 5522 1738 5581 sustentationis

971 5650 1005 5707 lbl
1017 5649 1086 5701 Con.
1101 5662 1182 5714 nepos
1194 5647 1404 5711 cunsanguineus.
