3802 6166
122 334 164 394 W
553 333 639 394 VIII.
660 331 765 394 -IN
788 330 919 393 FES'I'O
941 331 1091 395 SANCTI
1115 328 1342 395 Slhvlasulu.
1734 338 1775 400 98

123 493 223 556 siuns
255 491 349 556 Patri
378 494 537 571 tanquam
572 493 749 557 familiaris
786 486 921 566 iictori,
978 489 1090 566 dotes;
1106 490 1192 569 quod
1208 490 1308 555 hodie
1320 493 1433 570 posset
1446 495 1601 559 Summus
1613 497 1777 562 Sacerdos

123 594 285 671 tanquam
319 590 510 669 unigenitus
536 592 638 655 Patri.
667 596 734 655 Per
756 592 923 654 Christum
978 592 1137 651 Romanae
1161 589 1318 652 Ecclesia
1337 607 1357 652 a
1376 592 1561 656 minoribus
1586 597 1775 659 sacerdoti-

123 695 216 757 enim
232 694 334 754 Pater
345 691 428 753 uicit
442 690 612 764 mundum,
633 692 711 769 quia
732 691 843 753 omnia
863 694 924 753 Pa·
976 687 1049 761 bus,
1066 688 1095 749 si
1108 689 1220 766 petere
1234 688 1344 751 vellet.
1367 690 1444 752 Fuit
1458 707 1537 769 ergo
1552 695 1775 760 sacerdotium

121 796 175 856 ter
189 793 348 871 operatur
362 806 422 868 per
436 790 567 851 Filium.
977 786 1099 847 Christi
1121 786 1297 862 figuratum
1320 803 1379 864 per
1401 788 1466 851 duo
1484 793 1692 856 sacerdotia:
1714 811 1775 873 per

164 890 327 952 Obtulit..
358 889 514 950 intentu
542 904 684 966 namque
705 904 771 949 non
790 887 924 950 inueni·
977 886 1197 948 sacerdotium
1226 885 1469 949 Melchisedech
1498 890 1584 967 quod
1612 893 1676 955 luit
1697 896 1774 958 ante

123 991 178 1052 tur
207 987 248 1048 de
274 984 462 1047 obviatione
483 984 727 1046 Melchisedech
751 985 791 1045 ad
815 983 923 1045 Abra·
976 984 1094 1061 legem,
1110 1002 1171 1063 per
1188 987 1408 1050 sacerdotium
1422 988 1591 1052 leviticum
1611 993 1697 1069 quod
1712 992 1775 1056 ruit

123 1088 219 1157 ham,
249 1085 308 1147 sed
342 1083 464 1145 dicitur
499 1082 584 1160 quod
612 1099 673 1144 rex
706 1083 921 1144 Sodomorum
976 1083 1181 1161 postlegem.

123 1200 280 1262 egressus
297 1181 395 1245 estin
410 1197 552 1243 occursu
565 1184 649 1260 ejus,
665 1181 751 1242 idest
766 1181 919 1243 Abrahae.
1015 1186 1102 1245 Ecce
1116 1185 1284 1246 Sacerdos
1299 1200 1485 1263 magnas...
1505 1189 1653 1259 Quatuor
1667 1189 1773 1251 modis

123 1285 218 1355 Item,
232 1280 382 1360 quamvls
395 1280 442 1342 itu
453 1279 822 1348 dIcaturcommuniter,
835 1278 920 1356 quod
976 1278 1099 1341 dlcitur
1112 1279 1147 1341 in
1171 1281 1340 1359 Scriptura
1360 1300 1520 1360 magnus:
1540 1302 1681 1363 maguus
1699 1287 1776 1349 otti-

122 1378 368 1443 hlelchIsedech
393 1377 511 1441 obtulit
538 1377 570 1439 ei
596 1392 714 1455 panem
738 1376 771 1438 et
793 1377 919 1450 vinum,
975 1378 1038 1451 cio,
1069 1394 1209 1455 magnus
1237 1381 1400 1458 exemplo,
1431 1398 1570 1458 magnus
1599 1384 1773 1462 suffragio,

121 1481 238 1542 tamen
266 1476 315 1538 sic
340 1475 481 1537 dIcitur:
510 1478 702 1550 Proserens
715 1490 856 1550 ‚partem
888 1475 921 1537 et
976 1492 1114 1552 magnus
1129 1477 1272 1555 eloquio.
1293 1480 1434 1555 Magnus
1449 1479 1570 1550 cilicio,
1587 1483 1664 1559 quia
1681 1485 1775 1544 Sum·

122 1581 247 1639 etatum
260 1573 353 1654 (erut
372 1577 466 1636 enim
483 1576 645 1636 sacerdos
662 1575 727 1636 Det
738 1572 921 1652 Alttsstmt)
976 1575 1220 1648 musPontitex,
1232 1576 1564 1651 honorum,0mnium
1576 1580 1774 1657 dignitatum

120 1676 156 1737 et
181 1673 357 1736 benedieti
384 1676 417 1734 ct
443 1670 538 1750 (Gen.
558 1687 627 1745 xm,
656 1670 720 1752 19).
747 1671 810 1733 Sed
835 1671 921 1748 quod
976 1687 1042 1733 non
1058 1673 1165 1734 solnm
1186 1674 1249 1737 luit
1270 1690 1409 1751 magnus
1431 1675 1488 1737 sed
1511 1678 1687 1752 maximus,
1714 1695 1774 1742 sa-

121 1771 246 1835 obtulit
263 1771 306 1845 ei,
327 1787 394 1832 non
413 1770 537 1847 legitur
554 1769 590 1831 in
614 1771 707 1832 textu
725 1771 850 1832 nostro.
880 1769 923 1832 Ut
976 1770 1092 1832 cerdos
1103 1770 1324 1844 sacerdotum,
1339 1774 1434 1850 pater
1446 1775 1588 1850 patrum,
1603 1792 1777 1839 successor

121 1869 225 1933 credo
244 1871 368 1940 tamen,
386 1869 566 1930 secundum
590 1868 693 1930 allam
717 1868 873 1941 litteram,
891 1867 922 1930 si
976 1869 1067 1931 Petri
1089 1868 1122 1931 et
1139 1869 1286 1931 ulcarius
1305 1856 1386 1933 Jesu
1414 1871 1556 1934 Christi:
1578 1875 1693 1951 Ipsum
1713 1891 1777 1937 au·

120 1969 188 2030 hoc
203 1968 405 2040 inveniatur,
427 1967 476 2028 sic
490 1965 587 2029 debet
600 1966 734 2043 exponi,
755 1966 841 2044 quod
856 1965 922 2028 du·
975 1966 1041 2027 tem
1061 1967 1248 2043 apostolum
1275 1968 1410 2031 Petrum
1431 1970 1603 2033 constituit
1624 1971 1775 2034 Christus

120 2066 248 2146 plicam
265 2065 369 2143 gessit
395 2063 563 2127 Abraham
591 2065 705 2143 typum
728 2065 790 2127 Dei
810 2065 922 2127 Patris
976 2062 1142 2140 pastorem
1184 2065 1384 2128 universalis
1424 2067 1601 2141 Ecclesia,
1642 2071 1775 2148 quaudo

118 2165 158 2227 iu
181 2164 247 2226 boc
265 2163 352 2243 quod
368 2163 455 2226 lacta
473 2164 524 2225 est
537 2163 570 2225 ei
588 2162 713 2225 oblatio
728 2162 836 2225 tidelis
857 2179 921 2242 po·
976 2159 1062 2225 dixit
1078 2184 1086 2224 ε
1104 2166 1152 2225 Pu
1166 2177 1204 2226 es
1217 2165 1348 2228 Petras
1363 2164 1398 2228 et
1410 2180 1518 2240 suuper
1535 2171 1623 2230 banc
1631 2169 1774 2242 petram

118 2264 207 2343 puli,
219 2264 255 2325 in
268 2263 331 2325 hoc
341 2262 427 2340 quod
440 2261 585 2324 decimas
596 2261 696 2336 dedit,
710 2261 746 2325 in
758 2261 822 2324 hoc
834 2261 921 2340 quod
975 2262 1148 2335 oedtttcabo
1167 2263 1357 2325 Ecclesiam
1379 2278 1509 2336 mam,
1530 2264 1565 2327 et
1579 2265 1694 2341 por-tw
1713 2269 1773 2328 ta-

118 2362 201 2426 datu
215 2363 267 2424 est
280 2361 313 2423 ei
327 2359 524 2423 benedictio.
975 2359 1044 2431 sert
1053 2373 1121 2421 non
1127 2361 1365 2434 praecedebant
1374 2364 1543 2424 aduersas
1553 2360 1772 2442 eamtldatth.

161 2460 251 2524 Nutu
270 2459 356 2538 quod
378 2459 599 2521 sacerdotium
617 2457 787 2521 leviticum
811 2456 924 2536 praetl·
976 2469 1044 2527 xv1,
1062 2453 1126 2535 18).
1140 2454 1253 2517 PrImo
1267 2457 1386 2519 Petrus
1398 2454 1638 2536 Interpretatur
1651 2476 1776 2537 agnos-

119 2557 267 2637 gurabat
280 2558 434 2620 similiter
446 2557 668 2620 sacerdotium
680 2556 814 2620 Christi.
829 2555 920 2628 Quod
976 2568 1065 2614 cens.
1080 2554 1198 2615 Petrus
1208 2553 1298 2616 enim
1307 2554 1408 2618 habet
1419 2556 1686 2620 convenientiam
1699 2575 1774 2621 curn

120 2656 258 2737 quidem
279 2655 501 2718 sacerdotium
517 2654 660 2717 habebat
674 2655 777 2717 multa
798 2670 922 2731 genera
976 2652 1081 2729 petra,
1098 2651 1131 2713 et
1148 2651 1196 2712 ita
1215 2650 1279 2713 hoc
1292 2668 1413 2715 nomen
1435 2656 1554 2716 Petrus
1579 2657 1676 2718 sonat
1694 2656 1772 2731 duo,

121 2755 321 2828 hostiarum,
335 2771 409 2833 quaa
420 2754 553 2833 quidem
564 2769 677 2816 omnes
690 2753 807 2815 hostiae
822 2753 922 2829 signi·
976 2749 1113 2823 scilicet,
1141 2748 1331 2812 firmitatem
1354 2751 1388 2814 et
1415 2753 1649 2829 cognitionem.
1680 2755 1775 2818 Unde

121 2853 269 2916 ucahant
289 2870 390 2915 unum
411 2852 571 2926 bostiam,
588 2852 717 2915 scilicet
737 2852 919 2925 Christum,
975 2846 1059 2908 bens
1091 2848 1267 2926 sequitur:
1304 2849 1338 2912 et
1369 2866 1475 2925 super
1501 2855 1590 2914 barac
1616 2853 1772 2930 petram,
1821 2914 1824 2919 .

121 2953 211 3015 sicut
238 2951 319 3013 dIcit
338 2951 515 3029 Apostolus
542 2951 583 3012 ad
604 2949 778 3012 Hebraeos:
803 2950 923 3012 Multae
975 2943 1071 3018 ldest,
1097 2961 1198 3024 super
1218 2947 1296 3010 fidei
1316 2947 1505 3011 firmitatem
1523 2950 1695 3013 aediflcabo
1711 2953 1776 3013 lle-

121 3053 262 3127 quaem
275 3050 535 3123 aestimabatis
546 3064 628 3121 ulte,
645 3048 743 3122 idest,
759 3064 819 3126 per
835 3048 923 3110 mul·
976 3043 1112 3106 cleslam
1132 3060 1252 3108 meam.
1269 3045 1367 3109 Fides
1382 3048 1491 3110 autem
1510 3047 1592 3112 iacit
1604 3049 1774 3127 cognitio-

120 3152 177 3212 tas
202 3147 330 3210 hostias
351 3147 560 3223 significatur
580 3146 689 3209 hostia
719 3162 796 3219 una,
822 3163 922 3224 quam
976 3157 1063 3204 nem.
1079 3143 1158 3206 Vult
1171 3159 1251 3221 ergo
1266 3144 1425 3208 Dominus
1439 3145 1571 3209 dicere:
1589 3149 1637 3210 Tu
1653 3164 1690 3210 es
1705 3151 1772 3211 Pe·

121 3246 303 3310 Psalmuta
326 3247 424 3308 vocat
444 3243 587 3306 bostiam
600 3243 822 3322 jubilationis,
843 3244 921 3322 quia
976 3241 1058 3314 trus,
1087 3240 1184 3315 idest,
1212 3243 1249 3306 tu
1279 3259 1315 3305 es
1349 3259 1553 3320 cognoscens
1579 3261 1639 3323 per
1661 3245 1772 3319 fldem,
1848 3282 1851 3287 ,

120 3344 232 3408 Filius
256 3343 316 3406 Dei
334 3342 495 3406 lubilaeus
511 3342 561 3404 est
576 3343 697 3415 Patrts,
720 3342 817 3415 idest,
838 3357 924 3418 gau·
975 3354 1043 3400 non
1068 3337 1200 3414 dubins,
1230 3340 1348 3404 sedin
1375 3341 1440 3404 tide
1473 3341 1600 3405 tlrmus.
1634 3344 1774 3421 Propter
1860 3346 1864 3363 '

120 3443 235 3518 dium3
249 3441 556 3517 uudesiguillcatur
567 3456 627 3517 per
643 3441 737 3502 Isaac
752 3440 808 3518 qui
822 3438 923 3501 inter·
976 3435 1039 3498 hoc
1062 3436 1148 3498 bene
1174 3439 1354 3516 sequitur=
1382 3442 1422 3502 ut
1448 3441 1552 3518 portas
1575 3440 1678 3503 interi
1704 3458 1773 3503 nou

121 3541 275 3620 pretatur
284 3540 385 3602 risus.
399 3539 482 3611 Quia
497 3539 583 3601 sicut
593 3541 687 3600 Isaac
699 3537 761 3599 luit
772 3538 859 3598 risus
870 3537 922 3599 vel
976 3533 1205 3611 praevalebunt
1229 3536 1392 3598 adversus
1418 3551 1503 3605 eam,
1527 3536 1624 3610 idest,
1645 3538 1770 3599 adver-

120 3638 283 3717 gaudium
301 3638 455 3710 Abrahae,
478 3637 526 3699 lta
547 3636 653 3698 Filius
675 3636 734 3697 boi
749 3635 811 3698 luit
833 3635 922 3696 risus
976 3648 1033 3693 sus
1055 3632 1163 3693 tidem.
1194 3634 1303 3696 Portae
1333 3633 1434 3695 inseri
1462 3633 1617 3698 dIcuntur
1644 3635 1773 3697 daemo-

120 3737 248 3800 Patrts.
266 3735 359 3798 Unde
370 3735 451 3796 dicit
461 3734 565 3796 Fihus
580 3734 615 3794 in
628 3732 836 3796 Proverbiis:
852 3737 923 3795 Lu·
976 3747 1048 3803 nes,
1073 3730 1228 3793 dicuntur
1250 3732 1284 3793 et
1310 3732 1417 3810 iniqui
1439 3734 1471 3794 et
1499 3732 1579 3795 mali
1607 3733 1771 3795 homines.

119 3838 375 3897 cananaeorum
386 3848 426 3895 eo
439 3836 475 3894 tn
487 3836 557 3894 Deo
573 3830 685 3911 (Pron.
701 3847 773 3904 viu,
787 3830 853 3911 30).
865 3831 922 3894 Est
976 3829 1074 3890 Fides
1098 3829 1208 3892 autem
1229 3830 1335 3892 vincit
1357 3830 1515 3892 mundum
1539 3832 1572 3893 et
1590 3831 1771 3896 diabolum.

120 3935 226 3997 etiarn
242 3932 463 3994 sacerdotium
478 3931 600 3992 Christi
622 3930 844 4007 significatum
864 3944 924 4008 per
976 3927 1069 4000 Quod
1082 3927 1186 3992 vincit
1197 3928 1356 3990 mundum
1366 3930 1456 4006 patet
1470 3945 1530 4006 per
1540 3931 1703 4004 Ioannem
1716 3931 1774 4008 qui

121 4031 347 4094 sacerdotium
360 4029 541 4102 leviticum,
560 4029 638 4106 quia
651 4029 716 4091 duo
734 4028 869 4091 fuerunt
886 4029 921 4090 in
976 4026 1078 4088 dicit:
1096 4029 1202 4089 Oetae
1221 4030 1309 4101 quod
1324 4027 1446 4091 statum
1459 4028 1511 4089 est
1524 4043 1571 4090 eae
1581 4031 1654 4091 Deo
1666 4031 1774 4092 etuctt

121 4129 311 4193 sacerdotio
331 4129 477 4200 levitico,
500 4127 638 4200 scillcet,
661 4127 747 4204 quod
768 4143 836 4188 non
857 4126 922 4187 ha·
975 4126 1153 4196 massadam,
1183 4124 1217 4186 et
1239 4127 1311 4185 haec
1330 4124 1382 4186 est
1400 4125 1547 4186 victortc
1567 4140 1644 4198 pace
1667 4125 1776 4187 etractt

120 4228 247 4291 bebant
264 4227 374 4289 levitae
389 4228 515 4304 partem
535 4242 610 4287 cum
631 4225 707 4287 aliis
721 4223 872 4286 tribubus
886 4224 922 4286 in
975 4224 1153 4293 anteactum,
1178 4222 1264 4294 fides
1286 4222 1407 4283 nostru
1433 4218 1545 4301 (loun.
1562 4239 1595 4293 v,
1609 4221 1654 4302 A).
1681 4221 1774 4295 Quod

121 4325 403 4407 possessionibus,
421 4326 453 4387 et
469 4324 510 4386 ab
531 4323 683 4386 omnibus
696 4322 849 4385 tribubus
862 4323 924 4384 de-
976 4320 1087 4380 autern
1102 4317 1207 4381 vincit
1220 4318 1401 4388 diabolum,
1427 4319 1567 4382 testatur
1582 4320 1700 4381 Petrus
1722 4320 1776 4382 di-

121 4427 230 4487 cimas
244 4423 463 4501 accipiebant.
977 4433 1054 4479 cens
1069 4438 1077 4478 :
1092 4420 1327 4480 Adverscm'us
1346 4417 1464 4480 vester
1481 4421 1632 4480 dieuches
1649 4419 1774 4481 circuit

163 4526 215 4585 Ita
238 4525 290 4584 cst
310 4521 410 4584 hodie
433 4521 468 4582 in
491 4520 638 4583 Ecclesia
654 4520 725 4592 Dei,
747 4520 832 4598 quod
848 4520 923 4597 qui-
976 4530 1247 4590 qttoercnsquem
1264 4516 1416 4588 decoret,
1432 4519 1488 4578 cui
1502 4516 1653 4578 resistite
1664 4516 1775 4591 sortes

120 4623 202 4683 dem
224 4621 290 4683 viri
309 4619 527 4682 ecclesiastici
544 4620 671 4680 nullam
700 4618 823 4681 habent
844 4634 924 4695 pos-
976 4616 1093 4688 triade
1109 4613 1137 4693 (l
1152 4614 1368 4695 petuma).

121 4718 324 4791 sessionem,
354 4718 432 4797 quia
458 4719 609 4796 quamvis
632 4717 736 4778 multa
757 4716 920 4788 habeant,
1017 4714 1134 4774 Nonne
1149 4713 1236 4790 quod
1249 4712 1373 4775 dictum
1391 4713 1441 4774 est
1455 4713 1565 4784 Petro,
1583 4710 1775 4772 dictumest

121 4820 236 4878 tamen
263 4816 494 4893 intelliguntur
520 4816 605 4877 nihil
632 4814 807 4893 possidere>
823 4814 922 4892 juxta
977 4810 1130 4872 omnihus
1143 4810 1391 4873 successoribus
1406 4812 1477 4888 ejus
1489 4812 1503 4869 t
1517 4808 1676 4870 Omnibus
1695 4808 1774 4871 data

121 4914 264 4977 verbum
294 4914 474 4991 Apostoli:
500 4916 624 4976 Ornata
651 4913 866 4988 possidentes
889 4912 923 4974 et
977 4909 1028 4970 est
1043 4909 1189 4984 potestas
1200 4908 1326 4984 ligandi
1336 4909 1435 4985 atque
1446 4905 1606 4981 solvendi,
1620 4906 1774 4969 omnibus

122 5015 212 5074 srihtt
228 5011 391 5073 babentes
412 5010 456 5090 (ll
476 5012 550 5073 Cor.
572 5008 923 5091 u1,10),utmonachi
977 5007 1154 5068 commissa
1181 5008 1232 5068 est
1254 5021 1334 5066 cura
1360 5006 1393 5066 et
1414 5004 1601 5066 sollicitudo
1626 5005 1774 5067 omniurn

121 5114 157 5171 et
171 5108 245 5170 alii.
266 5109 400 5170 suntet
419 5108 479 5169 alii
500 5109 557 5187 qui
580 5108 726 5169 decimas
742 5107 920 5184 accipiunt,
978 5104 1213 5176 EcclesIarum,
1231 5104 1267 5165 ut
1287 5102 1442 5165 mandatu
1462 5102 1521 5165 Dei
1536 5103 1692 5181 populum
1714 5103 1776 5165 do·

121 5209 160 5269 ut
181 5206 262 5268 sunt
276 5207 417 5283 praelati,
433 5206 490 5286 qui
510 5206 741 5283 significantur
755 5220 814 5282 per
830 5204 921 5265 Levi.
977 5203 1076 5264 ceant
1093 5201 1194 5264 verbo
1208 5201 1454 5280 praedicationis
1474 5203 1507 5264 et
1527 5201 1680 5279 exeniplo
1695 5200 1774 5262 boul

122 5305 207 5367 Levi
221 5303 311 5364 enirn
324 5304 469 5365 decimas
482 5305 620 5381 accepit,
631 5304 729 5381 juxta
743 5302 828 5380 quod
843 5301 925 5363 dicit
978 5300 1088 5378 operis
1109 5316 1185 5361 eum
1200 5301 1348 5377 pascant,
1365 5300 1398 5361 et
1412 5315 1472 5378 pro
1488 5299 1634 5377 peccatis
1657 5315 1773 5360 eorum

121 5402 303 5481 Apostolus
317 5423 325 5462 ε
337 5405 421 5464 Levt
434 5405 493 5477 pret
508 5406 658 5464 decimas
672 5401 812 5476 accepit,
830 5403 925 5462 dect-
978 5398 1020 5460 ad
1036 5401 1139 5459 Deum
1151 5396 1369 5461 intercedant.

122 5502 243 5562 matus
254 5501 307 5562 est
319 5497 433 5580 (hebr.
450 5517 507 5572 un,
524 5499 570 5580 u),
584 5500 681 5572 idest,
697 5497 862 5575 obligatus
875 5498 926 5560 est
1018 5498 1088 5558 Nos
1112 5495 1225 5572 igitur,
1255 5495 1391 5567 tratres,
1418 5495 1446 5556 si
1473 5511 1586 5556 sumus
1613 5494 1775 5571 clauigeri

123 5598 207 5659 dare
232 5596 389 5670 decimas,
416 5599 493 5675 quia
517 5600 651 5661 Summo
671 5595 843 5659 Sacerdoti
865 5595 926 5657 da·
979 5595 1073 5672 regni
1097 5592 1256 5666 coelestis,
1282 5593 1401 5671 quibus
1425 5591 1547 5655 dicitur
1567 5610 1574 5648 :
1597 5596 1668 5654 Tibi
1689 5594 1774 5654 <tubo

123 5695 205 5760 bant
238 5694 385 5758 decimas
412 5696 616 5759 decimarum
638 5695 785 5759 minores
812 5710 926 5758 sacer-
978 5699 1090 5756 claves
1107 5695 1207 5770 replet
1226 5696 1400 5764 cetorum,
1422 5692 1456 5754 et
1478 5694 1709 5766 graduumque
1731 5691 1776 5751 tt-

270 5833 387 5881 rsmcu.
407 5834 483 5880 rous
501 5822 538 5880 11.
1590 5810 1633 5869 td
