3802 6166
186 306 247 371 stu

186 466 302 531 narius
316 465 406 527 enirn
429 480 586 527 numerus
608 479 724 527 omnes
745 463 904 527 articulos
919 478 983 524 nu·

98 554 101 563 ’
185 567 269 627 meri
285 563 543 641 comprehendit,
560 580 603 625 ex
617 562 735 640 quibus
745 561 982 640 multiplicatus

186 663 294 724 omnis
315 677 472 723 numerus
487 660 605 736 surgit.
626 660 674 723 Ab
690 676 755 722 uno
770 660 859 721 enim
878 674 982 736 usque

185 761 354 823 addacem
369 774 429 837 per
444 759 602 820 articulos
617 758 820 831 ascenditur,
837 758 870 820 et
884 775 904 819 a
918 758 981 818 ‹le-

186 857 282 919 nario
297 873 401 933 usque
424 856 463 917 ad
480 855 610 931 viginti,
634 856 667 917 ct
690 856 793 917 sicin
815 855 982 916 inlinitum

134 952 137 959 '
185 970 246 1032 per
274 953 407 1016 eosdem
435 954 671 1030 multiplicatos
705 953 908 1030 pervenitur.
944 952 984 1014 Et

185 1048 260 1114 ideo
296 1066 441 1129 congrue
477 1067 536 1128 per
570 1050 745 1111 denarium
782 1049 982 1111 universitas

185 1148 348 1211 bonorum
363 1152 395 1211 et
410 1150 572 1210 malorum
594 1148 651 1226 qui
677 1149 753 1210 sunt
771 1149 806 1208 in
821 1147 981 1219 Ecclesia,

184 1244 391 1320 designatur.
422 1244 602 1315 Quinarius
628 1244 739 1304 autem
768 1242 809 1304 ad
838 1241 982 1320 quinque

184 1357 305 1403 sensus
320 1342 469 1418 corporis
484 1340 685 1412 extenditur,
703 1339 760 1418 qui
781 1339 855 1401 ideo
871 1339 983 1416 dupli-

186 1440 292 1510 catur,
318 1438 396 1516 quia
422 1440 499 1499 sunt
522 1438 556 1498 in
577 1437 725 1499 Ecclesia
751 1436 896 1515 quidam,
926 1438 982 1514 qui

185 1536 331 1613 quinque
351 1536 504 1596 sensibus
528 1535 677 1613 corporis
702 1535 854 1597 ordinate
879 1537 982 1596 utun-

185 1634 251 1704 tur,
270 1648 331 1693 nec
352 1648 409 1694 eos
424 1630 466 1693 ad
487 1634 691 1709 voluptatem
709 1633 820 1693 caruis
834 1632 981 1701 flectunt,

185 1730 244 1791 sed
261 1729 302 1790 ab
324 1731 414 1791 omni
440 1733 574 1807 peccato
599 1730 814 1821 abstinentes,
840 1746 901 1792 nec
925 1742 984 1807 per

184 1826 267 1887 vitia
282 1826 470 1888 diffluentes
485 1827 525 1887 ad
540 1827 690 1887 coelestia
706 1827 850 1903 erigunt.
876 1829 983 1898 Quare

186 1925 320 1999 propter
335 1923 560 1999 integritatem
574 1925 721 2002 quinque
737 1941 895 1985 sensuum
908 1936 984 2002 pru-

184 2019 303 2082 dentes
318 2022 437 2083 merito
451 2021 599 2097 virgines
615 2038 689 2083 esse
703 2023 893 2083 censentur.

227 2119 311 2179 Sunt
324 2119 358 2179 et
370 2118 430 2179 alii
440 2119 496 2196 qui
511 2119 657 2195 quinque
670 2119 822 2180 sensibus
834 2118 983 2196 corporis

185 2209 375 2278 inordinate
407 2217 556 2289 utuntur,
584 2232 646 2278 nec
674 2233 731 2278 eos
758 2217 798 2278 ad
834 2217 983 2280 coelestia

185 2311 346 2386 referunt,
367 2313 424 2374 sed
443 2312 485 2373 ab
506 2315 596 2375 ornni
617 2314 704 2376 bono
719 2314 935 2387 abstinentes,
952 2316 985 2376 et

185 2424 246 2485 per
262 2409 448 2487 voluptates
468 2412 580 2472 carnis
592 2411 778 2473 diffluentes
794 2411 835 2473 ad
850 2412 984 2474 terrena

185 2508 434 2569 conuertuntur.
456 2511 709 2586 propterquam
732 2509 983 2571 instabilitatem

186 2602 332 2680 quinque
348 2621 505 2665 sensuum
521 2606 648 2666 nullum
672 2605 793 2667 bonum
809 2622 891 2683 opus
906 2622 985 2684 pro-

186 2698 387 2773 ducentium,
413 2702 514 2763 satuae
533 2702 653 2765 merito
672 2704 822 2779 virgines
843 2720 986 2766 censen-

185 2795 249 2857 tur.
263 2799 328 2859 Aut
346 2800 445 2860 :sunt
458 2799 591 2876 quidam
612 2800 677 2861 riri
694 2801 726 2862 et
741 2800 891 2878 quaedam
908 2817 984 2863 mu-

186 2892 298 2968 lieres,
327 2897 383 2974 qui
397 2900 531 2975 propter
543 2897 674 2960 laudem
689 2895 804 2961 saeculi
818 2898 985 2961 abstinent

186 2996 354 3069 apeccato
369 2995 512 3057 mortali.
530 2997 667 3067 Quidam
680 2997 798 3058 timent
812 2996 984 3059 infamiam

186 3086 286 3167 huJus
298 3092 428 3167 mnndi;
443 3093 576 3170 quidam
592 3095 706 3156 saeculi
720 3095 927 3172 potestatem,
942 3111 984 3156 ne

186 3186 384 3251 damnentur
395 3191 436 3252 ad
455 3193 605 3254 mortem.
619 3193 776 3266 Quaedam
796 3192 895 3253 etiarn
910 3208 985 3253 rnu-

186 3285 287 3347 lieres
302 3288 419 3351 timent
431 3304 562 3366 poenam
579 3306 599 3351 a
614 3290 743 3352 maritis
757 3289 981 3366 infligendam.

186 3383 230 3445 Hi
248 3400 376 3460 omnes,
392 3387 469 3464 quia
490 3403 557 3448 non
576 3389 711 3465 propter
732 3391 834 3449 Deum
850 3390 985 3451 serrant

186 3481 410 3561 integritatem
441 3502 611 3559 sensuum,
641 3503 717 3549 curn
743 3486 984 3563 sintrirgines

186 3584 335 3659 corporis
350 3584 407 3646 sed
423 3600 489 3646 non
504 3585 635 3657 mentis,
659 3585 759 3647 fatuae
777 3584 894 3646 merito
911 3584 985 3645 vir-

185 3679 280 3754 gines
304 3682 524 3758 appellantur.
551 3683 635 3755 Quia
658 3698 738 3759 ergo
764 3697 861 3743 nemo
881 3682 931 3743 est
950 3682 985 3742 in

186 3778 346 3851 Ecclesia,
372 3778 428 3856 qui
451 3780 498 3839 sic
513 3781 572 3841 aut
592 3779 642 3841 sic
665 3779 810 3857 quinque
836 3779 985 3855 corporis

186 3873 338 3935 sensibus
354 3891 420 3937 non
443 3878 566 3948 utatur,
594 3876 714 3936 merito
728 3875 876 3937 Ecclesia
891 3875 985 3935 rnili-

185 3970 261 4030 tans
285 3972 448 4033 malorum
472 3974 506 4033 et
528 3970 691 4033 bonorum
713 3972 887 4035 continens
909 3971 986 4032 uni-

186 4066 388 4138 versitatem,
402 4068 515 4130 decern
527 4068 724 4145 virginibus,
741 4085 880 4146 quarum
894 4070 987 4147 quin·

187 4178 250 4239 que
261 4166 338 4226 sunt
351 4164 530 4241 prudentes
540 4166 574 4228 et
583 4166 729 4243 quinque
741 4166 852 4239 satuae,
865 4166 984 4228 similis

186 4260 411 4323 denuntiatur.
426 4266 465 4324 Et
479 4263 527 4324 sic
540 4261 643 4325 habes
654 4264 740 4340 quod
756 4264 907 4342 quaedam
921 4265 986 4326 rir-

173 4358 281 4436 ,gines
305 4362 382 4421 sunt
402 4361 591 4437 prudentes,
616 4364 649 4423 et
671 4362 824 4439 quadam
837 4362 984 4437 virgines

185 4454 296 4517 fatuae.

226 4555 376 4630 Regnum
400 4556 560 4617 coelorum
584 4555 707 4618 dicitur
734 4555 843 4616 simile
869 4555 984 4617 decem

185 4651 373 4729 virginibus
387 4653 487 4715 fatuis
498 4658 531 4715 et
542 4652 769 4731 prudentibus,
782 4652 859 4729 quia
870 4656 985 4715 sancta

185 4750 333 4812 Ecclesia
348 4752 495 4827 repletur
508 4750 605 4812 bonis
622 4753 656 4812 et
674 4750 782 4812 malis.
810 4750 892 4811 Mali
906 4766 985 4811 vero

186 4849 311 4909 suntin
333 4849 481 4911 Ecclesia
494 4865 554 4926 per
564 4848 853 4927 participationem
870 4850 986 4909 Sacra·

186 4946 384 5018 mentorum,
410 4948 488 5023 quia
511 4947 696 5023 suscipiunt
717 4947 832 5008 eadem
859 4948 983 5007 Sacra-

185 5042 297 5103 menta
320 5059 395 5104 cum
418 5044 525 5117 bonis,
549 5045 647 5107 sicuti
669 5046 720 5105 est
742 5042 924 5120 baptismus
952 5044 986 5105 et

184 5138 286 5199 etiam
315 5140 407 5202 tides.
442 5142 546 5203 Sicuti
572 5144 661 5203 enim
689 5141 725 5203 in
751 5156 828 5203 arca
853 5140 985 5202 suerunt

185 5235 343 5298 animalia
359 5238 481 5301 munda
498 5241 530 5300 et
544 5240 725 5311 immunda,
741 5239 789 5302 ita
804 5240 883 5300 sunt
896 5238 984 5299 intra

185 5333 369 5396 Ecclesiam
382 5335 461 5396 boni
476 5337 508 5397 et
520 5338 610 5397 mali.
627 5338 691 5399 Sed
711 5336 789 5399 boni
806 5336 985 5397 manebunt

185 5429 221 5490 in
247 5431 358 5505 domo,
387 5433 482 5505 idest,
508 5434 544 5495 in
569 5434 717 5497 Ecclesia
743 5434 779 5495 in
805 5435 983 5508 aeternum3

186 5529 274 5589 sarri
290 5533 412 5603 autem,
432 5531 528 5605 idest,
546 5532 640 5605 mali,
663 5548 730 5595 uon
751 5531 932 5593 manebunt
950 5531 985 5591 in

185 5627 358 5701 aeternum,
380 5628 458 5707 quia
472 5628 564 5693 iores
576 5630 732 5707 ejiciendi
748 5631 837 5700 sunt,
854 5629 986 5706 quando

651 300 828 365 HONORII
850 302 896 362 111
917 302 1065 363 OPERA.
1082 330 1121 347 -
1136 298 1369 365 SERMONES.

1674 392 1679 400 q
1777 304 1838 365 380

1036 460 1164 525 dicetur
1183 462 1234 525 eis
1254 485 1262 525 ε
1287 464 1412 526 Nescto
1431 477 1492 525 cos
1513 461 1644 542 (Eattlr.
1668 478 1753 536 aar,
1770 462 1837 543 12).

1037 560 1117 621 Item
1132 563 1270 623 :Simile
1282 562 1334 623 est
1343 574 1490 638 realium
1502 565 1703 623 coetorum...
1716 563 1838 621 Decem

1036 656 1184 732 uirgines
1201 659 1278 718 sunt
1292 657 1406 718 decem
1425 657 1571 717 fidelium
1586 657 1726 733 species,
1742 657 1841 718 ride·

1038 754 1126 826 licet,
1142 754 1403 816 misericordiam
1419 754 1589 825 iacientes,
1609 770 1670 815 sua
1694 770 1838 832 corpora

1037 852 1249 928 castigantes,
1269 852 1428 928 virginali
1452 852 1614 913 munditia
1641 853 1837 924 renitentes,

1037 951 1180 1012 orationi
1202 950 1376 1022 instantes,
1392 951 1428 1011 iu
1442 950 1657 1011 tribulatione
1673 951 1706 1013 et
1720 952 1840 1011 contu-

1037 1048 1146 1109 meliis
1163 1048 1338 1125 patientes.
1364 1048 1476 1110 Prima
1494 1048 1622 1125 species
1644 1048 1839 1125 designatur

1037 1144 1072 1204 in
1097 1143 1257 1212 Rebecca,
1286 1160 1359 1220 quae
1387 1145 1531 1205 camelos
1560 1144 1750 1221 adaquavit,
1778 1162 1838 1205 se-

1037 1241 1146 1302 cunda
1169 1241 1203 1302 in
1230 1241 1337 1303 Maria
1364 1257 1479 1303 sorore
1501 1244 1632 1314 Aaron,
1662 1258 1736 1318 qum
1764 1243 1840 1319 post

1037 1340 1214 1401 transitum
1233 1340 1336 1401 maris
1355 1339 1449 1401 rubri
1469 1340 1660 1416 tympanum
1680 1339 1835 1416 sumpsit,

1037 1437 1135 1497 tertia
1151 1435 1187 1497 ln
1206 1437 1276 1498 lilia
1290 1436 1425 1514 caleph,
1448 1452 1522 1514 qum
1546 1433 1708 1513 irriguum
1732 1454 1838 1513 supe-

1037 1534 1108 1595 rius
1131 1536 1164 1596 et
1178 1534 1319 1596 inferius
1334 1535 1438 1611 petiit,
1457 1535 1575 1611 quarta
1590 1534 1706 1595 iutilia
1719 1535 1840 1611 Jepnte

1038 1649 1112 1709 qum
1138 1632 1366 1708 virginitatem
1392 1648 1486 1693 suam
1515 1630 1641 1693 duobus
1668 1632 1839 1693 mensibus

1038 1726 1167 1806 planxit
1189 1730 1225 1790 in
1250 1729 1428 1797 montibus,
1454 1729 1568 1806 quinta
1596 1730 1631 1789 in
1658 1732 1741 1790 Sara
1767 1730 1839 1790 fllia

1038 1828 1212 1903 Raguelis,
1241 1843 1314 1904 quae
1345 1826 1467 1888 auditis
1497 1827 1707 1888 contumeliis
1737 1843 1841 1904 supe-

1038 1922 1128 1987 riora
1141 1924 1304 1986 coenaculi
1318 1925 1371 1985 sui
1386 1924 1546 1986 ascendit.

1078 2024 1115 2082 ln
1131 2021 1182 2081 liis
1195 2022 1341 2099 quinque
1350 2021 1522 2083 ordinibus
1535 2021 1593 2082 alii
1608 2022 1685 2084 sunt
1695 2021 1752 2099 qni
1763 2024 1838 2083 stu-

1038 2118 1116 2181 dent
1130 2120 1262 2196 placere
1277 2121 1355 2190 Deo,
1373 2121 1405 2180 et
1419 2120 1478 2179 alii
1489 2120 1546 2196 qui
1557 2120 1689 2181 student
1704 2120 1839 2196 placere

1038 2216 1171 2277 mundo.
1189 2219 1310 2277 Omnes
1323 2217 1434 2277 tamen
1450 2218 1529 2277 sunt
1540 2216 1687 2292 virgines
1703 2219 1840 2294 propter

1028 2313 1147 2396 tidem,
1164 2315 1242 2391 quia
1257 2314 1343 2376 sicut
1357 2314 1533 2389 virginitas
1555 2315 1667 2375 carnis
1689 2316 1740 2376 est
1759 2328 1840 2375 caro

1038 2410 1222 2488 impolluta,
1239 2411 1286 2472 ita
1298 2410 1475 2487 virginitas
1486 2412 1605 2473 mentis
1616 2413 1666 2472 est
1679 2412 1762 2471 tides
1773 2412 1840 2472 sin·

1039 2524 1126 2569 cera.
1150 2508 1190 2570 Et
1209 2506 1285 2570 llcet
1300 2524 1415 2569 omnes
1439 2509 1507 2577 sint
1520 2509 1679 2584 virgines,
1695 2524 1762 2568 nou
1780 2511 1837 2569 ta-

1039 2620 1113 2667 men
1146 2621 1260 2667 omnes
1284 2607 1362 2667 sunt
1388 2606 1570 2681 sapientes,
1598 2605 1676 2682 quia
1702 2605 1750 2664 illi
1775 2605 1840 2667 soli

1039 2703 1206 2778 sapientes
1219 2705 1296 2764 sunt
1315 2700 1372 2779 qui
1387 2719 1406 2763 a
1422 2705 1490 2763 Deo
1504 2702 1645 2777 gloriam
1661 2703 1836 2778 quaerunt;

1038 2801 1072 2861 et
1085 2800 1160 2861 ideo
1175 2802 1252 2861 sunt
1264 2800 1376 2861 decern
1390 2800 1550 2874 virgines,
1567 2800 1713 2876 quinque
1726 2800 1767 2860 de
1783 2799 1838 2860 bo

1038 2897 1101 2968 nis,
1119 2898 1306 2974 etquinque
1324 2896 1364 2956 de
1379 2897 1487 2957 malis.
1506 2896 1772 2957 Misericordiam
1786 2897 1841 2958 la-

1039 2994 1165 3056 cientes
1180 2997 1259 3055 sunt
1271 2995 1327 3071 qui
1343 2993 1475 3055 student
1493 3009 1656 3070 pauperes
1669 3008 1837 3066 recreare,

1038 3091 1213 3169 dequibus
1238 3091 1361 3153 dictum
1388 3092 1438 3151 est
1457 3092 1492 3151 in
1512 3091 1691 3167 Evangelio
1709 3113 1716 3150 :
1733 3092 1836 3153 Beati

1038 3190 1291 3256 laemericmatcs
1308 3192 1471 3261 ciconiam
1482 3192 1839 3263 ipsamcseiacorcmm

1038 3288 1290 3361 commonentur
1305 3285 1435 3364 (Mattlr.
1451 3301 1485 3358 v,
1505 3284 1550 3363 7).
1568 3288 1607 3347 Et
1627 3286 1662 3345 in
1686 3288 1841 3364 Evange-

1039 3384 1085 3446 lio
1103 3405 1110 3445 :
1126 3386 1215 3446 Date
1228 3390 1490 3458 eleeanospuom,
1511 3385 1543 3445 ct
1565 3387 1683 3445 olicino
1706 3388 1840 3446 multata

1039 3480 1465 3560 saatcooas(1.uc.xr,41).
1483 3483 1521 3542 Et
1535 3481 1569 3541 in
1581 3481 1837 3544 Ecclesiastico:
1888 3502 1893 3517 ¹

1039 3580 1135 3643 Siout
1144 3580 1414 3654 collocaturque
1425 3582 1551 3654 ipuccn,
1564 3579 1613 3639 tto
1624 3583 1840 3654 eleemosyna

1039 3677 1213 3754 cocti-aput!
1244 3676 1422 3750 peccatum
1445 3676 1546 3753 (Eccl.
1571 3692 1621 3745 nr,
1646 3674 1712 3754 33).
1736 3677 1841 3739 Mise-

1040 3775 1184 3836 ricordia
1222 3776 1273 3835 est
1308 3789 1472 3851 pauperes
1502 3775 1660 3846 reficere,
1690 3773 1839 3835 debitum

1039 3873 1221 3944 remittere,
1242 3872 1372 3947 culpam
1388 3872 1588 3933 condonare.
1598 3874 1644 3932 De
1660 3888 1725 3948 qua
1737 3872 1838 3933 Salo-

1040 3984 1136 4031 mon:
1153 3972 1216 4036 orat
1230 3970 1388 4042 sequitur
1401 3972 1680 4031 artisericordiom
1689 3970 1840 4041 etrusc·-

1040 4069 1137 4139 tiom,
1150 4067 1302 4129 incientes
1312 4068 1421 4128 vitam
1434 4067 1623 4143 statoriam
1633 4065 1748 4145 (Pror.
1763 4082 1837 4133 xxr,

1038 4164 1104 4242 21).
1128 4164 1392 4225 Misericordiam
1417 4163 1577 4225 facientes
1592 4166 1669 4225 sunt
1693 4164 1756 4237 illi,
1780 4165 1837 4241 qui

1040 4263 1197 4324 exercent
1219 4261 1411 4322 mandatum
1436 4261 1512 4333 Ilei,
1538 4261 1624 4321 sicut
1653 4261 1777 4337 legitur
1803 4263 1838 4323 iu

1039 4358 1238 4435 Evangelio:
1255 4362 1398 4419 Esurtve'
1419 4359 1452 4419 ct
1472 4361 1613 4420 dedistis
1626 4363 1713 4421 milti
1729 4376 1836 4420 arucia-

1039 4461 1177 4529 ctucare,
1191 4457 1288 4517 sitiet
1302 4456 1335 4517 et
1347 4457 1489 4517 dedistis
1505 4459 1591 4517 ircibt
1615 4458 1729 4518 bibere
1741 4456 1836 4535 (xrs,

1039 4552 1104 4633 35).
1117 4555 1200 4625 Quia
1211 4553 1267 4630 qui
1278 4554 1374 4615 modo
1390 4553 1543 4615 reficiunt
1556 4568 1722 4629 pauperes
1743 4555 1836 4615 elee-

1040 4652 1197 4727 mosynis,
1214 4652 1249 4711 in
1263 4651 1374 4712 futuro
1389 4667 1408 4711 a
1424 4651 1555 4712 Christo
1570 4651 1769 4713 reficiuntur
1780 4668 1838 4711 su-

1040 4764 1260 4825 parmensem
1277 4748 1385 4809 Patris
1401 4749 1436 4808 in
1453 4748 1557 4819 coelis,
1574 4749 1607 4810 et
1624 4763 1836 4826 consequen-

1039 4844 1838 4917 turmisericordiam,idest,delictorurnomnium

1038 4944 1192 5017 veniam3
1219 4942 1305 5004 sicut
1324 4958 1342 5003 e
1363 4944 1532 5005 contrario
1548 4965 1555 5003 :
1569 4943 1739 5005 Judicium
1765 4944 1837 5004 sine

1039 5039 1268 5103 misericordia
1278 5040 1342 5101 erit
1356 5039 1423 5100 illis
1438 5040 1573 5117 quinon
1588 5040 1716 5102 faciunt
1731 5041 1836 5103 mise-

1039 5138 1233 5211 ricordiam3
1256 5138 1332 5215 quia
1354 5137 1528 5215 sicutipse
1550 5138 1718 5200 obturarit
1738 5154 1838 5200 aures

1039 5253 1118 5297 suas
1133 5235 1174 5297 ad
1196 5237 1373 5296 clamorem
1390 5235 1557 5315 pauperis,
1572 5236 1621 5297 ita
1635 5236 1795 5298 clamabit
1805 5238 1838 5297 et

1040 5351 1105 5395 non
1121 5333 1319 5395 exaudietur
1331 5332 1367 5392 iu
1380 5334 1528 5409 tempore
1543 5334 1765 5397 necessitatis.

1082 5432 1144 5505 Qui
1159 5447 1238 5506 ergo
1254 5430 1385 5492 student
1399 5431 1434 5491 in
1450 5431 1672 5509 eleemosynis
1685 5435 1753 5494 Deo
1764 5433 1838 5510 pla-

1040 5546 1127 5601 cere,
1144 5529 1361 5605 designantur
1374 5528 1410 5588 in
1425 5527 1585 5602 Rebecca,
1603 5545 1677 5607 quae
1692 5528 1837 5606 adaqua-

1040 5628 1088 5689 vit
1100 5627 1256 5699 camelos,
1272 5626 1306 5688 et
1328 5626 1440 5703 potum
1464 5625 1555 5689 dedit
1575 5642 1672 5687 servo
1692 5628 1787 5689 Isaac
1803 5628 1837 5688 et
