3802 6166
184 316 244 377 -135

185 476 359 554 qnisquam
374 476 572 554 apostolica
592 477 687 540 Sedis
708 477 838 543 litteras
860 494 984 543 exora-

184 576 246 646 ret,
273 575 371 651 atque
391 573 458 634 alia
485 576 647 650 praeterea
667 575 917 641 constituissent
940 576 981 639 ad

184 671 452 735 Ecclesiasticam
491 672 678 737 libertatem
716 672 980 751 infringendam,

183 770 339 835 Pontifex
358 771 498 831 Senensi
515 769 670 847 episcopo
688 773 800 847 jussit,
821 774 857 835 ut
874 776 982 848 Apos-

182 869 283 933 tolica
308 867 461 932 libertate
487 869 627 931 Pisanos
647 870 778 945 judices
806 870 980 941 consules,

182 982 322 1043 quorum
356 966 496 1028 consilio
528 966 728 1043 Respublica
762 967 981 1031 administra·

181 1064 290 1136 batur,
314 1065 527 1128 anathemate
542 1066 729 1142 percuteret
748 1066 813 1129 nisi
837 1063 986 1143 resipis-'

183 1163 296 1224 cenent
317 1162 621 1237 accessissemus,
646 1162 752 1225 iendis
767 1179 897 1241 quoque
921 1179 981 1225 ec-

744 308 924 381 HONORII
945 320 1072 381 Pam
1093 322 1138 383 111
1160 321 1269 383 vira.

1667 312 1837 383 ’436

1035 494 1092 543 ces
1107 496 1236 558 qnoque
1255 478 1415 559 quasdam
1430 479 1610 558 preferens
1624 481 1661 543 in
1670 481 1837 547 Balduino

1036 578 1142 641 notas.
1171 579 1335 655 Exceptus
1361 579 1550 656 igiturest,
1578 594 1618 641 ac
1651 579 1837 642 honorifice

1036 675 1224 739 aFlendris
1241 675 1384 745 babitus,
1402 693 1518 738 serum
1534 692 1634 755 quum
1654 678 1838 741 affirmaret

1036 788 1072 835 se
1096 789 1116 834 a
1140 774 1318 835 saracenis
1346 777 1477 851 captum
1504 776 1602 839 tidem
1629 776 1836 852 abnegasse;

1036 871 1069 932 et
1089 871 1229 933 Honorii
1253 871 1424 934 Pontificis
1439 873 1656 950 indulgentia,
1683 876 1837 952 septenni

1036 970 1164 1030 tantum
1178 969 1372 1046 poenitentia
1388 971 1546 1047 iuJuncta,
1575 973 1682 1048 patuit
1703 973 1837 1035 tandem

1036 1066 1181 1129 bominis
1208 1067 1404 1144 impostura,
1433 1084 1473 1130 ac
1494 1070 1679 1146 quaestiona
1708 1069 1836 1143 habita,

1037 1180 1138 1240 quum
1152 1164 1229 1227 falsi
1251 1165 1391 1229 crimine
1416 1166 1640 1239 damnaretur,
1656 1169 1837 1243 suspendio

182 1259 382 1323 clesiastlcis
402 1261 529 1338 privari
551 1276 610 1323 eos
628 1261 740 1339 jussit,
764 1261 800 1324 ut
820 1263 983 1323 memorat
1036 1261 1140 1323 sitam
1158 1262 1271 1339 exegit
1288 1261 1483 1342 (antonus.
1497 1265 1545 1336 19,
1558 1265 1628 1335 c.3,
1641 1265 1700 1339 55.
1714 1268 1835 1328 Krant.

182 1359 363 1435 Gregorius
379 1361 424 1421 IX
438 1358 496 1420 lib.
513 1361 551 1430 V,
566 1360 617 1427 tit,
633 1360 683 1430 39,
698 1375 726 1421 c.
744 1361 783 1421 ea
798 1360 831 1423 et
844 1361 884 1421 58
898 1357 959 1438 (1).
1036 1360 1183 1433 metrop.
1199 1359 1257 1421 lib.
1271 1365 1301 1433 7,
1318 1377 1347 1423 c.
1363 1359 1428 1440 41).

223 1456 383 1519 Accidere
411 1460 522 1519 autem
550 1456 710 1520 nonnulla
728 1459 806 1533 jure
831 1472 981 1519 comme·
1076 1454 1259 1531 Eugubinis
1273 1456 1406 1533 praefuit
1425 1457 1460 1518 in
1475 1456 1664 1535 episcopum
1681 1459 1838 1521 vei-inri-

184 1555 356 1617 moranda.
368 1557 405 1617 ln
418 1554 594 1631 primisset
606 1554 688 1616 illud
702 1557 860 1619 Romanae
874 1555 983 1619 Eccle-
1037 1553 1106 1614 tum
1122 1555 1272 1616 sanctum
1288 1554 1463 1627 Ubaldum,
1490 1571 1586 1631 quem
1601 1556 1757 1618 Perusini
1772 1557 1835 1617 sibi

183 1653 244 1714 siaa
264 1653 457 1715 cancellarii
481 1670 601 1715 munus
621 1668 641 1715 a
666 1654 825 1729 primaeva
843 1653 983 1717 institn—
1034 1653 1104 1727 jam
1117 1651 1215 1713 antea
1229 1651 1489 1715 destinaverant.
1505 1653 1692 1730 Stephanus
1707 1656 1839 1717 Cremo·

185 1750 276 1812 tione
291 1750 511 1811 immutatum.
533 1753 612 1812 Cum
634 1751 757 1813 etenim
779 1750 821 1813 ad
842 1750 983 1815 Honorli
1038 1748 1151 1811 nensis
1174 1747 1210 1813 in
1239 1750 1316 1811 Vita
1337 1753 1373 1815 S.
1402 1753 1528 1823 Uballt,
1553 1766 1583 1813 c.
1603 1753 1624 1813 5
1642 1753 1675 1815 et
1692 1754 1723 1825 6,
1748 1752 1836 1829 apud

184 1864 290 1925 usque
322 1848 565 1925 pontificatum,
599 1864 729 1924 semper
762 1848 981 1911 cardinalium
1038 1847 1185 1919 surium,
1200 1847 1280 1911 tom.
1295 1853 1325 1920 7,
1342 1848 1433 1913 Maii.

184 1946 350 2023 quispiam
376 1945 426 2006 illi
455 1945 653 2023 praefuisset,
674 1948 743 2007 tum
771 1947 913 2023 primum
941 1946 982 2007 ad
1077 1945 1279 2006 Bononiensi
1304 1946 1554 2017 archidiacono,
1584 1946 1837 2024 inperpetuum

184 2044 269 2105 alios
285 2043 407 2104 deferri
429 2044 539 2120 coepit.
569 2044 727 2104 Defuncto
753 2043 841 2104 euim
855 2045 984 2107 loanns
1039 2043 1249 2120 privilegium
1273 2044 1424 2116 contulit,
1454 2060 1518 2120 quo
1542 2044 1732 2107 doctoratus
1759 2045 1837 2106 iau·

184 2142 325 2203 diacono
349 2141 513 2202 cardinali
538 2144 571 2202 S.
601 2142 716 2202 Mariae
746 2141 781 2203 in
809 2141 983 2205 cosmedin
1039 2155 1142 2212 ream,
1158 2140 1306 2218 qualibet
1320 2140 1488 2213 facultate,
1503 2141 1699 2220 cuicumque
1709 2143 1745 2203 in
1757 2141 1837 2204 urbe

185 2242 259 2316 ejus
284 2239 432 2301 muneris
462 2238 633 2315 praefecto,
661 2240 828 2301 Honorius
855 2255 923 2303 non
949 2241 986 2299 nt
1039 2239 1188 2303 Bononia
1203 2238 1355 2303 conferre
1370 2239 1469 2314 digne
1488 2241 1610 2315 posset,
1625 2243 1661 2304 ut
1675 2241 1838 2303 memorat

185 2338 284 2398 antea
300 2339 487 2415 quempiam
512 2337 732 2398 cardinalium
747 2336 983 2399 cancellarium
1039 2336 1140 2399 Clam.
1156 2336 1192 2398 in
1207 2338 1369 2399 clement.
1387 2338 1419 2407 2,
1434 2340 1485 2397 De
1496 2338 1636 2413 Mapnt.

186 2451 260 2497 esse
277 2435 389 2512 jussit,
410 2437 468 2497 sed
493 2436 696 2512 Raynerium
715 2434 868 2497 adhibuit
889 2435 983 2511 prio·
1079 2434 1430 2499 commendatissimus
1444 2434 1556 2511 itaque
1570 2434 1634 2495 fnit
1648 2434 1762 2497 multis
1777 2452 1838 2496 no-

187 2549 257 2594 rem
275 2534 387 2595 Sancti
404 2534 551 2595 Fridiani
567 2533 726 2594 Lucensis
741 2532 906 2603 dioecesis,
928 2533 985 2609 qni
1040 2530 1184 2592 minibus
1206 2532 1383 2602 Honorius,
1399 2531 1484 2608 qnod
1506 2532 1634 2593 scilicet
1648 2533 1838 2608 praedeces-

187 2648 229 2692 ne
255 2631 482 2692 cardinalibus
511 2631 638 2708 aequari
664 2630 750 2691 veile
780 2631 983 2697 censeretur,
1040 2644 1151 2689 sorum
1180 2629 1376 2691 Pontificum
1403 2629 1497 2691 Lucii
1526 2632 1587 2701 ΙΙΙ,
1620 2629 1747 2695 Urbani
1780 2634 1836 2703 ΙΙΙ,

191 2732 509 2791 Vicecanceltartum
526 2744 600 2789 sese
620 2726 840 2804 nuncupabat,
868 2727 917 2789 uti
943 2742 985 2787 ex
1040 2726 1218 2787 Clementis
1239 2728 1285 2789 111
1312 2727 1345 2787 et
1370 2727 1555 2789 innocentii
1581 2730 1643 2799 ΙΙΙ,
1672 2728 1837 2791 constitu-

186 2826 286 2903 bujns
300 2826 439 2888 Honorii
466 2826 645 2904 diplomate
659 2824 934 2888 animadvertisse
949 2840 985 2884 se
1039 2823 1148 2885 tiones
1173 2825 1209 2885 in
1231 2840 1334 2885 unum
1356 2824 1528 2901 collegerit
1544 2825 1710 2897 volumen,
1734 2828 1839 2889 Bono·

185 2926 357 2996 memorat,
384 2925 447 2986 boc
467 2924 540 2986 loco
559 2924 787 3000 Houupiuius,
803 2923 904 2999 Epist.
922 2925 985 2989 orsi
1041 2921 1167 2982 niensis
1200 2922 1265 2983 viri
1289 2921 1416 2997 egregii
1446 2938 1525 2985 usus
1550 2938 1650 3000 opera
1678 2921 1746 3000 (2);
1781 2924 1837 2985 sed

186 3024 297 3094 rttns;
313 3023 445 3084 tametsi
460 3023 574 3099 postea
589 3021 630 3082 ad
646 3020 834 3085 cardinales
847 3020 986 3083 redierit
1040 3021 1154 3097 postea
1178 3020 1330 3095 Gregorii
1351 3022 1407 3087 ΙΧ,
1427 3020 1525 3081 editis
1547 3020 1771 3083 Decretalium
1792 3022 1836 3083 li-

186 3120 219 3180 id
234 3136 366 3192 munus,
383 3121 515 3182 nonest
532 3119 754 3190 intermissus,
774 3118 984 3197 nequeenim
1038 3117 1120 3189 bris,
1136 3117 1329 3179 Honoriana
1343 3117 1494 3179 collectio
1516 3117 1706 3181 intermissa
1724 3120 1787 3192 ast,
1803 3121 1838 3181 ut

188 3217 255 3279 aiio
283 3218 379 3279 titulo
406 3216 448 3279 ob
476 3216 508 3277 id
533 3219 681 3288 utuntur,
705 3232 805 3292 quam
828 3216 986 3279 vicecan-
1038 3217 1184 3277 ioannes
1200 3215 1340 3277 suares
1356 3215 1712 3291 jurisconsultissimus
1728 3217 1837 3294 smp-

187 3314 317 3377 ceilarii
348 3316 382 3377 et
412 3318 490 3394 jure
517 3314 648 3392 quidem
681 3335 689 3375 ι
713 3312 984 3391 Quandoquidem
1039 3315 1109 3377 tum
1125 3313 1271 3391 reliquit,
1286 3315 1319 3376 et
1331 3313 1488 3375 Antonin.
1504 3315 1554 3376 tit.
1570 3315 1618 3385 19,
1633 3330 1662 3376 c.
1678 3316 1836 3391 apr-ow,

176 3413 300 3503 'divum
326 3415 564 3491 Hieronymum
587 3413 689 3475 fnisse
710 3411 924 3483 cardinalem,
953 3412 986 3473 et
1040 3413 1276 3487 etcfprtnc„
1290 3410 1837 3477 etMassonusinBonifaciovlil.

187 3512 308 3574 litteris
329 3513 364 3573 in
384 3528 516 3574 omnem
535 3511 649 3572 orbem
667 3509 866 3588 apostolica
891 3509 985 3571 Sedis
1041 3509 1180 3586 Scripsit
1206 3510 1239 3571 et
1264 3508 1393 3571 litteras
1415 3508 1543 3587 aliquot
1561 3507 1609 3588 (3)
1636 3510 1839 3588 praecipuam

188 3611 321 3672 nomine
336 3610 505 3673 mittendis
518 3609 720 3687 praefectum,
738 3610 775 3671 ut
789 3608 860 3686 ipse
878 3609 984 3669 testa·
1041 3623 1140 3669 unam
1174 3606 1215 3667 ad
1248 3606 1446 3667 Turonicam
1476 3607 1594 3669 Galliae
1620 3608 1837 3684 provinciam,

187 3709 243 3769 tur
263 3708 298 3768 in
320 3707 460 3783 epistola
475 3705 516 3768 ad
539 3706 800 3777 Pammachium,
828 3705 874 3769 tta
896 3707 985 3765 certe
1040 3721 1105 3781 qua
1130 3704 1170 3765 de
1194 3704 1384 3767 Damiataa
1412 3704 1610 3767 Christianis
1636 3708 1838 3782 expugnata,

187 3820 285 3866 neruo
313 3804 454 3876 errabit,
490 3803 548 3882 qui
582 3804 764 3881 putaverit,
799 3801 986 3865 cardinales
1041 3803 1074 3863 ot
1092 3817 1220 3864 summa
1242 3801 1401 3865 felicitate
1422 3802 1545 3864 domita
1567 3804 1742 3865 certiorem
1764 3804 1841 3867 red-

188 3918 303 3964 omnes
338 3902 490 3978 quamvis
524 3901 749 3979 amplissimos
784 3900 873 3961 noiie
909 3899 986 3960 divo
1041 3899 1103 3970 dit,
1138 3914 1212 3960 cum
1241 3899 1313 3976 ipse
1338 3915 1358 3963 a
1386 3902 1514 3963 loanne
1537 3901 1840 3978 Hierosolymitano

188 4001 391 4077 Hieronymo
416 4000 553 4078 aequari,
579 4001 689 4076 potius
710 3999 760 4060 illi
786 3998 987 4069 subessent
1040 4011 1119 4071 rege
1138 3995 1178 4056 de
1193 4011 1232 4058 ea
1252 4013 1290 4057 re
1304 3995 1424 4059 fuisset
1439 3997 1626 4061 admonitus
1642 4013 1701 4075 per
1716 4000 1841 4075 episto-

189 4099 245 4177 qni
260 4113 339 4159 vere
353 4097 544 4161 cancellarii
558 4114 678 4159 munius
693 4097 891 4167 exercuerit,
903 4096 986 4159 adeo
1041 4093 1119 4155 lam.
1135 4095 1273 4157 Exstant
1283 4095 1433 4171 utrasque
1447 4095 1566 4159 litterae
1579 4096 1668 4157 inter
1680 4096 1841 4172 epistolas

189 4211 291 4273 penes
312 4212 347 4257 sa
365 4196 498 4258 titulum
522 4213 600 4258 vere
620 4196 807 4267 retinuerit,
836 4196 872 4257 ut
895 4195 988 4271 qnis-
1042 4191 1133 4257 Petri
1156 4190 1325 4253 Blesensis
1344 4195 1418 4268 ejns
1439 4193 1598 4269 temporis
1624 4209 1690 4255 non
1716 4194 1840 4256 indocti

190 4294 265 4372 quis
287 4294 346 4356 ille
365 4295 408 4357 sit
431 4295 488 4371 qni
512 4294 562 4355 illi
581 4294 789 4366 successerit,
816 4308 882 4355 non
898 4294 989 4354 Carc-
1042 4290 1200 4353 anctoris.
1226 4290 1348 4352 Dautos
1376 4290 1477 4353 etiam
1504 4290 1695 4366 migliarius
1722 4294 1840 4353 Hono-

188 4396 348 4456 cetlartus
363 4393 418 4454 sed
441 4395 741 4454 vicecancellarius
764 4393 985 4467 nuncupatur.
1042 4389 1129 4450 rium
1157 4388 1193 4450 in
1223 4387 1397 4450 undecimo
1424 4390 1589 4451 Paradtst
1617 4391 1716 4455 cantu
1744 4405 1841 4451 com-

230 4486 985 4562 Acciditetaliudinsigniterhistoriadignum.

190 4589 270 4649 Cum
292 4586 381 4650 enirn
402 4583 586 4646 Balduinus
610 4582 777 4647 Fiandriae
800 4599 921 4655 comes,
947 4583 988 4643 de

190 4702 256 4763 quo
269 4700 371 4762 supra
386 4684 482 4761 plura
499 4681 655 4752 diximus,
664 4683 736 4759 jam
755 4681 852 4745 annis
866 4682 906 4743 20
928 4680 989 4742 ab·

191 4784 319 4854 fuisset,
349 4781 599 4856 deferreturque
624 4779 660 4841 in
686 4781 851 4855 Europam
875 4794 989 4841 rumor

191 4897 276 4957 pene
306 4879 511 4941 indubitatus
542 4892 617 4939 eum
647 4876 751 4940 fuisse
783 4876 986 4944 defunctum,

192 4980 374 5041 emerserat
387 4978 423 5038 in
442 4976 598 5038 flandria
615 4976 764 5053 quidam.
781 4975 836 5052 qui
854 4990 890 5035 se
911 4974 990 5035 Bai-

193 5078 330 5137 dninum
345 5076 598 5137 contestaretur.
615 5076 694 5135 Erat
705 5074 795 5135 enim
808 5088 867 5151 per
878 5072 989 5148 singu-

192 5175 243 5235 las
263 5172 412 5250 corporis
431 5173 543 5248 partes
558 5171 609 5234 illi
632 5170 822 5250 persimilis.
849 5170 990 5233 Cicatri-

229 5305 270 5377 (i)
289 5304 329 5363 af.
350 5320 428 5377 supr.
450 5304 547 5372 occist.
565 5304 683 5375 compr.
701 5304 843 5373 iib.V,tit.
862 5304 904 5372 ra,
917 5316 943 5360 c.
962 5304 987 5371 Ι,

193 5382 247 5439 coi.
260 5380 328 5447 3703
340 5378 381 5434 tit.
398 5376 439 5442 is,
456 5376 522 5444 cd,
539 5376 565 5443 6,
582 5376 636 5432 col.
650 5376 712 5432 377.

230 5454 269 5524 (Ξ)
290 5453 352 5508 Non
368 5454 478 5504 tantum
493 5447 735 5520 praedecessorum
751 5459 867 5502 snorum
882 5447 986 5503 Decre-

193 5527 266 5585 tales
279 5520 421 5579 Hortarius
433 5518 549 5592 collegit
566 5520 594 5574 in
610 5533 659 5573 suu
678 5518 743 5572 Gom
764 5516 890 5584 flatione,
908 5522 938 5573 ut
951 5516 990 5572 uit

194 5596 324 5669 llaioius,
332 5589 386 5674 sed
401 5596 430 5647 et
432 5590 571 5717 §ronnas
585 5588 720 5660 epistolas
749 5586 888 5655 ecretales
902 5585 990 5669 multo

194 5675 416 5729 trurnerosmres.
458 5673 531 5733 eque
549 5672 635 5731 opera
650 5656 790 5719 tancredi
801 5659 990 5717 mnonrensrs

1042 4485 1185 4558 mandat,
1200 4502 1273 4563 qnae
1288 4484 1388 4549 etiam
1402 4485 1519 4549 recolit
1533 4488 1719 4547 Massonus.

1083 4586 1195 4647 Romae
1206 4583 1386 4649 Ecclesiam
1399 4583 1611 4647 S.Lanrentii
1623 4585 1843 4649 extramuros

1042 4698 1082 4744 ac
1102 4682 1278 4745 Basilicam
1289 4682 1408 4744 Sancta
1424 4683 1632 4749 Sanctorum,
1647 4682 1845 4749 ecclesiam-

1043 4796 1106 4858 que
1121 4782 1154 4842 S.
1173 4779 1321 4842 Bibianae
1340 4780 1496 4843 restituit.
1525 4780 1628 4845 AEdes
1648 4780 1844 4845 casamarii

1043 4875 1235 4949 aediflcavit3
1259 4874 1503 4938 semifornicem
1524 4876 1558 4939 et
1576 4876 1739 4939 ciborium
1754 4875 1844 4939 beati

1046 4974 1140 5037 Pauli
1155 4974 1250 5034 miris
1263 4973 1417 5050 operibus
1433 4974 1618 5039 exornavit.
1636 4976 1726 5037 Bene
1741 4974 1845 5051 igitur

1044 5088 1083 5134 ac
1097 5071 1193 5133 beate
1211 5070 1310 5133 vitam
1328 5070 1463 5142 ducens,
1487 5072 1524 5132 ut
1539 5070 1661 5133 bonum
1675 5074 1843 5148 pastorem

1043 5168 1195 5240 decebat,
1223 5167 1391 5231 Honorius
1419 5168 1531 5244 exegit
1550 5168 1792 5247 pontificatum.
1816 5172 1845 5231 A

1044 5315 1112 5359 usus
1127 5306 1181 5368 est,
1195 5306 1225 5356 ut
1235 5297 1332 5355 videre
1346 5306 1391 5355 est
1404 5314 1481 5427 supr.
1493 5300 1547 5356 coi.
1560 5300 1621 5357 ros.
1637 5300 1760 5373 blojolus
1775 5314 1845 5356 vero

1045 5388 1101 5429 uon
1118 5370 1217 5428 hebuit
1229 5372 1257 5427 in
1272 5370 1404 5427 manibus
1419 5371 1437 5427 il

1045 5459 1122 5508 suern,
1137 5442 1173 5499 de
1185 5455 1241 5523 qna
1254 5442 1385 5513 loquitur.

1080 5514 1120 5585 (3)
1142 5514 1263 5586 biapolus
1292 5512 1398 5583 aliquot
1428 5512 1537 5569 litteras
1567 5520 1723 5583 memorat,
1755 5529 1844 5586 quum

1044 5592 1157 5655 emieat
1169 5598 1256 5659 snpra
1272 5584 1396 5657 quinque
1411 5584 1509 5642 millia.

1450 5385 1497 5427 am
1511 5371 1644 5439 Quintam
1658 5371 1844 5445 mispilario-
