3802 6166
126 243 181 301 711

125 402 230 479 partis
264 405 515 479 procuratorum
553 419 707 475 assensu,
738 404 921 466 venerabili

124 501 220 564 166111
237 505 387 563 666116...
398 505 534 564 Reman.
548 501 923 580 archiepiscopoetcon-

121 599 291 677 jndicibus
310 599 379 659 suis
397 614 416 659 a
435 597 531 660 bonae
544 600 713 661 memoriae
731 601 922 663 Innocentio

124 714 210 775 papa
223 697 466 774 praedecessore
478 699 593 759 nostro
605 699 780 759 commissa
793 697 920 771 luisset,

125 797 157 857 et
170 812 273 872 usque
288 794 328 855 ad
345 794 415 857 litis
430 796 716 868 contestationem,
729 797 805 869 616,
822 812 923 875 prop-

123 896 176 955 166
190 893 406 954 remotionem
423 895 534 956 tamen
557 893 708 971 judicum
732 895 922 957 eorumdem

126 1006 186 1068 per
199 990 345 1068 quinque
358 1007 464 1052 annos
483 991 675 1068 etamplius
696 992 844 1054 indecisa
862 1009 921 1054 re-

124 1089 259 1149 mansit.
272 1088 367 1150 Unde
380 1089 457 1167 quia
475 1090 718 1152 commissionis
733 1091 921 1167 buJusmodi

125 1185 247 1247 litterae
271 1187 796 1265 6661661666,616111661666666
821 1188 921 1249 etiam

123 1287 326 1346 memoratus
347 1287 515 1362 assumpto
535 1285 677 1346 61611166
697 1287 805 1347 616616
827 1286 922 1361 signo

123 1381 190 1442 1166
215 1381 372 1458 66616611,
399 1385 435 1445 61
463 1383 615 1445 exsolvat
642 1384 781 1446 Domino
809 1385 922 1445 votum

122 1495 230 1545 suum,
254 1479 424 1543 humiliter
447 1482 627 1558 postulavit
654 1497 674 1542 a
700 1481 807 1554 nobis,
832 1482 869 1543 ut
891 1481 922 1542 ei

123 1577 296 1654 superhoc
318 1577 493 1654 providere
517 1579 778 1641 misericorditer
799 1579 922 1655 digna-

121 1690 245 1736 remur.
277 1675 438 1748 Quocirca
474 1676 668 1739 discretioni
702 1678 822 1739 vestrae
863 1692 923 1754 666

122 1772 313 1849 apostolica
338 1774 462 1851 scripta
481 1775 688 1845 mandamus,
706 1776 878 1851 quatenus,
893 1774 922 1834 61

123 1874 174 1930 661
189 1871 246 1941 116,
258 1887 323 1932 666
340 1871 492 1933 obstante
507 1872 739 1933 commissione
751 1872 919 1949 praedicta,

121 1967 272 2046 partibus
310 1969 510 2040 6666666116,
539 1970 684 2031 66116116
720 1986 867 2040 666666,
890 1971 923 2031 61

122 2066 370 2143 6666116116666
386 2068 512 2128 166616
524 2067 589 2128 tine
602 2067 710 2129 debito
723 2066 919 2129 terminetis.

122 2165 308 2237 Facientes,
325 2167 387 2227 etc.
404 2167 519 2227 Testes
545 2168 666 2237 autem,
690 2168 752 2228 etc.
777 2165 868 2237 Quod
892 2165 920 2226 si

121 2279 187 2322 non
203 2277 328 2335 omnes,
346 2265 421 2335 etc,
443 2263 508 2324 duo
530 2266 689 2337 vestrum,
714 2265 776 2325 etc.
803 2266 921 2326 ilatum

121 2362 234 2422 Rornae
260 2361 348 2438 apud
371 2364 404 2423 S.
431 2363 576 2434 Petrum,
594 2365 621 2424 V
636 2360 798 2425 kalendas
827 2362 919 2434 maii,

122 2472 211 2519 anno
226 2458 381 2520 secunde.

443 2612 601 2698 CCVIII

161 2764 213 2823 Ad
228 2762 644 2836 66666166616661161666
658 2765 878 2824 Arrreltanen.

409 2893 443 2952 11
455 2894 535 2966 666.
553 2893 632 2950 rara.

154 3025 272 3090 11166661,
284 3025 329 3075 lib.
338 3025 368 3083 ll,
379 3025 453 3090 epist.
468 3024 537 3076 1031.
549 3027 606 3076 bles.
618 3026 654 3076 La
666 3027 740 3076 Parte
750 3027 784 3077 dn
795 3025 888 3089 111611]

121 3142 336 3202 ordinationem
347 3158 432 3215 super
445 3141 599 3200 residentia
610 3149 639 3200 et
651 3140 916 3201 161666116166666-

155 3233 285 3289 uicorum
308 3231 438 3289 66616616
461 3231 779 3300 1616116666.,61)616
803 3230 918 3301 166166,

156 3320 318 3379 confirmat.

160 3448 339 3519 Honorius,
360 3449 437 3521 616,
461 3447 591 3510 (11166116
613 3447 729 3509 filiis...
746 3448 920 3511 (16666661

121 3544 266 3620 capitulo
279 3544 506 3616 6666116666,
524 3545 676 3612 6616166,
690 3549 753 3606 616.

162 3640 380 3699 sacrosancta
394 3640 543 3699 Romana
559 3638 706 3699 Ecclesia
722 3652 829 3712 esque
845 3653 920 3699 666-

120 3732 244 3797 166616.
270 3738 314 3795 Ea
331 3737 475 3811 propter,
496 3735 608 3797 dilecti
628 3736 663 3796 16
683 3736 822 3797 Domino
844 3735 916 3808 lilii,

119 3833 348 3910 vestrisjusus
360 3833 585 3910 petitionibus,
595 3836 755 3910 quantum
765 3848 840 3894 666
851 3834 919 3896 Deo

120 3946 307 4006 possumus,
321 3934 416 4007 grato
428 3933 664 3993 concurrentes
678 3946 817 3993 assensu
828 3931 920 3992 ordi-

121 4029 290 4089 nationem
316 4045 414 4105 super
437 4029 630 4100 residentia,
661 4030 694 4090 et
722 4028 919 4092 foraneitate

120 4125 357 4187 canonicorum
366 4125 515 4187 ecclesiae
523 4126 774 4188 restraeavobis
782 4126 920 4203 provide

121 4222 243 4285 iactam
258 4223 292 4285 et
301 4225 491 4300 juramento
511 4223 687 4296 firmatam,
711 4225 798 4286 sicut
809 4225 844 4285 in
859 4225 919 4285 111-

120 4321 203 4383 16116
217 4321 339 4382 6661116
361 4320 590 4398 perspeximus
609 4322 785 4391 contineri,
801 4323 919 4384 66616-

119 4419 220 4481 ritate
233 4419 422 4497 apostolica
438 4420 685 4492 confirmamus,
700 4420 733 4481 et
745 4419 919 4496 praesentis

122 4517 238 4597 scripti
268 4517 455 4595 patrocinio
479 4519 732 4579 communimus.
758 4517 919 4578 Tenerem

123 4619 218 4693 cujus
234 4615 274 4676 ad
299 4619 461 4694 majorem
481 4616 669 4677 1166116166
691 4616 733 4676 (16
755 4614 857 4675 verbo
878 4614 918 4675 ad

121 4714 258 4775 verbum
278 4713 499 4792 praeseniibus
514 4713 670 4774 duximus
691 4712 917 4784 inserendum,

122 4813 178 4889 qni
194 4814 244 4873 est
258 4811 335 4874 talis
352 4834 360 4872 ε

163 4927 181 4967 (1
202 4910 285 4980 Quia
301 4910 443 4971 ecclesia
458 4909 672 4970 aurelianen.
690 4907 799 4969 debito
815 4907 919 4968 divini

123 5005 224 5066 6111611
242 5006 391 5079 66161116,
408 5023 468 5084 666
482 5004 685 5083 frequentem
703 5004 919 5083 quorumdam

123 5104 358 5165 canonicorum
379 5103 576 5171 absentiam,
591 5119 649 5164 eeu
670 5103 917 5178 negligentiam,

123 5203 239 5262 contra
267 5201 453 5264 honestatis
484 5203 517 5263 et
545 5201 684 5263 rationis
716 5200 919 5277 exigentiam

123 5313 239 5360 carere
253 5299 437 5375 sepissime
452 5299 642 5375 cogebatur,
658 5299 733 5359 ideo
747 5314 767 5359 a
780 5297 918 5368 decano,

122 5401 155 5457 61
171 5396 336 5457 661666616
351 5397 531 5469 666661616,
546 5397 703 5474 66166666
718 5396 920 5457 assentiente

122 5495 155 5555 et
179 5493 394 5571 approbante,
420 5495 578 5556 statutum
596 5494 646 5555 est
665 5496 698 5554 et
712 5493 919 5569 singulorum

118 5593 308 5669 juramento
337 5592 515 5661 firmatum,
547 5591 633 5668 quod
664 5591 774 5652 nullus
802 5606 918 5652 eorum

746 244 920 309 IIONORII
944 246 985 305 III
1010 246 1157 308 OPERA.

1720 248 1778 312 112

977 407 1099 482 praeter
1121 405 1399 484 vigintiquinque
1417 405 1543 470 solidos
1568 410 1629 471 661
1651 411 1777 473 1661611

978 503 1083 576 66166,
1102 506 1161 566 661
1178 505 1488 567 anniversariorum
1502 507 1672 580 denarios,
1690 510 1718 569 si
1733 512 1778 570 ta·

978 617 1052 663 666
1067 601 1137 663 11116
1152 602 1349 675 interfuerit,
1368 603 1525 682 deinceps
1545 605 1587 666 (16
1602 606 1776 683 praebenda

977 715 1037 759 sua
1054 700 1225 777 666616161,
1239 717 1301 762 666
1314 702 1458 780 aliquem
1474 705 1627 781 recipere
1637 720 1778 766 consen-

977 797 1046 869 tiet,
1064 798 1162 858 61616
1178 797 1332 860 1161661116
1346 801 1490 876 augusti,
1511 803 1675 878 usquead
1693 802 1777 864 alias

978 894 1123 971 ejusdem
1139 897 1263 958 mensis
1277 897 1449 970 kalendae,
1463 900 1497 960 16
1512 899 1650 961 61611616
1666 903 1775 962 666116

977 993 1064 1068 apud
1088 1010 1148 1055 nos
1175 996 1380 1057 mansionem
1408 996 1444 1056 in
1469 998 1606 1074 propria
1635 1014 1775 1075 persona

979 1089 1094 1152 1666111
1107 1108 1167 1168 666
1179 1107 1238 1153 sex
1248 1109 1378 1156 menses
1388 1095 1557 1168 continue,
1568 1096 1622 1157 vel
1633 1097 1777 1174 1616166

978 1186 1054 1257 1616,
1071 1187 1241 1249 66661666
1256 1191 1453 1266 6666616116
1466 1206 1527 1268 661
1541 1195 1688 1269 6661666
1702 1209 1776 1269 sep·

978 1285 1134 1357 tirnanas,
1150 1289 1290 1349 caveant
1309 1289 1419 1348 tamen
1440 1290 1588 1350 6661666
1604 1291 1774 1352 servitium

977 1382 1129 1443 66616616
1144 1382 1244 1444 61616
1256 1384 1462 1460 negligentes
1480 1386 1640 1447 existant.
1656 1387 1776 1464 Siquis

977 1480 1087 1540 autem
1103 1478 1164 1551 eis,
1185 1481 1305 1557 quibus
1320 1483 1465 1558 provisio
1480 1483 1582 1560 hujus
1597 1484 1648 1544 rei
1669 1484 1774 1561 depu-

977 1576 1117 1647 tabitur,
1142 1578 1182 1639 de
1211 1580 1384 1641 mansione
1411 1596 1478 1641 666
1503 1581 1588 1642 bene
1612 1582 1774 1657 66661616

977 1678 1152 1752 6666661116
1169 1676 1328 1746 fueritin
1347 1678 1492 1753 66611616
1507 1680 1702 1756 requisitus,
1720 1682 1775 1739 661

973 1775 1199 1851 juramentum
1225 1774 1266 1836 de
1297 1774 1396 1851 plano
1429 1774 1576 1854 66616616
1603 1777 1774 1838 mansione

978 1872 1157 1947 prestabit,
1180 1873 1240 1935 661
1261 1888 1300 1934 eo
1316 1889 1405 1934 anno
1421 1873 1607 1949 praebendae
1629 1874 1775 1936 redditus

977 1970 1064 2031 sicut
1078 1969 1303 2045 supradictum
1317 1973 1377 2042 661,
1392 1971 1531 2033 6611161.
1546 1973 1609 2044 Qui
1622 1972 1774 2033 missuse

977 2067 1121 2143 capitulo
1131 2067 1173 2128 ad
1186 2068 1337 2128 ecclesiae
1346 2069 1479 2144 negotia
1493 2068 1607 2140 166111,
1617 2070 1774 2147 quamdiu

976 2164 1011 2224 in
1032 2165 1167 2226 servitio
1187 2165 1335 2244 ejusdem
1357 2166 1508 2228 66616616
1523 2166 1722 2238 morabitur,
1744 2167 1774 2227 61

977 2262 1266 2339 permansionem
1301 2262 1518 2340 reputabitur.
1553 2264 1775 2342 Excipiuntur

976 2360 1121 2422 etiamin
1132 2360 1194 2422 hoc
1202 2361 1585 2438 juramentomanilestee
1596 2378 1773 2438 corporum

976 2458 1203 2534 egritudines,
1231 2460 1400 2536 captiones
1424 2460 1581 2536 polentiae
1603 2461 1775 2520 saecularis

976 2557 1145 2629 violentia,
1167 2560 1288 2619 etcum
1308 2557 1441 2618 licentia
1461 2557 1600 2635 capituli
1622 2574 1719 2618 mora
1741 2559 1773 2617 in

976 2647 1111 2727 scholis,
1136 2672 1310 2732 processus
1330 2655 1371 2716 ad
1387 2655 1513 2716 curiam
1528 2658 1727 2724 Romanam,
1743 2657 1774 2716 61

975 2754 1044 2815 6116
1060 2753 1215 2831 quaelibel
1226 2753 1450 2830 peregrinabo
1469 2768 1571 2814 causa
1591 2753 1769 2821 orationis;

976 2852 1188 2928 exceptiones
1197 2850 1772 2927 166661616616666616161666116166

976 2949 1228 3026 prebendarum
1242 2965 1307 3009 non
1319 2948 1500 3024 indulgent,
1513 2947 1620 3009 donec
1636 2965 1698 3024 per
1711 2949 1773 3009 dic·

974 3047 1042 3108 tam
1056 3045 1261 3107 mansionem
1276 3044 1472 3121 completam
1488 3043 1678 3120 prebendae
1692 3045 1776 3104 inte-

975 3143 1129 3218 gritatem
1164 3142 1357 3203 meruerint.
1394 3141 1595 3218 Capelianus
1627 3141 1773 3218 episcopi

975 3239 1133 3318 quamdiu
1145 3241 1179 3301 in
1189 3239 1327 3301 66161116
1338 3238 1484 3315 ejusdem
1498 3241 1594 3300 extra
1606 3239 1773 3301 civitatem

974 3338 1169 3410 morabitur,
1194 3338 1222 3398 si
1242 3337 1381 3398 vacante
1399 3337 1547 3413 ternpore
1566 3338 1773 3398 mansionem

975 3452 1068 3498 suam
1082 3436 1248 3512 complere
1264 3450 1330 3495 non
1341 3433 1472 3512 6616611,
1486 3434 1517 3494 61
1528 3449 1589 3511 666
1598 3435 1770 3496 66661666

975 3533 1193 3610 reputabitur.
1223 3532 1372 3609 Reliquis
1402 3547 1484 3594 6666
1516 3532 1584 3591 166
1620 3533 1771 3609 66666616

974 3647 1072 3708 quam
1085 3631 1255 3693 canonicis
1268 3645 1328 3707 pro
1343 3629 1479 3690 servitio
1494 3629 1644 3706 episcopi
1657 3629 1769 3689 indul-

974 3729 1116 3806 gebitur.
1127 3729 1337 3790 Additumest
1350 3728 1461 3799 etiam,
1474 3726 1560 3805 quod
1572 3727 1770 3805 quicumque

974 3828 1151 3890 decaetero
1167 3826 1384 3887 substituetur
1398 3823 1590 3896 canonicus,
1609 3825 1638 3885 si
1653 3825 1696 3886 ad
1715 3842 1772 3886 an·

975 3942 1035 3988 nos
1048 3924 1258 3987 discretionis
1268 3922 1494 3994 6666611,1666
1505 3921 1773 3999 1166166666-

973 4026 1043 4086 1616
1061 4021 1239 4100 praestabit.
1261 4020 1415 4097 Alioquin
1436 4018 1538 4080 cilicii
1563 4021 1597 4081 et
1621 4019 1770 4082 beneficii

975 4121 1145 4183 nobiscum
1167 4118 1456 4197 participationem
1480 4133 1545 4178 non
1569 4116 1718 4180 habebit.
1739 4118 1770 4178 Si

974 4218 1184 4282 6616616166
1200 4233 1306 4278 66666
1320 4215 1532 4277 discretionis
1543 4214 1655 4286 166611,
1672 4230 1770 4293 usque

975 4318 1015 4378 ad
1039 4317 1215 4393 ligitimam
1238 4317 1367 4390 ternpus
1390 4312 1542 4373 inducias
1565 4311 1719 4384 babebit,
1742 4313 1771 4373 et

974 4431 1017 4476 611
1031 4416 1110 4477 1666
1126 4413 1344 4481 submonitus,
1361 4409 1425 4470 uisi
1444 4410 1532 4470 inira
1544 4410 1685 4485 triginta
1702 4411 1767 4471 dies

971 4513 1196 4591 juramentum
1219 4507 1420 4587 praestiterit,
1443 4506 1545 4569 6111611
1565 4510 1598 4569 61
1619 4506 1767 4569 beneficii

975 4609 1147 4673 nobiscum
1169 4604 1455 4685 participationem
1476 4621 1542 4665 non
1566 4603 1714 4667 habebit.
1738 4602 1767 4663 Si

975 4702 1768 4786 16616661666666666666666166666161116166

975 4821 1071 4884 66666
1089 4804 1264 4881 perlicere,
1282 4800 1405 4878 aliquid
1426 4800 1467 4860 (16
1490 4799 1668 4877 praebenda
1689 4801 1767 4860 ultra

975 4903 1095 4977 viginti
1119 4901 1264 4977 quinque
1288 4898 1422 4967 solidos,
1447 4901 1479 4958 61
1496 4897 1721 4967 matutinales,
1741 4897 1768 4955 et

974 4998 1283 5062 anniversariorum
1309 4995 1465 5056 denarios
1490 4994 1575 5055 sorte
1600 4994 1766 5071 receperit

976 5100 1148 5176 postquam
1173 5111 1209 5156 se
1231 5095 1449 5171 praetaxatam
1475 5092 1685 5154 mansionem
1709 5104 1767 5150 non

976 5197 1070 5273 61666
1084 5193 1253 5271 6661161666
1270 5189 1474 5266 cognoverit,
1496 5189 1658 5266 quidquid
1675 5201 1767 5264 super

975 5295 1147 5372 acceptum
1162 5291 1273 5352 iuerat
1286 5289 1402 5351 eodem
1421 5302 1510 5348 anno
1533 5286 1607 5348 sine
1627 5284 1766 5364 perjurio

975 5391 1123 5469 capitulo
1133 5386 1328 5463 resignabit.
1345 5401 1364 5446 6

1015 5488 1105 5551 Nulli
1128 5502 1208 5563 ergo
1223 5485 1310 5546 banc
1329 5482 1484 5560 paginam
1505 5483 1629 5543 666166
1651 5478 1766 5542 conflr-

975 5586 1143 5656 66116616,
1161 5587 1263 5657 616...;
1280 5583 1307 5641 61
1319 5582 1525 5658 (6116661616,
1538 5582 1643 5641 ete...
1659 5580 1766 5639 Datum
