3802 6166
49 266 52 273 ’
145 278 229 363 aoe‘
608 309 784 373 nononn
805 315 851 375 111
872 314 1020 379 orum.
1037 345 1075 359 -
1090 316 1323 378 snamonns.
1728 311 1791 374 eol

147 463 279 540 quando
307 463 458 528 infundet
483 466 625 542 gratiam
653 469 793 534 viviticae
822 473 939 538 suavi·
991 472 1126 553 judicis,
1150 474 1290 537 dicimus
1309 476 1379 552 jam
1398 472 1500 535 horas
1521 472 1730 551 supradictos
1749 473 1791 535 nb

144 561 237 624 tatis.
995 573 1174 650 Evangelio
1187 572 1384 635 constitutas
1398 586 1483 633 esse.
1497 572 1584 632 Dens
1599 571 1709 632 autem
1725 587 1791 632 ne-

187 659 232 722 lit
243 663 274 721 st
289 662 471 723 verteritis
482 667 632 725 sacursda
643 670 760 743 utputa
772 667 864 746 (Luc.
878 686 939 743 xn,
995 671 1176 732 cessarium
1193 670 1341 731 ordinem
1363 669 1484 740 servat,
1504 668 1684 729 secundum
1703 670 1791 745 quod

146 756 212 836 38).
227 759 302 818 Nox
323 760 374 819 est
392 758 459 820 vita
476 776 633 837 praesens.
650 765 797 835 Quatuor
816 766 941 843 vigilite
996 767 1134 845 quisque
1156 768 1261 844 magis
1281 766 1423 843 vigilare
1442 767 1583 828 tenetur.
1606 765 1686 827 Plus
1700 766 1791 827 enim

145 855 253 918 noctis
281 858 360 918 sunt
378 857 520 933 quatuor
540 861 655 921 aetates
669 862 746 924 sitm
770 863 939 926 hominis:
995 864 1136 942 uigilare
1150 864 1283 927 tenetur
1291 879 1394 925 senex
1404 879 1502 940 quam
1509 863 1654 941 juvenis,
1669 864 1702 924 et
1716 864 1791 939 plus

36 992 39 997 -
146 953 712 1034 pueritia,adolescentia,juventus
729 961 762 1022 et
776 964 938 1024 senectus.
990 962 1126 1041 juvenis
1147 978 1245 1039 quam
1266 960 1474 1034 adolescens,
1504 961 1538 1022 et
1558 960 1632 1037 plus
1653 959 1790 1022 adoles-

146 1050 258 1111 Prima
269 1052 303 1112 et
315 1053 432 1128 quarta
447 1053 563 1130 vigilia
585 1055 619 1116 in
634 1057 782 1120 hocloco
798 1075 864 1121 non
880 1075 942 1121 no·
996 1076 1075 1122 oens
1096 1075 1194 1138 quam
1218 1074 1310 1135 puer.

146 1148 327 1222 minantur,
341 1151 418 1227 quia
433 1155 560 1214 certum
574 1155 716 1233 estquod
730 1158 824 1234 pueri
833 1158 943 1219 Chris·
1035 1159 1116 1218 Cum
1131 1157 1241 1218 autem
1257 1157 1397 1218 moritur
1410 1156 1520 1227 homo,
1534 1157 1613 1218 tnnc
1627 1155 1744 1233 incipit
1759 1156 1790 1217 ei

30 1246 35 1253 '
144 1245 229 1308 tiani
255 1247 437 1322 salvantur,
459 1249 537 1313 licet
557 1252 691 1328 quidam
714 1255 813 1316 nimis
841 1255 940 1318 mali·
995 1253 1078 1316 dies.
1102 1256 1202 1317 Recte
1226 1269 1285 1330 per
1306 1269 1392 1324 sero,
1420 1253 1506 1330 quod
1530 1252 1700 1313 estnoctis
1720 1252 1790 1312 ini-

145 1343 223 1406 tiosi
251 1345 464 1420 damnentur,
486 1348 519 1410 et
544 1350 585 1410 ad
615 1353 817 1414 senectutem
844 1353 940 1431 pauci
995 1352 1089 1424 tium,
1111 1351 1309 1427 intelligitur
1330 1350 1484 1427 pueritia.
1505 1353 1570 1411 Per
1588 1365 1685 1411 mane
1699 1365 1789 1418 sero,

144 1443 351 1520 perveniant.
372 1447 409 1506 In
423 1462 628 1525 quacumque
652 1465 730 1526 ergo
742 1451 858 1526 vigilia
875 1454 941 1513 Do-
996 1450 1081 1526 quod
1108 1451 1158 1511 est
1183 1449 1259 1509 linis
1287 1448 1409 1521 noctis,
1437 1449 1589 1509 senectus
1616 1447 1790 1524 accipitur.

145 1540 256 1601 minus
268 1542 399 1604 venerit
411 1542 445 1603 in
460 1546 785 1622 momejudicaturus
795 1549 941 1610 animam
995 1548 1035 1609 nt
1059 1547 1134 1608 ideo
1158 1546 1317 1608 Dominus
1341 1547 1434 1623 prius
1459 1546 1694 1607 commemorat
1716 1560 1792 1605 sero

145 1634 301 1709 hominis,
316 1637 433 1701 beatus
449 1641 512 1702 erit
527 1656 642 1703 servus
659 1644 802 1719 vigilans
817 1645 851 1705 in
867 1661 942 1723 ope-
996 1660 1093 1722 quam
1119 1660 1231 1715 mane,
1264 1646 1299 1705 ut
1324 1643 1364 1705 de
1398 1646 1493 1704 nocte
1519 1645 1729 1704 transeamus
1750 1642 1793 1702 ad

145 1732 238 1795 ribus
265 1733 373 1797 bonis.
394 1739 468 1800 iam
488 1754 569 1800 vero
594 1742 782 1818 exemplum
808 1744 941 1822 subjicit
995 1743 1093 1814 diem,
1117 1742 1213 1814 idest,
1241 1742 1281 1803 de
1300 1741 1435 1802 miseria
1455 1741 1531 1803 vitae
1554 1740 1729 1817 presentis
1750 1740 1792 1800 ad

144 1846 219 1893 cnm
237 1831 340 1895 dicit:
356 1838 431 1897 Hoc
443 1837 561 1899 autem
581 1840 712 1913 scitote,
729 1845 891 1915 quostiam
909 1845 942 1904 si
995 1840 1135 1916 gloriam
1161 1840 1237 1902 vitae
1259 1839 1389 1900 iuturae.
1419 1839 1481 1900 llic
1504 1839 1592 1900 enim
1618 1838 1792 1915 psalmista

143 1931 248 1992 sciret
256 1933 523 2007 paterfamilias,
539 1941 703 2010 gunnore
717 1941 780 2013 par
792 1941 938 2013 vestiret,
995 1939 1135 1999 testatur
1156 1959 1163 1998 :
1181 1938 1406 1999 Dormieront
1431 1952 1592 1998 sonzinum
1614 1951 1731 2007 stettin,
1758 1936 1792 1997 ei

142 2028 304 2103 studeret
317 2030 435 2103 utique
448 2032 484 2094 et
501 2048 570 2095 non
588 2035 720 2097 sineret
732 2038 868 2111 perfodi
877 2039 940 2098 do·
995 2038 1078 2097 nibil
1092 2036 1299 2097 invenerunt
1321 2049 1440 2095 coenses
1454 2036 1524 2094 viri
1538 2034 1743 2094 divitiorum
1755 2036 1794 2094 in

142 2139 350 2189 mumadam
363 2125 493 2207 (Matth.
509 2146 604 2203 xxiv,
620 2130 685 2210 43).
994 2135 1153 2194 insontibus
1163 2135 1237 2194 setis
1250 2130 1318 2212 (Pe.
1335 2134 1386 2204 75,
1401 2131 1448 2210 6).
1465 2133 1534 2191 Has
1545 2131 1687 2207 quatuor
1700 2130 1792 2204 vigi·

184 2224 266 2284 ltem
292 2226 434 2302 quatuor
458 2227 565 2290 modis
593 2231 753 2291 Dominus
780 2232 872 2293 uenit
898 2231 939 2293 ad
996 2230 1058 2290 lias
1083 2230 1249 2290 custodire
1272 2229 1390 2290 debent
1412 2228 1554 2305 praelati,
1579 2243 1620 2289 ne
1637 2227 1672 2287 in
1693 2242 1794 2303 grege

144 2334 205 2381 nos
221 2343 229 2380 ε
246 2322 352 2399 primo
364 2324 397 2386 et
412 2324 526 2388 ultimo
540 2328 634 2389 venit
654 2328 767 2401 semel,
795 2328 939 2391 secundo
995 2327 1171 2389 commisso
1186 2326 1249 2388 sibi
1271 2327 1377 2403 pueri,
1396 2330 1549 2404 juvenes,
1573 2341 1672 2386 senes
1686 2327 1719 2385 et
1733 2324 1794 2385 de-

144 2418 289 2481 ettertio
311 2422 401 2484 venit
422 2439 520 2501 saepe.
542 2425 654 2487 Primo
668 2427 760 2489 venit
780 2427 816 2488 in
840 2444 939 2488 mun·
995 2425 1113 2501 crepiti
1127 2427 1229 2486 Deum
1246 2424 1425 2485 offendant.
1449 2426 1528 2495 Quae
1541 2424 1682 2500 quatuor
1705 2421 1795 2497 vigi-

144 2514 221 2577 dum
246 2517 287 2578 ad
314 2519 589 2597 redemptionem,
627 2524 741 2586 ultimo
767 2525 878 2588 veniet
905 2526 941 2587 in
995 2522 1049 2583 liae
1064 2521 1139 2583 ideo
1154 2521 1412 2597 distinguuntur,
1430 2522 1475 2591 ut,
1499 2520 1528 2580 si
1543 2520 1617 2597 quis
1632 2518 1794 2581 dormita-

141 2614 306 2690 judicium
326 2616 366 2676 ad
387 2618 649 2681 retributionem.
674 2622 825 2683 Secundo
850 2622 942 2685 venit
995 2619 1081 2682 verit
1108 2619 1143 2679 in
1172 2619 1289 2696 prima,
1319 2618 1435 2694 vigilet
1459 2618 1494 2678 in
1520 2616 1676 2687 secunda,
1707 2615 1793 2677 siin

144 2711 179 2772 in
195 2714 337 2775 mentem
353 2714 394 2775 ad
410 2716 715 2791 sanctificationem,
733 2720 831 2782 tertio
849 2720 942 2782 uenit
995 2716 1151 2789 secunda,
1173 2717 1290 2792 vigilet
1306 2716 1341 2777 in
1361 2715 1457 2778 tentia
1479 2716 1512 2777 et
1533 2716 1621 2776 dicat
1642 2714 1793 2776 :Delicta

144 2808 180 2869 in
194 2825 330 2871 caulem
342 2812 383 2872 ad
398 2812 659 2877 dissolutionem.
676 2818 722 2878 De
736 2817 842 2895 primo
858 2817 942 2894 legi·
991 2815 1175 2893 juventutis
1190 2830 1272 2875 meae
1284 2816 1318 2877 et
1327 2813 1534 2890 ignorantias
1547 2829 1651 2882 meas,-
1665 2812 1718 2874 vel
1734 2812 1794 2874 de-

144 2909 200 2967 tur
218 2929 226 2967 :
243 2908 420 2972 inclinavit
435 2911 536 2974 coelos
555 2914 588 2974 et
606 2912 775 2976 descendit
797 2916 830 2978 et
851 2917 941 2977 venit
995 2912 1073 2975 licta
1088 2913 1267 2974 senectutis
1282 2914 1315 2974 et
1328 2911 1536 2988 ignorantias
1551 2926 1679 2972 mens...
1706 2910 1740 2971 si
1755 2911 1791 2970 in

145 3002 181 3066 in
200 3007 330 3067 uterum
349 3007 508 3084 Virginis.
536 3011 582 3072 De
598 3010 713 3073 ultimo
727 3011 762 3073 in
784 3015 939 3090 Evange-
995 3010 1249 3088 qrrnrtavigilia,
1262 3010 1351 3072 dicat
1364 3026 1399 3071 se
1410 3009 1664 3087 quatriduanum
1680 3008 1792 3085 etjam

146 3101 191 3163 lio
208 3125 216 3162 z
233 3105 467 3167 cumvenerit
481 3111 750 3172 metuebamus
764 3114 941 3185 immutes·
996 3109 1122 3170 foetere.
1146 3108 1271 3170 Debent
1293 3108 1393 3169 etiam
1421 3107 1550 3184 praelati
1573 3107 1714 3182 uigilare
1734 3122 1793 3183 per

147 3200 218 3263 iate
244 3217 327 3274 suo,
354 3203 388 3264 ei
411 3219 530 3266 mones
557 3209 670 3281 appeti
695 3210 770 3280 ejus
794 3223 874 3271 cum
901 3224 939 3271 co
994 3206 1186 3278 vindictam,
1212 3205 1248 3267 ut
1271 3205 1441 3266 vindicent
1466 3221 1525 3282 pen
1543 3204 1708 3282 justitiam
1732 3203 1793 3264 de-

145 3296 240 3376 (Luc.
257 3315 304 3364 rx.
320 3299 385 3379 26).
410 3303 456 3363 De
477 3302 621 3365 secundo
642 3306 711 3366 :Et
725 3309 770 3367 ad
783 3321 861 3368 eum
877 3322 939 3369 ve·
995 3302 1073 3365 licta
1089 3303 1123 3364 in
1142 3319 1178 3364 se
1193 3304 1227 3364 et
1247 3302 1282 3363 in
1298 3301 1450 3363 subditis.
1480 3302 1561 3373 Quia
1580 3304 1614 3362 ut
1629 3301 1677 3362 ait
1696 3301 1794 3369 Salo-

14 3456 22 3469 ,
143 3399 291 3469 notemus,
306 3399 668 3476 eenvzamionemapud
681 3418 761 3465 eum
774 3406 941 3478 sociemus
995 3416 1072 3462 mon
1097 3422 1105 3461 ε
1129 3401 1250 3462 iustius
1273 3403 1441 3461 Dominus
1461 3401 1639 3472 petitum
1669 3399 1793 3461 ditexit

147 3492 256 3573 (ioan.
273 3512 342 3569 xiv,
358 3495 423 3575 23).
441 3500 486 3560 De
501 3499 599 3562 tertio
614 3500 768 3563 similiter
781 3502 817 3562 in
832 3505 943 3564 livan-
997 3497 1066 3576 (l‘s.
1089 3500 1138 3570 10,
1154 3497 1199 3577 8).
1214 3497 1333 3558 Melius
1353 3498 1403 3558 est
1421 3497 1476 3557 hic
1491 3496 1608 3573 punire
1624 3513 1722 3573 quam
1738 3495 1794 3556 iu-

144 3593 231 3669 gelio
244 3617 251 3654 ε
264 3598 494 3658 Curnoenerii
506 3598 749 3673 etpnuaveru,
762 3601 942 3675 confestim
997 3598 1106 3656 turum
1118 3596 1278 3673 judicium
1294 3597 1481 3672 expectare,
1496 3594 1573 3670 quia
1590 3594 1792 3655 horrendum

13 3732 18 3737 -
144 3694 304 3766 operient
318 3697 350 3754 ei
366 3693 458 3772 (Luc.
475 3710 536 3767 xm,
553 3694 619 3774 36).
643 3698 682 3758 Et
695 3699 840 3759 ioannes
862 3720 869 3757 :
886 3701 942 3759 Sto
995 3695 1046 3754 est
1058 3693 1250 3754 inciderein
1263 3708 1379 3753 manus
1392 3692 1451 3753 Dei
1464 3692 1617 3753 viventis.
1633 3694 1792 3753 Pastores

144 3804 224 3851 eum
238 3795 312 3851 colo
329 3806 473 3852 necuere
489 3795 595 3853 doateo
608 3797 756 3855 venium
780 3796 889 3867 Venit,
906 3796 940 3857 ut
995 3790 1084 3851 enim
1099 3789 1327 3851 custodiebant
1340 3788 1473 3865 uigilias
1487 3788 1593 3849 noctis
1605 3804 1706 3866 snper
1720 3804 1794 3863 gre-

146 3887 292 3948 animam
317 3904 414 3964 quam
443 3888 552 3962 dedit,
580 3890 741 3966 accipiat,
768 3892 877 3968 pulsat
906 3894 941 3953 ut
995 3904 1068 3963 gom
1093 3903 1200 3948 snum.
1228 3886 1371 3961 Vigilate
1392 3902 1483 3962 ergo,
1511 3886 1588 3963 quia
1607 3885 1695 3946 beati
1716 3887 1794 3948 sunt

144 3999 206 4062 per
221 3986 333 4045 carnis
352 3986 538 4047 molestiam
558 3990 696 4049 mortem
711 3989 855 4049 vicinam
874 4005 939 4050 an·
995 3984 1083 4046 servi
1099 3983 1159 4050 illi.
1177 4000 1348 4060 quoscum
1368 3983 1495 4045 venerit
1510 3983 1679 4055 Dominus,
1696 3983 1793 4045 inve-

144 4084 284 4146 nuntiet.
995 4080 1284 4157 neritvigilantes.

184 4182 331 4243 Nescitis
345 4184 455 4245 autem
476 4183 608 4261 quando
629 4184 788 4245 Dominus
811 4184 938 4246 veniat:

19 4296 23 4303 ·
146 4294 222 4342 sero
250 4295 293 4340 an
322 4280 431 4342 media
452 4281 559 4354 nocte,
583 4297 626 4343 an
654 4281 735 4358 galli
757 4283 867 4355 cantu,
897 4298 940 4343 an
1320 4258 1467 4346 XXVII

145 4392 255 4439 mane.
270 4378 429 4441 Solebant
440 4382 572 4442 noctem
587 4379 791 4456 distinguere
806 4381 841 4441 in
857 4396 941 4458 qua·
1019 4420 1064 4482 IN
1086 4420 1427 4482 FESTIVITATIBUS
1447 4420 1770 4482 APOSTOLORUM·

146 4478 223 4561 tuor
236 4476 370 4552 vigilias
385 4477 435 4538 illi
456 4477 511 4553 qui
526 4477 734 4539 excubabant
752 4478 788 4539 in
807 4479 938 4550 castris,

102 4608 105 4613 ·
143 4576 177 4638 et
207 4575 316 4636 lucem
348 4574 568 4653 expectabant
600 4577 734 4653 propter
773 4576 939 4653 prolixum
1033 4574 1206 4646 Ecccepo
1229 4571 1330 4632 mitto
1357 4572 1529 4632 cessioni
1552 4586 1633 4633 oves
1656 4574 1693 4631 in
1718 4585 1793 4632 nne-

142 4673 278 4736 taedium
294 4674 414 4746 noctis,
429 4688 568 4751 quarum
582 4673 690 4751 prima
703 4672 824 4734 dicitur
838 4674 940 4735 canii·
993 4671 1049 4730 dio
1062 4673 1232 4744 luporum.
1252 4669 1372 4730 Estote
1388 4683 1471 4744 erpo
1490 4669 1680 4743 peucestes
1702 4669 1792 4730 sicam

142 4771 278 4846 oinium,
296 4769 442 4833 secunda
455 4771 700 4848 intempestum,
722 4770 821 4834 tertia
835 4771 938 4848 galli·
992 4766 1190 4841 serpentes,
1232 4765 1266 4827 et
1303 4768 1475 4841 simplices
1508 4765 1597 4827 suut
1630 4770 1793 4828 cottcrnoae

23 4866 26 4871 '
141 4869 278 4941 oinium,
302 4871 419 4947 quarta
443 4869 688 4932 antelucanum.
713 4867 807 4932 Unde
832 4871 938 4930 Lucas
994 4862 1124 4943 (Matth.
1141 4879 1174 4935 x,
1192 4861 1257 4940 16).

40 5034 44 5043 ,
139 4966 177 5028 in
200 4968 380 5044 Evangelio
406 4989 414 5027 :
438 4968 485 5029 Ei
509 4970 542 5030 si
569 4968 705 5030 venerit
729 4970 939 5028 insecundo
1033 4962 1154 5037 Magna
1169 4959 1342 5037 prudentia
1362 4960 1395 5022 et
1414 4959 1631 5022 inenarrabili
1651 4960 1792 5036 sapien-

139 5067 269 5142 oipitio,
286 5067 320 5127 et
333 5068 364 5126 si
377 5068 413 5125 in
427 5066 532 5127 tertio
546 5069 665 5142 vuum
678 5066 823 5136 venerit
841 5067 875 5126 et
889 5066 939 5127 iia
992 5060 1038 5120 tia
1055 5060 1114 5121 Dei
1129 5059 1288 5120 Dominus
1300 5062 1397 5121 iesus
1416 5059 1565 5122 Christus
1578 5061 1614 5120 ut
1629 5059 1664 5119 in
1677 5059 1792 5120 mundi

139 5164 324 5235 invenerit,
352 5163 441 5224 beati
459 5163 541 5224 seeo
560 5166 656 5225 servi
677 5167 735 5225 itti.
761 5163 937 5239 Dequarta
991 5155 1261 5218 tribulationibus
1300 5157 1533 5234 pressurisque
1573 5172 1651 5218 suos
1690 5157 1793 5217 disci-

138 5259 236 5323 tacet.
250 5259 313 5321 Sed
327 5260 503 5321 Matthaeus
516 5259 605 5332 dicit,
619 5261 937 5338 quodiesusquarta
992 5255 1088 5332 pulos
1109 5256 1235 5316 iaceret
1261 5253 1431 5327 tortiores,
1459 5255 1615 5332 praedixit
1643 5255 1694 5315 eis
1718 5270 1791 5331 qum

23 5358 30 5371 ’
137 5357 253 5434 uigilia
266 5356 359 5420 venit
382 5357 423 5418 ad
438 5373 495 5418 eos
513 5357 687 5419 ambulans
702 5374 802 5435 snper
820 5373 934 5434 aquas.
992 5356 1087 5414 erant
1115 5353 1201 5412 mala
1231 5353 1363 5430 passuri
1392 5368 1433 5414 ne
1461 5352 1561 5422 torte,
1589 5351 1618 5412 si
1647 5352 1697 5412 eis
1727 5352 1792 5411 im-

137 5456 208 5519 Nos
217 5455 328 5516 autem
342 5454 398 5530 qui
412 5470 542 5531 semper
551 5455 585 5515 in
599 5456 695 5517 nocte
708 5455 807 5532 hujus
822 5454 937 5515 mundi
992 5450 1123 5527 provise
1149 5449 1381 5512 tribulationes
1409 5449 1615 5520 acciderent,
1642 5450 1790 5509 animum

137 5551 294 5618 debemus
308 5569 382 5615 esse
397 5552 532 5615 solliciti
547 5555 662 5615 contra
676 5552 801 5619 hostes.
822 5555 856 5615 et
871 5568 935 5613 er·
991 5548 1125 5611 illorum
1154 5562 1173 5607 a
1204 5548 1326 5611 virtute
1354 5547 1557 5610 tortitudinis
1589 5546 1788 5618 emollirent.

137 5652 271 5732 pectore
289 5650 398 5716 lucem
422 5652 608 5724 venturam,
635 5650 732 5725 idest,
759 5650 937 5714 adrentum
990 5645 1085 5709 etad
1106 5645 1349 5722 desperationis
1372 5644 1495 5707 malum
1520 5659 1580 5723 per
1607 5645 1790 5723 impatien-
