3802 6166
191 243 253 309 315

579 321 582 327 Ι
655 237 833 301 noaoan
855 237 901 299 111
922 214 1070 300 orsas.
1087 264 1126 285 ·-
1139 236 1374 304 saauouns.

1775 215 1834 302 alo

186 405 296 466 torum
310 399 412 475 venit,
429 398 485 479 qui
501 412 566 459 non
580 395 708 475 antiqui
720 394 826 460 bostis
841 395 984 459 insidias
1036 411 1124 459 mam
1138 412 1159 460 a
1171 399 1250 472 Deo,
1264 397 1322 476 qui
1345 398 1397 461 est
1419 395 1488 460 vita
1513 390 1655 474 aalma,
1682 397 1760 476 quia
1778 400 1836 478 qut

186 516 307 580 passus
321 498 364 560 sit
371 515 400 558 s.
417 497 479 569 Qui
493 495 615 571 gaudet
628 510 702 557 cum
715 509 775 557 nos
794 495 981 557 insidiando

1037 494 1115 557 facit
1128 497 1312 574 peccatum,
1327 511 1446 558 sersus
1461 495 1511 558 est
1525 496 1665 573 peccati,
1677 496 1769 559 etita
1784 498 1838 560 est

186 598 320 676 decipit.
350 595 444 657 Unde
472 593 578 671 David
609 613 617 652 e
650 595 714 659 (lat
740 594 904 656 tribulant
926 609 982 654 rae
1036 592 1288 657 divisusaDeo.
1310 594 1429 655 Frater
1443 608 1523 669 ergo
1535 592 1638 654 tradit
1650 591 1789 655 fratrem
1801 594 1838 656 in

185 694 429 758 caattabaatst
439 691 553 752 motas
566 691 677 765 atero.
687 692 726 753 Et
740 690 855 752 beatus
864 693 981 754 Petrus
1036 690 1186 760 mortem,
1211 691 1343 768 quando
1358 691 1560 752 christianus
1581 689 1710 751 seducit
1729 690 1836 752 chris·

186 809 248 854 nos
266 790 419 851 admonet
446 788 559 850 dicens
583 805 591 849 :
614 790 847 849 Adversarius
867 789 983 849 vester
1036 787 1164 850 tianum
1194 788 1237 850 ad
1263 787 1483 865 iniquitatem.
1509 787 1602 849 Unde
1624 789 1771 849 loannes
1802 788 1840 848 in

185 891 336 951 diabolas
351 888 529 960 tamquam
541 891 593 947 teo
606 888 749 962 rapiens
760 886 883 947 circuit
895 901 984 959 qzcoe-
1036 884 1182 961 Epistola
1198 904 1207 945 z
1223 886 1287 952 dut
1301 886 1530 960 oditstratrem
1542 900 1657 956 satura,
1669 887 1840 947 amaicicta

186 1000 270 1048 reas
290 999 390 1059 quem
409 982 550 1045 devoret
578 979 606 1062 (l
631 983 718 1044 Petr.
743 999 776 1056 v,
797 981 842 1062 8).
878 984 918 1045 Et
947 983 982 1045 in

185 1081 418 1146 Ecclesiastico
442 1080 583 1156 legimus
615 1097 623 1141 :
651 1083 729 1152 Edi,
752 1083 915 1142 accederes
939 1083 983 1141 aa

185 1180 392 1242 servitutem
405 1182 479 1251 Det,
495 1179 552 1239 sta
570 1180 608 1238 ia
622 1178 758 1250 timore,
775 1177 809 1239 et
816 1193 984 1253 praepara

186 1281 343 1339 aretinam
357 1276 454 1338 taam
468 1276 512 1338 ad
527 1274 751 1337 tentationem
762 1273 876 1353 (Eccli.
887 1290 924 1346 11,
938 1272 981 1353 1).

187 1374 422 1436 Verumtamen
437 1373 467 1433 si
481 1388 542 1433 nos
564 1388 712 1434 essemus
738 1371 826 1433 drmi
849 1372 884 1432 in
906 1370 982 1443 tide,

185 1470 380 1533 deberemus
397 1470 536 1532 multum
559 1469 715 1546 gaudere,
735 1468 866 1546 quando
886 1470 983 1545 pate-

187 1585 301 1631 remur
310 1568 538 1639 tentationem,
556 1566 730 1629 sioutdicit
741 1565 983 1630 beatuslacob:

186 1669 326 1728 «Omne
351 1665 509 1742 gaudium
535 1664 881 1733 existimate-iratres,
910 1679 984 1724 cum

187 1762 411 1825 «incideritis
433 1763 469 1824 in
490 1763 717 1834 tentationem,
741 1761 819 1839 quia
842 1778 908 1825 non
928 1777 986 1823 oo·

186 1878 205 1923 a
226 1861 399 1923 conabitur
414 1860 449 1921 in
464 1859 585 1932 futuro,
605 1859 671 1921 nisi
686 1857 743 1937 qul
756 1857 903 1936 legitime
917 1874 986 1920 cer-

187 1976 206 2021 «
226 1957 347 2021 taverit
357 1957 391 2018 in
404 1957 587 2035 praesenti»
600 1955 684 2036 (lac.
700 1973 723 2030 1,
734 1960 769 2033 23
786 1957 870 2018 Tim.
885 1972 921 2029 11,
938 1954 983 2036 5).

186 2056 281 2119 Unde
294 2056 375 2117 dicit
388 2055 641 2117 Ecclesiasticus
657 2072 665 2115 ε
688 2058 775 2116 Vasa
788 2057 883 2131 nauli
895 2068 984 2130 pro-

187 2155 244 2219 bat
257 2157 398 2228 saraam,
411 2153 445 2214 et
460 2153 701 2226 ornrccsjustos
716 2152 860 2214 tentatio
871 2152 985 2213 triba·

187 2252 326 2314 lationis
337 2249 452 2330 (Eccli.
463 2265 568 2322 xxvu,
578 2247 623 2329 6).
635 2249 727 2312 Sicut
739 2249 831 2311 calor
840 2247 985 2311 fornacis

188 2347 323 2411 indurat
334 2363 415 2410 vasa
430 2346 546 2409 fictilia
561 2363 634 2425 quae
648 2348 742 2425 prius
754 2346 984 2418 scammonia,

188 2445 235 2508 ita
250 2446 390 2508 tametio
399 2444 624 2507 tribulationis
639 2444 815 2507 confirmat
826 2445 935 2523 justos
954 2446 987 2507 et

188 2544 322 2605 sanctos
336 2543 370 2603 in
384 2543 476 2603 omni
490 2542 631 2604 veritate
641 2541 793 2619 iustitiae.

228 2639 277 2701 Ab
311 2638 439 2715 angelis
464 2639 608 2715 patimur
626 2638 824 2717 quandoque
849 2653 985 2699 correc-

189 2736 308 2808 tiones,
326 2736 404 2813 quia
419 2734 498 2795 boni
512 2735 624 2811 angeli
638 2751 705 2796 non
720 2734 859 2812 possunt
873 2750 988 2812 aequa·

190 2833 326 2895 nimiter
339 2831 464 2903 videre,
479 2831 610 2908 quando
619 2834 722 2893 Deum
732 2831 983 2893 contemnimus.

1018 981 1089 1042 -est
1104 979 1213 1060 (Joan.
1228 997 1279 1054 m,
1297 980 1360 1062 15).

1080 1078 1235 1156 Sequitur
1252 1095 1259 1140 :
1277 1079 1418 1155 Oportet
1422 1082 1578 1153 primm
1591 1082 1663 1141 ltoec
1675 1079 1766 1151 liert,
1778 1081 1841 1140 sect

1038 1180 1189 1239 iteradum
1198 1178 1318 1239 statim
1327 1179 1408 1251 fiais
1419 1175 1549 1255 (Matth.
1558 1177 1654 1248 xxiv,
1663 1174 1839 1256 6).'l¹ribus

1038 1273 1202 1336 decausis
1227 1274 1313 1337 bella
1337 1277 1372 1336 et
1394 1274 1574 1336 seditiones
1598 1275 1727 1352 oportet
1749 1273 1837 1346 fieri,

1038 1371 1193 1434 videlicet
1206 1372 1248 1433 ad
1261 1372 1502 1433 correctionem
1517 1371 1692 1446 malorum,
1705 1371 1747 1432 ad
1759 1387 1841 1448 pro-

1039 1469 1204 1530 bationem
1218 1467 1392 1538 bonorum,
1416 1469 1502 1531 etad
1517 1470 1742 1531 ostensionem
1757 1469 1841 1529 divi·

1039 1582 1157 1626 norum
1168 1566 1371 1643 judiciorum
1391 1583 1399 1627 :
1415 1566 1457 1628 ad
1470 1567 1711 1628 correctionem
1726 1565 1838 1627 malo-

1039 1663 1219 1740 numquis
1243 1663 1378 1740 dignum
1393 1664 1495 1725 estut
1513 1664 1662 1741 perversi
1686 1664 1840 1725 homines

1040 1760 1096 1839 qui
1107 1759 1338 1822 indifferenter
1351 1760 1538 1839 peccantia
1553 1760 1706 1822 omnibus
1714 1776 1839 1837 pecca-

1039 1857 1099 1930 tis,
1136 1857 1285 1934 graviter
1320 1857 1518 1935 puniantur,
1556 1856 1636 1936 quia
1672 1858 1840 1920 modicum

1040 1956 1159 2017 curant
1185 1955 1225 2018 de
1253 1954 1449 2017 commissis.
1480 1955 1575 2017 Unde
1606 1956 1838 2032 Augustinus:

1040 2066 1058 2113 e
1073 2053 1213 2115 Peccata
1228 2053 1379 2131 quamvis
1393 2069 1513 2129 magna
1530 2053 1564 2114 et
1579 2052 1745 2114 horrenda
1759 2053 1838 2126 sint,

1040 2166 1115 2211 cum
1131 2151 1454 2213 inconsuetudinem
1476 2152 1641 2223 venerint,
1663 2152 1722 2214 aut
1735 2166 1840 2230 parva

1040 2248 1098 2310 aut
1121 2248 1213 2310 nulla
1234 2249 1415 2312 creduntur
1431 2266 1460 2310 s.
1486 2249 1545 2312 Isti
1574 2250 1660 2311 talos
1688 2248 1745 2327 qui
1771 2264 1839 2311 non

1041 2346 1268 2417 emendantur,
1285 2346 1362 2409 dum
1372 2347 1541 2409 Uousillos
1553 2347 1706 2424 expectat
1721 2345 1762 2407 ad
1774 2362 1841 2423 poe-

1041 2443 1227 2516 nitentiam,
1251 2445 1461 2521 corrigantur
1482 2461 1542 2522 per
1566 2444 1709 2505 aliorum
1735 2443 1839 2505 mali-

1041 2541 1133 2613 tiam,
1143 2543 1179 2603 ut
1188 2541 1267 2602 mali
1280 2541 1337 2620 (pri
1346 2542 1460 2605 vident
1469 2542 1575 2604 malos
1588 2541 1711 2620 perire,
1720 2541 1840 2603 saltem

1040 2638 1180 2700 timeant
1191 2638 1231 2700 de
1247 2640 1365 2701 morte.

1081 2737 1229 2809 Quatuor
1243 2736 1320 2798 sunt
1331 2752 1404 2815 quae
1414 2735 1573 2815 adjuvant
1581 2736 1749 2800 hominem
1762 2737 1841 2816 post

1040 2833 1190 2905 mortem,
1207 2831 1304 2905 idest,
1322 2833 1506 2895 oblationes
1522 2834 1741 2907 sacerdotum,
1766 2850 1841 2897 ora·

191 2928 285 2990 Unde
295 2928 436 3003 legimus
451 2926 486 2987 in
496 2927 631 2989 Actibus
644 2927 886 3004 Apostolorum,
899 2928 985 3006 quod
1040 2928 1148 2991 tiones
1175 2931 1353 3008 justorum,
1385 2931 1604 3009 eleemosynas
1644 2930 1838 3001 charorum,

189 3025 337 3088 Herodes
354 3024 489 3085 indutus
507 3025 599 3086 veste
616 3025 709 3101 regia
728 3024 987 3088 concionabatur
1036 3026 1166 3105 jejunia
1180 3028 1375 3090 amicorum.
1389 3029 1458 3090 Nec
1473 3029 1537 3090 ista
1552 3032 1663 3090 tamen
1678 3029 1840 3107 adjuvant

190 3123 231 3184 ad
250 3121 416 3199 populum,
445 3122 477 3183 et
498 3122 639 3199 populus
660 3137 760 3185 vooes
783 3123 843 3184 Dei
862 3124 895 3185 et
919 3140 985 3186 non
1042 3126 1114 3201 post
1133 3127 1356 3199 mortemeos,
1373 3126 1510 3205 quinon
1529 3126 1565 3188 in
1586 3126 1650 3188 bac
1669 3127 1739 3189 vita
1752 3143 1839 3204 pro-

189 3219 345 3291 hominis‚
371 3217 466 3291 idest,
491 3218 648 3281 laudabat
670 3235 745 3281 eum
766 3220 852 3282 sicut
870 3222 984 3291 Deum,
1041 3225 1244 3285 meruerunt.
1260 3223 1434 3285 Orationes
1448 3239 1508 3301 pro
1527 3224 1625 3286 valde
1646 3224 1742 3286 honis
1760 3242 1841 3302 gra·

189 3332 256 3379 non
281 3316 366 3378 sicut
381 3315 560 3377 bominem.
583 3315 763 3379 Confestim
777 3319 888 3380 autem
904 3334 985 3395 per·
1040 3321 1161 3381 tiarum
1173 3320 1319 3383 actiones
1332 3323 1419 3393 sunt,
1431 3337 1491 3399 pro
1505 3322 1602 3384 valde
1614 3322 1712 3384 malis
1724 3339 1841 3385 conso·

190 3413 294 3476 cussit
320 3429 395 3475 eum
418 3414 556 3489 angelus
577 3414 720 3487 Domini,
744 3430 783 3477 eo
812 3415 897 3493 quod
919 3432 985 3477 non
1040 3417 1182 3480 lationes
1204 3418 1407 3494 viventium3
1436 3435 1495 3496 pro
1517 3435 1584 3481 non
1613 3420 1711 3481 valde
1740 3419 1839 3482 bonis

189 3512 335 3575 dedisset
359 3508 519 3573 honorem
546 3514 625 3584 Deo,
665 3513 698 3574 et
725 3515 986 3591 consumptusa
1040 3515 1294 3594 propitiationes
1316 3518 1403 3585 sunt,
1430 3533 1490 3594 pro
1521 3532 1587 3579 non
1614 3518 1710 3579 valde
1739 3518 1840 3580 malis

189 3610 356 3674 vermibus
371 3609 547 3687 expiravit.
569 3610 617 3672 lta
633 3609 758 3672 iaciunt
771 3610 870 3673 hodie
891 3611 986 3673 multi
1040 3613 1082 3674 ad
1106 3611 1169 3676 hoo
1184 3612 1371 3690 proficiunt,
1403 3614 1440 3675 ut
1462 3613 1669 3676 tolerabilior
1691 3614 1751 3677 flat
1774 3615 1839 3677 ista

91 3734 95 3739 ·
191 3709 248 3785 qui
258 3707 373 3770 volunt
386 3705 428 3766 ab
444 3705 631 3768 bominibus
646 3722 746 3784 supra
762 3708 894 3770 modum
906 3708 984 3771 lau·
1041 3710 1219 3772 damnatio.
1245 3710 1340 3773 Unde
1366 3710 1522 3773 Salomon
1539 3712 1750 3774 :Pestilente
1773 3714 1842 3785 lta-

190 3804 265 3865 dari
291 3804 324 3864 et
348 3802 513 3864 venerari.
540 3804 579 3865 Et
599 3804 711 3879 angeli
739 3803 870 3881 quidem
898 3821 986 3868 nunc
1039 3808 1160 3884 peltata
1172 3808 1364 3883 sapientior
1376 3809 1445 3869 erit
1454 3815 1623 3881 parvulas
1636 3807 1749 3887 (Prov.
1765 3826 1838 3882 xlx,

190 3899 355 3961 sustinent
369 3899 534 3975 patienter
548 3902 682 3976 propter
696 3900 900 3962 voluntatem
913 3903 983 3973 Dei,
1039 3900 1105 3980 25).
1120 3903 1296 3975 Paruulus,
1308 3903 1403 3976 idest,
1414 3904 1576 3981 insipiens
1584 3905 1648 3967 erit
1655 3906 1840 3982 sapientior

190 3996 328 4075 quinos
356 3995 508 4072 expectat
533 3995 574 4056 ad
607 3996 845 4073 poenitentiam,
869 3998 927 4060 sed
950 4000 985 4061 in
1040 3999 1197 4061 mulctato
1211 4000 1346 4061 homine
1360 4001 1545 4077 pestilente,
1563 4002 1641 4079 quia
1659 4019 1733 4063 cum
1748 4003 1840 4064 videt

49 4076 64 4155 ’.
190 4092 257 4154 tino
278 4091 400 4154 acriter
422 4090 638 4154 vindicabunt
660 4095 732 4168 ejus
760 4092 927 4172 injuriam.
950 4095 985 4157 Si
1040 4096 1206 4158 hominem
1219 4097 1340 4173 perire,
1367 4097 1462 4161 timet
1474 4099 1546 4175 ipse
1568 4099 1608 4160 de
1627 4101 1735 4162 morte
1764 4116 1836 4161 sua.

61 4200 64 4205 ·
189 4190 292 4266 igitur
307 4187 386 4250 boni
405 4204 529 4261 sumus
544 4189 680 4265 angelos
698 4191 757 4252 Dei
773 4195 908 4268 pacatos
928 4192 986 4254 ba·
1041 4193 1123 4265 Quia
1136 4193 1223 4255 sicut
1232 4194 1313 4256 dicit
1322 4195 1426 4257 David
1444 4217 1451 4255 ι
1466 4198 1530 4263 Qut
1544 4197 1703 4270 acuiliter
1717 4197 1836 4273 aburat,

189 4286 304 4348 bemus
317 4285 417 4347 cives.
430 4285 465 4347 Si
480 4286 590 4348 autem
605 4287 696 4359 mali,
713 4289 876 4352 suscitant
889 4290 985 4352 nobis
1040 4290 1379 4362 catematmbaatar,
1424 4294 1483 4365 aut
1526 4306 1610 4353 vera
1653 4292 1838 4367 eapectaat

191 4383 381 4455 seditiones,
404 4383 481 4460 quia
493 4382 556 4461 ipsi
571 4387 648 4446 sunt
663 4385 786 4448 ultores
799 4386 870 4448 Dei.
892 4387 985 4450 Unde
1039 4390 1161 4459 Deam,
1178 4389 1244 4461 last
1258 4388 1690 4462 baeredttateposstacbuat
1702 4391 1838 4452 terram

189 4481 293 4544 David
312 4497 320 4536 ι
336 4482 381 4542 Et
395 4485 536 4555 abactas
551 4484 691 4543 bomini
704 4498 913 4558 persequens
927 4500 985 4547 eos
1039 4481 1109 4561 (Ps.
1125 4486 1180 4557 36,
1196 4482 1242 4563 9).

190 4576 259 4660 (Ps.
273 4581 323 4651 34,
345 4576 391 4656 6).
412 4577 503 4650 Quod
523 4577 606 4640 bene
627 4578 749 4641 iactum
776 4583 836 4655 est,
853 4582 984 4658 quando
1078 4582 1127 4644 Ad
1149 4582 1377 4661 probationem
1396 4581 1568 4657 bonorum,
1588 4583 1666 4662 quia
1686 4584 1837 4647 homines

189 4677 328 4754 angelus
342 4675 506 4754 percussit
526 4675 561 4737 in
585 4691 650 4736 una
676 4678 771 4738 nocte
793 4677 834 4739 de
852 4679 984 4757 Assyris
1039 4680 1189 4742 videntes
1199 4681 1304 4742 Belial
1316 4679 1468 4742 homines
1476 4681 1625 4754 interire,
1642 4682 1835 4759 probantur,

189 4775 321 4838 centum
334 4771 500 4849 octoginta
514 4772 659 4850 quinque
675 4773 792 4835 millia.
1040 4776 1124 4839 idest
1138 4777 1322 4849 firmantur,
1345 4779 1381 4840 ut
1406 4778 1546 4854 diligant
1560 4778 1662 4841 aliam
1677 4781 1780 4842 vitam
1802 4781 1837 4859 in

228 4870 607 4948 Achristianispatimur
617 4868 838 4948 deceptiones,
853 4874 984 4951 quando
1039 4875 1107 4936 toto
1120 4875 1229 4937 corde.
1253 4876 1293 4938 Et
1314 4875 1398 4948 ideo,
1416 4876 1502 4938 sicut
1521 4877 1602 4939 dicit
1622 4877 1740 4941 beatus
1755 4881 1839 4939 Gre-

189 4986 249 5031 nos
282 4968 450 5045 decipiunt
479 4967 650 5030 invitando
690 4969 732 5030 ad
767 4971 982 5048 peccandum.
1020 4970 1176 5048 gorius:
1203 4974 1307 5034 «Non
1326 4976 1377 5036 est
1398 4974 1580 5036 curandum
1606 4976 1692 5053 quod
1708 4976 1838 5038 accidat

189 5065 283 5131 Unde
308 5064 392 5127 bene
413 5064 534 5125 dicitur
555 5064 693 5144 mystice
718 5067 753 5128 in
776 5062 982 5145 Evangelio:
1039 5071 1075 5132 ut
1088 5069 1240 5132 homines
1268 5072 1463 5145 moriantur,
1491 5073 1521 5133 si
1540 5073 1712 5137 moriendo
1732 5073 1837 5153 aliqui

189 5164 313 5227 tradet
337 5163 454 5224 autem
476 5163 590 5237 frater
615 5165 766 5239 fratrem
795 5168 832 5226 ia
858 5167 981 5240 morte,
1038 5167 1285 5244 corrigantur».
1302 5171 1349 5231 Ue
1364 5168 1426 5231 hac
1452 5171 1659 5233 correctione
1683 5171 1842 5235 admonet

186 5262 288 5337 pater
316 5262 425 5334 filiam
448 5258 579 5338 (Matth.
603 5277 636 5335 x,
660 5259 727 5344 21).
752 5263 885 5325 Fratres
906 5265 983 5328 sunt
1036 5265 1525 5330 ieremiasdicenszcontrttto
1539 5271 1836 5345 supercoatritio-

187 5374 301 5423 omnes
334 5356 507 5418 christiani
536 5356 622 5420 inter
652 5374 699 5422 se.
727 5363 905 5424 Peccatum
933 5365 984 5426 est
1037 5378 1116 5424 aem
1131 5364 1251 5426 oocata
1261 5366 1314 5427 cst
1332 5364 1468 5442 (ierem.
1484 5380 1529 5439 nv,
1546 5365 1611 5446 20).
1627 5367 1727 5440 Quasi
1739 5366 1835 5429 dice-

186 5472 276 5519 mors
290 5453 421 5526 animae,
445 5454 533 5532 quia,
548 5454 633 5519 sicut
656 5473 745 5520 mors
760 5461 894 5537 separat
904 5460 981 5521 ani·
1037 5461 1088 5522 ret
1101 5482 1109 5521 ε
1123 5463 1207 5523 Ecce
1220 5460 1312 5524 venit
1324 5461 1496 5526 tribulatio
1512 5464 1548 5525 ut
1559 5463 1712 5526 homines
1727 5467 1838 5528 conw-

186 5569 275 5616 mam
298 5569 318 5614 a
350 5566 461 5624 carne,
489 5551 536 5615 ita
558 5556 729 5633 peccatum
752 5557 886 5634 separat
904 5557 982 5619 ani·
1036 5558 1164 5629 rantur,
1179 5559 1237 5620 sed
1249 5559 1369 5621 iterum
1384 5560 1595 5639 superveniet
1609 5561 1677 5623 alia
1688 5561 1724 5624 ut
1736 5562 1835 5626 citius
