3802 6166
50 312 53 319 ·
121 304 163 368 23
740 298 917 362 HONORII
938 298 984 361 111
1005 299 1154 363 OPERA.
1729 308 1769 369 24

121 464 218 527 vobis
239 463 395 526 duximus
422 459 672 538 indulgendum,
700 461 737 523 ut
766 459 920 538 quotiens

123 578 184 641 pro
200 562 394 639 corporibus
415 560 621 623 mortuorum
647 558 682 619 in
705 558 920 636 processione

124 676 183 723 vos
202 661 295 723 exire
314 659 500 735 contigerit,
514 673 657 731 crucem,
679 657 862 728 incensum,
887 656 921 719 et

125 773 247 836 aquam
270 756 477 818 benedictam
500 756 666 833 portandi,
676 757 772 832 Juxta
794 768 919 815 morem

124 857 234 930 terrm,
257 856 406 927 liberam,
435 855 560 917 nullius
587 853 846 916 contradictione
866 851 920 913 vel

124 954 347 1030 appellatione
376 954 538 1027 obstante,
565 952 716 1015 habeatis
743 951 783 1011 de
806 950 920 1012 nostra

125 1051 262 1115 licentia
288 1051 492 1114 facultatem.
518 1053 567 1114 Ad
594 1051 765 1128 exemplar
790 1064 920 1127 quoque

124 1149 287 1212 dictorum
313 1151 595 1228 predecessorum
630 1151 820 1210 nostrorum
846 1147 922 1208 Gle-

124 1248 244 1310 mentis
266 1249 299 1310 et
312 1249 508 1322 innocentii,
526 1249 694 1310 licentiam
709 1246 920 1309 concedimus

124 1345 196 1418 tibi,
220 1361 259 1408 ac
281 1346 438 1422 legitimis
462 1346 711 1409 successoribus
733 1345 812 1417 tuis,
838 1346 875 1406 nt
891 1343 920 1404 si

125 1444 199 1520 quis
215 1445 362 1521 ejusdem
375 1445 569 1506 monasterii
582 1443 696 1515 vestri,
714 1445 746 1505 et
760 1442 919 1504 cellarum

124 1543 198 1617 ejus
213 1544 453 1618 possessiones,
475 1544 534 1603 aut
553 1558 607 1603 res
631 1541 794 1602 violenter
807 1537 921 1600 abstu-

124 1636 213 1710 lerit,
236 1641 409 1716 postquam
436 1640 583 1717 ipsorum
607 1637 754 1716 episcopi
781 1653 800 1699 a
825 1636 920 1698 vobis

124 1734 224 1797 tertio
237 1737 366 1798 invitati
375 1739 540 1815 justitiam
551 1738 591 1798 de
599 1737 648 1798 eis
661 1736 770 1797 iacere
785 1734 920 1796 omnino

127 1832 307 1907 noluerint,
328 1851 387 1897 vos
408 1852 508 1913 super
532 1835 665 1896 eosdem
690 1835 840 1911 raptores
862 1848 920 1892 se-

129 1931 238 1994 cundo
270 1933 410 1995 tertiove
448 1933 682 2006 commonitos,
726 1931 920 1994 canonicam

127 2030 481 2092 excommunicationis
505 2031 705 2093 sententiam
730 2028 917 2107 proferatis.

127 2127 174 2186 Ea
189 2142 279 2199 vero,
296 2144 370 2205 quae
385 2130 624 2192 monasterium
637 2130 784 2191 vestrum
805 2143 825 2188 a
838 2142 922 2205 qua-

125 2222 279 2299 draginta
292 2227 381 2287 retro
397 2227 494 2288 annis
508 2226 594 2289 boue
611 2227 674 2289 tide
698 2226 846 2287 noscitur
860 2241 922 2302 pa-

125 2320 219 2382 citlce
232 2324 429 2399 possedisse,
445 2324 539 2386 vobis
552 2327 585 2386 et
597 2324 703 2386 eidem
719 2323 920 2385 monasterio

125 2420 321 2482 auctoritate
361 2422 552 2499 Apostolica
588 2422 831 2484 confirmamus.
871 2422 919 2482 ita

124 2515 256 2592 quidem
272 2519 357 2595 quod
382 2535 482 2597 super
503 2521 556 2582 his
577 2520 670 2582 nulle
685 2535 829 2597 unquam
841 2520 921 2580 tem·

125 2629 206 2691 pore
231 2616 386 2692 impediri
412 2618 571 2691 debeatis,
601 2619 654 2680 vel
677 2616 920 2697 quomodolibet

125 2712 309 2775 molestari.

165 2812 380 2872 Decernimus
395 2828 486 2890 erge,
503 2814 540 2876 ut
554 2814 638 2875 1111111
652 2814 787 2876 omnino
810 2811 921 2875 homi-

124 2922 205 2967 num
223 2907 322 2971 liceat
345 2912 520 2987 praeratum
541 2913 780 2974 monasterium
796 2913 919 2975 temere

123 3004 329 3081 perturbare,
356 3009 413 3070 aut
436 3012 508 3087 eJus
526 3010 754 3087 possessiones
774 3009 916 3082 auterre,

123 3101 177 3163 vel
194 3101 322 3167 ablatas
342 3106 497 3179 retinere,
517 3108 677 3181 minuere,
701 3123 760 3169 seu
782 3108 921 3186 quihus-

123 3198 448 3266 iibetvexationibus
466 3205 617 3282 fatigare,
635 3206 692 3268 sed
708 3206 835 3268 illibata
847 3221 920 3269 em·

123 3297 180 3359 nia
207 3299 239 3361 et
266 3301 397 3378 integra
430 3305 685 3378 conserventur,
718 3319 833 3367 eorum
859 3320 919 3382 pro

122 3412 263 3473 quorum
277 3399 516 3475 gubernatione
529 3418 568 3464 ac
583 3403 824 3465 sustentatione
838 3419 921 3465 con-

124 3510 218 3557 cessa
244 3501 322 3560 311111
356 3499 471 3560 usibus
507 3501 705 3564 omnimodis
733 3502 916 3579 protutura,

123 3594 217 3656 salva
237 3596 332 3657 Sedis
349 3598 546 3675 Apostolicae
567 3600 775 3662 auctoritate.
797 3601 832 3662 Si
853 3616 918 3678 qua

122 3691 227 3767 igitur
241 3693 275 3754 in
290 3693 437 3756 futurum
450 3697 688 3770 ecclesiastica,
703 3699 918 3761 saecularisve

121 3804 276 3865 persona,
300 3792 386 3853 hanc
408 3795 530 3857 nostrae
550 3796 795 3858 constitutionis
823 3796 919 3873 pagi-

122 3902 199 3946 nam
213 3888 333 3961 sciens,
350 3892 465 3953 contra
480 3908 553 3953 eam
567 3893 691 3955 temere
711 3893 827 3955 venire
838 3894 917 3956 ten-

120 3984 253 4058 taverit,
280 3988 424 4049 secundo
447 3990 587 4051 tertiove
620 3991 830 4064 commonita,
851 3992 916 4053 nisi

122 4083 414 4160 praesumptionem
444 4102 538 4147 suam
572 4088 735 4165 condigna
764 4089 919 4151 satisfac-

121 4178 213 4240 tione
232 4183 425 4255 correxerit,
452 4184 623 4261 potestatis
646 4185 849 4264 honorisque
864 4188 916 4248 sui

18 4264 24 4275 '
121 4276 283 4352 dignitate
298 4282 421 4349 careat,
438 4297 595 4362 reamque
617 4300 653 4346 se
668 4285 780 4346 divino
789 4286 917 4363 judicio

120 4376 268 4438 existere
282 4376 323 4440 de
337 4382 525 4458 perpetrata
537 4383 712 4460 iniquitate
727 4385 914 4460 cognoscat,

111 4474 155 4565 'et
176 4491 196 4535 a
215 4478 441 4553 sacratissimo
458 4495 597 4557 corpore
620 4499 660 4545 ac
679 4483 841 4558 sanguine
857 4484 916 4545 Dei

122 4572 155 4635 et
169 4574 301 4635 Domini
315 4577 420 4639 nostri
439 4578 667 4656 Redemptoris
692 4582 772 4643 Jesu
794 4580 916 4643 Christi

120 4670 232 4733 aliena
247 4673 315 4747 ilat,
332 4676 429 4753 atque
451 4676 486 4737 in
501 4678 650 4739 extremo
673 4679 827 4740 examine
842 4680 916 4740 dis-

121 4769 227 4832 trictae
267 4773 386 4835 ultioni
421 4773 602 4852 subjaceat.
636 4776 770 4837 Cunctis
805 4778 915 4839 autem

121 4866 229 4928 eidem
257 4869 329 4933 loco
358 4888 418 4933 sua
439 4875 517 4951 jura
542 4873 751 4937 servantibus
780 4875 822 4937 sit
850 4891 916 4954 pax

34 4956 36 4961 ’
120 4964 253 5026 Domini
269 4970 373 5030 nostri
387 4972 467 5031 16311
482 4971 615 5044 Christi,
633 4977 795 5050 quatenus
815 4975 848 5036 et
860 4974 916 5036 hic

120 5060 264 5125 fructum
279 5064 373 5128 bonae
393 5069 534 5130 actionis
556 5071 751 5148 percipiant,
772 5074 805 5133 et
829 5073 915 5150 apud

119 5158 306 5222 districtum
331 5165 477 5241 judicem
500 5169 636 5243 praemia
662 5169 795 5232 aeternae
823 5172 915 5248 pacis

120 5256 303 5322 inveniant.
320 5266 435 5324 Amen.
448 5267 564 5326 Amen.

160 5358 228 5432 Ege
249 5361 428 5432 Honorius,
451 5362 623 5426 catholicae
646 5368 804 5431 Ecclesiae
825 5369 917 5448 epis-

119 5468 231 5531 copus.

160 5557 228 5633 Ego
263 5558 439 5630 Nicolaus,
479 5565 687 5628 'fusculanus
722 5567 912 5648 episcopus,

119 5654 312 5735 subscripsi.

1013 461 1081 537 Ego
1096 463 1202 541 Ilugo,
1219 463 1380 526 Ostiensis
1395 464 1428 527 et
1441 462 1610 528 Velitrem.
1634 467 1770 544 episco-

974 573 1047 634 pus,
1062 558 1254 637 subscripsi.

1013 658 1081 731 Ego
1120 657 1306 735 Pelagicus,
1344 660 1543 723 albanensis
1579 663 1768 743 episcopua,

974 752 1168 832 subscripsi.

1014 854 1082 929 Ego
1118 853 1279 928 cinthius,
1313 858 1346 917 S.
1378 858 1550 920 Laurentii
1574 859 1608 919 in
1642 860 1769 922 Lucina

974 949 1146 1028 presbpter
1156 952 1348 1027 cardinalis,
1363 955 1556 1033 subscripsi.

1013 1050 1082 1124 Ego
1095 1050 1173 1126 Leo,
1188 1051 1278 1113 tituli
1304 1056 1433 1117 Sanctae
1448 1056 1563 1116 Crucis
1582 1056 1617 1115 in
1639 1057 1769 1118 Hieru-

974 1145 1076 1207 salem
1090 1148 1272 1227 presbyter,
1287 1151 1467 1212 cardinalis
1483 1151 1676 1230 subscripsi.

1014 1245 1081 1320 Ego
1097 1245 1271 1321 Robertus,
1292 1249 1380 1311 tituli
1410 1251 1522 1312 Sancti
1550 1252 1710 1328 Stephani
1735 1253 1771 1313 in

974 1345 1085 1404 monte
1119 1345 1221 1406 Coelio
1256 1346 1429 1424 presbpter
1460 1348 1652 1423 cardinalis,
1690 1350 1772 1410 sub-

975 1441 1105 1518 scripsi.

1014 1540 1081 1615 Ego
1098 1540 1294 1619 Stephanus,
1308 1543 1455 1607 basilicae
1467 1545 1646 1608 Duodecim
1658 1549 1770 1623 Apos-

973 1635 1117 1698 tolorum
1132 1639 1304 1718 presbyter
1319 1643 1510 1715 cardinalis,
1527 1644 1720 1720 subscripsi.

1014 1733 1082 1808 Ego
1107 1736 1236 1808 Petrus,
1263 1736 1354 1798 tituli
1390 1739 1503 1800 Sancti
1536 1738 1707 1801 Laurentii
1735 1739 1770 1798 iu

974 1831 1116 1892 Damaso
1128 1832 1300 1911 presbyter
1314 1836 1505 1908 cardinalis,
1523 1836 1715 1912 subscripsi.

1014 1929 1083 2005 Ego
1098 1930 1214 2003 (tuido,
1228 1933 1340 1994 Sancti
1353 1934 1483 1995 Nicolai
1496 1935 1531 1995 111
1546 1950 1680 1997 carcere
1695 1935 1772 1995 Tul·

975 2023 1065 2086 liano
1077 2024 1237 2089 diaconus
1251 2030 1443 2103 cardinalis,
1461 2031 1653 2109 subscripsi.

1014 2125 1082 2200 Ego
1119 2126 1331 2200 Octavianus,
1366 2131 1561 2191 Sanctorum
1601 2130 1711 2205 Sergii
1737 2132 1771 2191 et

974 2220 1097 2283 Bacchi
1112 2222 1271 2285 diaconus
1287 2226 1477 2300 cardinalis,
1494 2226 1687 2303 subscripsi.

1014 2322 1082 2395 Ego
1109 2323 1308 2399 Raynerius,
1336 2326 1465 2387 Sanctae
1492 2326 1606 2386 Mariae
1632 2326 1665 2386 in
1689 2327 1771 2385 Cos-

975 2417 1085 2478 medin
1100 2418 1259 2481 diaconus
1274 2421 1465 2494 cardinalis,
1480 2421 1673 2499 subscripsi.

1015 2516 1082 2590 Ego
1109 2519 1289 2591 Romanus,
1321 2520 1433 2583 Sancti
1455 2520 1573 2596 Angeli
1604 2520 1768 2580 diaconus

974 2612 1165 2688 cardinalis,
1181 2615 1372 2695 subscripsi.

1013 2712 1081 2786 Ego
1102 2713 1299 2790 Stephanus,
1324 2715 1436 2776 Sancti
1453 2715 1591 2776 Adriani
1607 2715 1768 2775 diaconus

974 2809 1164 2882 cardinalis,
1181 2811 1373 2889 subscripsi.

1013 2908 1131 2969 Datum
1167 2910 1298 2971 Perusii
1324 2927 1383 2988 per
1408 2928 1526 2973 mantis
1544 2909 1645 2981 Vulii,
1662 2926 1768 2970 sacrae

974 3006 1132 3069 Romanae
1164 3007 1322 3069 Ecclesiae
1353 3010 1487 3082 notarii,
1518 3008 1661 3070 secundo
1693 3008 1768 3068 idus

974 3104 1122 3180 augusti,
1149 3104 1330 3167 indictione
1365 3110 1498 3183 quarta,
1526 3107 1768 3167 incarnationis

973 3202 1153 3265 Dominicae
1169 3218 1257 3265 anno
1273 3203 1450 3267 millesimo
1470 3205 1696 3266 ducentesimo
1709 3204 1769 3266 de-

974 3300 1060 3361 cimo
1084 3303 1190 3373 sexto,
1213 3302 1424 3379 pontiilcatus
1445 3320 1524 3364 vero
1553 3302 1677 3363 donnini
1700 3305 1769 3363 lio-

973 3398 1060 3461 norii
1073 3402 1172 3476 Papae
1184 3399 1276 3461 tertii
1289 3416 1376 3461 anno
1389 3400 1507 3477 primo.

1335 3597 1406 3683 XV

1092 3812 1144 3871 Ad
1158 3825 1275 3887 repom
1291 3813 1633 3874 Thessalonicensem.

1276 3934 1309 3991 11
1321 3948 1388 4008 nug.
1407 3933 1484 3990 niu

1012 4082 1122 4147 [Regest.
1135 4082 1180 4135 iol.
1197 4082 1222 4142 l,
1234 4083 1308 4148 epist.
1323 4083 1429 4149 1511111.
1443 4086 1480 4135 La
1494 4085 1569 4134 Porto
1582 4085 1614 4133 du
1630 4085 1726 4150 111611]

972 4236 1082 4308 llecipit
1095 4235 1148 4292 snb
1161 4236 1336 4310 protectione
1351 4238 1382 4293 B.
1397 4237 1483 4305 Petri,
1499 4236 1578 4292 salvo
1591 4236 1653 4308 jure
1673 4236 1764 4308 inipe-

1006 4324 1449 4399 rateris{constantinopolitanun
1467 4339 1565 4400 regem
1592 4326 1761 4384 Tlrcssaleu.

1006 4418 1125 4491 ejusque
1138 4430 1269 4489 regnum.

1010 4561 1764 4636 liceuriae,etc.‚carissimoinchristoillio...

970 4662 1041 4737 regi
1056 4661 1325 4723 Thessalonicen.
1339 4660 1459 4721 illustri
1472 4662 1623 4729 salutem,
1641 4664 1704 4722 etc.

1010 4760 1080 4822 Etsi
1095 4760 1237 4837 singulis
1251 4760 1533 4837 teneamurjustis
1549 4760 1765 4836 petitionibus

970 4857 1118 4919 savorem
1140 4857 1357 4936 apostolicum
1377 4858 1552 4934 impertiri,
1576 4859 1767 4919 etmuxime

971 4958 1005 5017 in
1018 4957 1115 5021 atate
1124 4958 1239 5018 tenera
1254 4957 1452 5028 constitutis,
1468 4957 1583 5017 saltem
1595 4957 1765 5033 principes

970 5073 1030 5136 per
1044 5073 1125 5134 quos
1147 5055 1374 5133 temporaliter
1390 5054 1544 5115 machina
1563 5055 1679 5114 1111111111
1706 5072 1766 5117 16-

969 5157 1069 5233 gitur,
1080 5170 1119 5217 eo
1141 5154 1297 5215 debemus
1312 5153 1454 5214 materni
1474 5154 1570 5214 lactis
1589 5153 1767 5216 dulcedine

970 5255 1156 5324 confovere,
1170 5268 1235 5330 quo
1249 5252 1356 5327 magis
1369 5252 1403 5312 111
1416 5252 1495 5329 ipsis
1510 5268 1584 5312 cum
1600 5251 1641 5312 ad
1657 5267 1767 5314 annos

971 5350 1180 5414 discretionis
1195 5351 1418 5427 pervenerint,
1435 5351 1605 5411 cousuevit
1616 5351 1767 5412 Ecclesia

970 5451 1085 5513 utilius
1097 5449 1276 5528 provideri.
1292 5449 1372 5508 Tuis
1388 5448 1498 5524 igitur,
1514 5448 1562 5508 tili
1582 5449 1617 5508 in
1633 5449 1766 5511 Cluisto

970 5550 1153 5622 carissime,
1179 5549 1280 5627 justis
1309 5547 1462 5625 precibus
1490 5546 1653 5618 inclinati,
1687 5548 1767 5611 licet

969 5648 1074 5711 detrec
1088 5648 1128 5711 ad
1142 5664 1247 5711 annos
1257 5644 1470 5709 discretionis
1481 5645 1685 5722 perveneris,
1703 5647 1765 5709 sub
