<?xml version="1.0" encoding="UTF-8"?>
<!DOCTYPE html PUBLIC "-//W3C//DTD XHTML 1.0 Transitional//EN"
    "http://www.w3.org/TR/xhtml1/DTD/xhtml1-transitional.dtd">
<html xmlns="http://www.w3.org/1999/xhtml" xml:lang="en" lang="en">
 <head>
  <title>
</title>
<meta http-equiv="Content-Type" content="text/html;charset=utf-8" />
  <meta name='ocr-system' content='tesseract 3.04.00' />
  <meta name='ocr-capabilities' content='ocr_page ocr_carea ocr_par ocr_line ocrx_word'/>
</head>
<body>
  <div class='ocr_page' id='page_1' title='image "./mediiaevibiblio02horogoog_0450.png"; bbox 0 0 3802 6166; ppageno 0'>
   <div class='ocr_carea' id='block_1_1' title="bbox 101 212 1781 365">
    <p class='ocr_par' dir='ltr' id='par_1_1' title="bbox 101 212 1781 365">
     <span class='ocr_line' id='line_1_1' title="bbox 101 212 1781 365; baseline 0.002 -43"><span class='ocrx_word' id='word_1_1' title='bbox 101 250 106 255; x_wconf 46' lang='lat'>¹</span> <span class='ocrx_word' id='word_1_2' title='bbox 128 261 188 323; x_wconf 75' lang='lat' dir='ltr'><strong>ill</strong></span> <span class='ocrx_word' id='word_1_3' title='bbox 767 260 996 325; x_wconf 75' lang='lat' dir='ltr'><strong>EPISTOLAE.</strong></span> <span class='ocrx_word' id='word_1_4' title='bbox 1020 264 1098 325; x_wconf 87' lang='lat' dir='ltr'><strong>LIB.</strong></span> <span class='ocrx_word' id='word_1_5' title='bbox 1122 265 1146 325; x_wconf 91' lang='lat' dir='ltr'><strong>l.</strong></span> <span class='ocrx_word' id='word_1_6' title='bbox 1188 212 1193 219; x_wconf 27' lang='grc'>1</span> <span class='ocrx_word' id='word_1_7' title='bbox 1629 326 1643 365; x_wconf 38' lang='lat'>5</span> <span class='ocrx_word' id='word_1_8' title='bbox 1720 265 1781 325; x_wconf 74' lang='lat'><strong>418</strong></span> 
     </span>
    </p>
   </div>
   <div class='ocr_carea' id='block_1_2' title="bbox 123 420 1791 2076">
    <p class='ocr_par' dir='ltr' id='par_1_2' title="bbox 123 420 1791 1411">
     <span class='ocr_line' id='line_1_2' title="bbox 127 420 1783 503; baseline 0.001 -17"><span class='ocrx_word' id='word_1_9' title='bbox 127 420 928 500; x_wconf 77' lang='lat' dir='ltr'><strong>turo,perserelprocuratoremidoneum,npos·</strong></span> <span class='ocrx_word' id='word_1_10' title='bbox 979 422 1091 500; x_wconf 89' lang='lat' dir='ltr'><strong>prium</strong></span> <span class='ocrx_word' id='word_1_11' title='bbox 1107 421 1270 497; x_wconf 82' lang='lat' dir='ltr'><strong>habeatis,</strong></span> <span class='ocrx_word' id='word_1_12' title='bbox 1282 422 1591 503; x_wconf 82' lang='lat' dir='ltr'><strong>etsfquldllailetis,</strong></span> <span class='ocrx_word' id='word_1_13' title='bbox 1608 422 1643 486; x_wconf 91' lang='lat' dir='ltr'><strong>in</strong></span> <span class='ocrx_word' id='word_1_14' title='bbox 1659 424 1783 501; x_wconf 86' lang='lat' dir='ltr'><strong>prioris</strong></span> 
     </span>
     <span class='ocr_line' id='line_1_3' title="bbox 126 520 1784 600; baseline -0.001 -15"><span class='ocrx_word' id='word_1_15' title='bbox 126 521 229 585; x_wconf 88' lang='lat' dir='ltr'><strong>telico</strong></span> <span class='ocrx_word' id='word_1_16' title='bbox 249 522 440 600; x_wconf 89' lang='lat' dir='ltr'><strong>conspectui</strong></span> <span class='ocrx_word' id='word_1_17' title='bbox 465 537 502 584; x_wconf 88' lang='lat' dir='ltr'><strong>se</strong></span> <span class='ocrx_word' id='word_1_18' title='bbox 521 524 702 599; x_wconf 80' lang='lat' dir='ltr'><strong>praesentet</strong></span> <span class='ocrx_word' id='word_1_19' title='bbox 713 521 926 585; x_wconf 81' lang='lat' dir='ltr'><strong>exhibiturus</strong></span> <span class='ocrx_word' id='word_1_20' title='bbox 979 522 1083 583; x_wconf 84' lang='lat' dir='ltr'><strong>vestri</strong></span> <span class='ocrx_word' id='word_1_21' title='bbox 1098 520 1252 583; x_wconf 82' lang='lat' dir='ltr'><strong>manibus</strong></span> <span class='ocrx_word' id='word_1_22' title='bbox 1270 522 1460 599; x_wconf 75' lang='lat' dir='ltr'><strong>resignetis.</strong></span> <span class='ocrx_word' id='word_1_23' title='bbox 1476 522 1685 600; x_wconf 79' lang='lat' dir='ltr'><strong>litquoniam</strong></span> <span class='ocrx_word' id='word_1_24' title='bbox 1702 536 1784 584; x_wconf 89' lang='lat' dir='ltr'><strong>cen·</strong></span> 
     </span>
     <span class='ocr_line' id='line_1_4' title="bbox 127 619 1785 697; baseline 0 -16"><span class='ocrx_word' id='word_1_25' title='bbox 127 622 162 681; x_wconf 86' lang='lat' dir='ltr'><strong>et</strong></span> <span class='ocrx_word' id='word_1_26' title='bbox 174 621 370 697; x_wconf 89' lang='lat' dir='ltr'><strong>recepturus</strong></span> <span class='ocrx_word' id='word_1_27' title='bbox 391 636 493 697; x_wconf 90' lang='lat' dir='ltr'><strong>super</strong></span> <span class='ocrx_word' id='word_1_28' title='bbox 512 620 565 693; x_wconf 87' lang='lat' dir='ltr'><strong>iis,</strong></span> <span class='ocrx_word' id='word_1_29' title='bbox 587 621 672 697; x_wconf 89' lang='lat' dir='ltr'><strong>quod</strong></span> <span class='ocrx_word' id='word_1_30' title='bbox 686 620 831 697; x_wconf 88' lang='lat' dir='ltr'><strong>postulat</strong></span> <span class='ocrx_word' id='word_1_31' title='bbox 844 621 926 683; x_wconf 92' lang='lat' dir='ltr'><strong>ordo</strong></span> <span class='ocrx_word' id='word_1_32' title='bbox 980 634 1060 680; x_wconf 88' lang='lat' dir='ltr'><strong>aura</strong></span> <span class='ocrx_word' id='word_1_33' title='bbox 1073 619 1211 692; x_wconf 89' lang='lat' dir='ltr'><strong>silentii,</strong></span> <span class='ocrx_word' id='word_1_34' title='bbox 1222 620 1317 697; x_wconf 81' lang='lat' dir='ltr'><strong>quasi</strong></span> <span class='ocrx_word' id='word_1_35' title='bbox 1328 621 1479 697; x_wconf 74' lang='lat' dir='ltr'><strong>quaedam</strong></span> <span class='ocrx_word' id='word_1_36' title='bbox 1492 621 1596 683; x_wconf 83' lang='lat' dir='ltr'><strong>clavis</strong></span> <span class='ocrx_word' id='word_1_37' title='bbox 1609 621 1785 683; x_wconf 87' lang='lat' dir='ltr'><strong>estohser-</strong></span> 
     </span>
     <span class='ocr_line' id='line_1_5' title="bbox 124 716 1781 796; baseline 0.002 -19"><span class='ocrx_word' id='word_1_38' title='bbox 124 718 214 795; x_wconf 90' lang='lat' dir='ltr'><strong>juris</strong></span> <span class='ocrx_word' id='word_1_39' title='bbox 229 716 405 795; x_wconf 72' lang='lat' dir='ltr'><strong>:jalioquin</strong></span> <span class='ocrx_word' id='word_1_40' title='bbox 424 732 467 779; x_wconf 91' lang='lat' dir='ltr'><strong>ne</strong></span> <span class='ocrx_word' id='word_1_41' title='bbox 482 718 675 781; x_wconf 86' lang='lat' dir='ltr'><strong>mandatum</strong></span> <span class='ocrx_word' id='word_1_42' title='bbox 699 718 925 795; x_wconf 79' lang='lat' dir='ltr'><strong>apostolicum</strong></span> <span class='ocrx_word' id='word_1_43' title='bbox 979 717 1101 779; x_wconf 86' lang='lat' dir='ltr'><strong>vautiae</strong></span> <span class='ocrx_word' id='word_1_44' title='bbox 1113 718 1291 793; x_wconf 81' lang='lat' dir='ltr'><strong>regularis,</strong></span> <span class='ocrx_word' id='word_1_45' title='bbox 1309 719 1521 796; x_wconf 78' lang='lat' dir='ltr'><strong>praecipimus</strong></span> <span class='ocrx_word' id='word_1_46' title='bbox 1534 720 1571 781; x_wconf 89' lang='lat' dir='ltr'><strong>ut</strong></span> <span class='ocrx_word' id='word_1_47' title='bbox 1590 735 1611 780; x_wconf 91' lang='lat' dir='ltr'><strong>a</strong></span> <span class='ocrx_word' id='word_1_48' title='bbox 1630 719 1781 796; x_wconf 91' lang='lat' dir='ltr'><strong>comple-</strong></span> 
     </span>
     <span class='ocr_line' id='line_1_6' title="bbox 126 813 1780 894; baseline 0 -17"><span class='ocrx_word' id='word_1_49' title='bbox 126 816 250 878; x_wconf 91' lang='lat' dir='ltr'><strong>totieus</strong></span> <span class='ocrx_word' id='word_1_50' title='bbox 285 816 428 877; x_wconf 88' lang='lat' dir='ltr'><strong>elusisse</strong></span> <span class='ocrx_word' id='word_1_51' title='bbox 453 814 607 877; x_wconf 80' lang='lat' dir='ltr'><strong>videatur</strong></span> <span class='ocrx_word' id='word_1_52' title='bbox 639 816 786 894; x_wconf 90' lang='lat' dir='ltr'><strong>impune,</strong></span> <span class='ocrx_word' id='word_1_53' title='bbox 817 816 925 894; x_wconf 91' lang='lat' dir='ltr'><strong>ipsum</strong></span> <span class='ocrx_word' id='word_1_54' title='bbox 979 813 1065 876; x_wconf 88' lang='lat' dir='ltr'><strong>torio</strong></span> <span class='ocrx_word' id='word_1_55' title='bbox 1094 817 1312 892; x_wconf 82' lang='lat' dir='ltr'><strong>praecedentis</strong></span> <span class='ocrx_word' id='word_1_56' title='bbox 1337 816 1404 877; x_wconf 90' lang='lat' dir='ltr'><strong>diei</strong></span> <span class='ocrx_word' id='word_1_57' title='bbox 1419 833 1526 893; x_wconf 86' lang='lat' dir='ltr'><strong>usque</strong></span> <span class='ocrx_word' id='word_1_58' title='bbox 1558 816 1599 877; x_wconf 89' lang='lat' dir='ltr'><strong>ad</strong></span> <span class='ocrx_word' id='word_1_59' title='bbox 1632 817 1780 888; x_wconf 88' lang='lat' dir='ltr'><strong>missam,</strong></span> 
     </span>
     <span class='ocr_line' id='line_1_7' title="bbox 126 912 1781 991; baseline 0 -16"><span class='ocrx_word' id='word_1_60' title='bbox 126 915 261 985; x_wconf 79' lang='lat' dir='ltr'>extunc,</span> <span class='ocrx_word' id='word_1_61' title='bbox 277 912 406 975; x_wconf 88' lang='lat' dir='ltr'><strong>sublato</strong></span> <span class='ocrx_word' id='word_1_62' title='bbox 417 913 594 991; x_wconf 86' lang='lat' dir='ltr'><strong>cujuslibet</strong></span> <span class='ocrx_word' id='word_1_63' title='bbox 607 914 879 976; x_wconf 85' lang='lat' dir='ltr'><strong>contradictionis</strong></span> <span class='ocrx_word' id='word_1_64' title='bbox 893 916 926 976; x_wconf 89' lang='lat' dir='ltr'><strong>et</strong></span> <span class='ocrx_word' id='word_1_65' title='bbox 980 927 1053 988; x_wconf 86' lang='lat' dir='ltr'><strong>quae</strong></span> <span class='ocrx_word' id='word_1_66' title='bbox 1081 913 1270 976; x_wconf 88' lang='lat' dir='ltr'><strong>cantabitur</strong></span> <span class='ocrx_word' id='word_1_67' title='bbox 1303 915 1338 975; x_wconf 91' lang='lat' dir='ltr'><strong>in</strong></span> <span class='ocrx_word' id='word_1_68' title='bbox 1370 915 1468 977; x_wconf 90' lang='lat' dir='ltr'><strong>tertia</strong></span> <span class='ocrx_word' id='word_1_69' title='bbox 1498 915 1666 991; x_wconf 86' lang='lat' dir='ltr'><strong>sequentis</strong></span> <span class='ocrx_word' id='word_1_70' title='bbox 1699 914 1781 983; x_wconf 88' lang='lat' dir='ltr'><strong>diei,</strong></span> 
     </span>
     <span class='ocr_line' id='line_1_8' title="bbox 123 1010 1784 1090; baseline 0.001 -18"><span class='ocrx_word' id='word_1_71' title='bbox 123 1011 361 1088; x_wconf 86' lang='lat' dir='ltr'><strong>appellationis</strong></span> <span class='ocrx_word' id='word_1_72' title='bbox 384 1011 566 1086; x_wconf 88' lang='lat' dir='ltr'><strong>obstaculo,</strong></span> <span class='ocrx_word' id='word_1_73' title='bbox 594 1011 636 1072; x_wconf 88' lang='lat' dir='ltr'><strong>ab</strong></span> <span class='ocrx_word' id='word_1_74' title='bbox 652 1010 761 1073; x_wconf 84' lang='lat' dir='ltr'><strong>officio</strong></span> <span class='ocrx_word' id='word_1_75' title='bbox 776 1014 809 1074; x_wconf 87' lang='lat' dir='ltr'><strong>et</strong></span> <span class='ocrx_word' id='word_1_76' title='bbox 822 1011 927 1074; x_wconf 88' lang='lat' dir='ltr'><strong>bene·</strong></span> <span class='ocrx_word' id='word_1_77' title='bbox 980 1010 1149 1072; x_wconf 89' lang='lat' dir='ltr'><strong>sitentium</strong></span> <span class='ocrx_word' id='word_1_78' title='bbox 1172 1013 1367 1074; x_wconf 88' lang='lat' dir='ltr'><strong>continuum</strong></span> <span class='ocrx_word' id='word_1_79' title='bbox 1387 1014 1585 1075; x_wconf 89' lang='lat' dir='ltr'><strong>conservent</strong></span> <span class='ocrx_word' id='word_1_80' title='bbox 1599 1012 1632 1075; x_wconf 92' lang='lat' dir='ltr'><strong>et</strong></span> <span class='ocrx_word' id='word_1_81' title='bbox 1651 1028 1784 1090; x_wconf 89' lang='lat' dir='ltr'><strong>semper</strong></span> 
     </span>
     <span class='ocr_line' id='line_1_9' title="bbox 126 1107 1782 1188; baseline 0.002 -18"><span class='ocrx_word' id='word_1_82' title='bbox 126 1110 203 1170; x_wconf 87' lang='lat' dir='ltr'><strong>ficio</strong></span> <span class='ocrx_word' id='word_1_83' title='bbox 226 1110 447 1187; x_wconf 87' lang='lat' dir='ltr'><strong>suspendatis.</strong></span> <span class='ocrx_word' id='word_1_84' title='bbox 471 1111 542 1172; x_wconf 87' lang='lat' dir='ltr'><strong>Dat.</strong></span> <span class='ocrx_word' id='word_1_85' title='bbox 566 1113 671 1186; x_wconf 68' lang='lat' dir='ltr'><strong>anag.</strong></span> <span class='ocrx_word' id='word_1_86' title='bbox 686 1112 745 1172; x_wconf 83' lang='lat' dir='ltr'><strong>vll</strong></span> <span class='ocrx_word' id='word_1_87' title='bbox 765 1109 832 1171; x_wconf 85' lang='lat' dir='ltr'><strong>kal.</strong></span> <span class='ocrx_word' id='word_1_88' title='bbox 849 1112 922 1188; x_wconf 82' lang='lat' dir='ltr'><strong>jun.</strong></span> <span class='ocrx_word' id='word_1_89' title='bbox 978 1107 1014 1168; x_wconf 92' lang='lat' dir='ltr'><strong>in</strong></span> <span class='ocrx_word' id='word_1_90' title='bbox 1031 1109 1228 1173; x_wconf 89' lang='lat' dir='ltr'><strong>dormitorio</strong></span> <span class='ocrx_word' id='word_1_91' title='bbox 1241 1111 1322 1172; x_wconf 90' lang='lat' dir='ltr'><strong>etin</strong></span> <span class='ocrx_word' id='word_1_92' title='bbox 1335 1126 1462 1172; x_wconf 89' lang='lat' dir='ltr'><strong>mensa.</strong></span> <span class='ocrx_word' id='word_1_93' title='bbox 1475 1110 1782 1173; x_wconf 81' lang='lat' dir='ltr'><strong>Aliisautemlroris</strong></span> 
     </span>
     <span class='ocr_line' id='line_1_10' title="bbox 124 1206 1783 1280; baseline 0.002 -14"><span class='ocrx_word' id='word_1_94' title='bbox 124 1223 184 1266; x_wconf 85' lang='lat' dir='ltr'><strong>un.</strong></span> <span class='ocrx_word' id='word_1_95' title='bbox 199 1208 227 1266; x_wconf 92' lang='lat'><strong>1.</strong></span> <span class='ocrx_word' id='word_1_96' title='bbox 979 1208 1013 1267; x_wconf 87' lang='lat' dir='ltr'><strong>et</strong></span> <span class='ocrx_word' id='word_1_97' title='bbox 1029 1207 1112 1268; x_wconf 90' lang='lat' dir='ltr'><strong>locis</strong></span> <span class='ocrx_word' id='word_1_98' title='bbox 1135 1206 1258 1270; x_wconf 88' lang='lat' dir='ltr'><strong>fratres</strong></span> <span class='ocrx_word' id='word_1_99' title='bbox 1279 1223 1347 1270; x_wconf 92' lang='lat' dir='ltr'><strong>non</strong></span> <span class='ocrx_word' id='word_1_100' title='bbox 1370 1209 1491 1270; x_wconf 84' lang='lat' dir='ltr'><strong>vacent</strong></span> <span class='ocrx_word' id='word_1_101' title='bbox 1505 1207 1640 1280; x_wconf 87' lang='lat' dir='ltr'><strong>fabulis,</strong></span> <span class='ocrx_word' id='word_1_102' title='bbox 1657 1209 1715 1270; x_wconf 92' lang='lat' dir='ltr'><strong>sed</strong></span> <span class='ocrx_word' id='word_1_103' title='bbox 1728 1208 1783 1269; x_wconf 92' lang='lat' dir='ltr'><strong>in-</strong></span> 
     </span>
     <span class='ocr_line' id='line_1_11' title="bbox 399 1304 1791 1411; baseline 0.002 -47"><span class='ocrx_word' id='word_1_104' title='bbox 399 1322 659 1411; x_wconf 68' lang='lat' dir='ltr'>CCCXXVIH</span> <span class='ocrx_word' id='word_1_105' title='bbox 979 1304 1116 1366; x_wconf 89' lang='lat' dir='ltr'><strong>tendant</strong></span> <span class='ocrx_word' id='word_1_106' title='bbox 1149 1306 1237 1369; x_wconf 91' lang='lat' dir='ltr'><strong>serio</strong></span> <span class='ocrx_word' id='word_1_107' title='bbox 1263 1307 1314 1368; x_wconf 89' lang='lat' dir='ltr'><strong>eis</strong></span> <span class='ocrx_word' id='word_1_108' title='bbox 1344 1307 1529 1383; x_wconf 73' lang='lat' dir='ltr'><strong>prasertim</strong></span> <span class='ocrx_word' id='word_1_109' title='bbox 1556 1322 1630 1385; x_wconf 84' lang='lat' dir='ltr'><strong>quae</strong></span> <span class='ocrx_word' id='word_1_110' title='bbox 1656 1308 1791 1382; x_wconf 84' lang='lat' dir='ltr'><strong>statum¹</strong></span> 
     </span>
    </p>

    <p class='ocr_par' dir='ltr' id='par_1_3' title="bbox 979 1401 1779 1481">
     <span class='ocr_line' id='line_1_12' title="bbox 979 1401 1779 1481; baseline 0.003 -20"><span class='ocrx_word' id='word_1_111' title='bbox 979 1401 1107 1474; x_wconf 88' lang='lat' dir='ltr'><strong>domus,</strong></span> <span class='ocrx_word' id='word_1_112' title='bbox 1122 1403 1176 1464; x_wconf 81' lang='lat' dir='ltr'><strong>vel</strong></span> <span class='ocrx_word' id='word_1_113' title='bbox 1190 1403 1331 1466; x_wconf 87' lang='lat' dir='ltr'><strong>salutem</strong></span> <span class='ocrx_word' id='word_1_114' title='bbox 1347 1405 1558 1481; x_wconf 81' lang='lat' dir='ltr'><strong>respexerint</strong></span> <span class='ocrx_word' id='word_1_115' title='bbox 1579 1405 1779 1465; x_wconf 89' lang='lat' dir='ltr'><strong>animarum.</strong></span> 
     </span>
    </p>

    <p class='ocr_par' dir='ltr' id='par_1_4' title="bbox 124 1473 1779 1669">
     <span class='ocr_line' id='line_1_13' title="bbox 124 1473 1779 1586; baseline 0.002 -28"><span class='ocrx_word' id='word_1_116' title='bbox 124 1475 180 1532; x_wconf 60' lang='lat' dir='ltr'><strong>‘m</strong></span> <span class='ocrx_word' id='word_1_117' title='bbox 197 1475 355 1546; x_wconf 56' lang='lat' dir='ltr'><strong>primm</strong></span> <span class='ocrx_word' id='word_1_118' title='bbox 380 1473 416 1535; x_wconf 63' lang='lat'><strong>0²</strong></span> <span class='ocrx_word' id='word_1_119' title='bbox 437 1473 570 1586; x_wconf 41' lang='lat' dir='ltr'><strong><em>fratr&amp;</em></strong></span> <span class='ocrx_word' id='word_1_120' title='bbox 593 1475 706 1535; x_wconf 56' lang='lat' dir='ltr'><strong>samu</strong></span> <span class='ocrx_word' id='word_1_121' title='bbox 730 1477 862 1550; x_wconf 60' lang='lat' dir='ltr'><strong>AWW</strong></span> <span class='ocrx_word' id='word_1_122' title='bbox 883 1477 924 1535; x_wconf 64' lang='grc' dir='ltr'><strong>αθ</strong></span> <span class='ocrx_word' id='word_1_123' title='bbox 980 1500 1061 1559; x_wconf 85' lang='lat' dir='ltr'><strong>Item</strong></span> <span class='ocrx_word' id='word_1_124' title='bbox 1081 1500 1270 1573; x_wconf 81' lang='lat' dir='ltr'><strong>statuimus,</strong></span> <span class='ocrx_word' id='word_1_125' title='bbox 1288 1503 1325 1565; x_wconf 94' lang='lat' dir='ltr'><strong>ut</strong></span> <span class='ocrx_word' id='word_1_126' title='bbox 1338 1502 1491 1564; x_wconf 86' lang='lat' dir='ltr'><strong>conversi</strong></span> <span class='ocrx_word' id='word_1_127' title='bbox 1507 1503 1631 1580; x_wconf 83' lang='lat' dir='ltr'><strong>absque</strong></span> <span class='ocrx_word' id='word_1_128' title='bbox 1647 1502 1779 1578; x_wconf 81' lang='lat' dir='ltr'><strong>urgenti</strong></span> 
     </span>
     <span class='ocr_line' id='line_1_14' title="bbox 432 1574 1779 1669; baseline 0.002 -13"><span class='ocrx_word' id='word_1_129' title='bbox 432 1574 616 1633; x_wconf 65' lang='lat'><strong>02‘07&#39;02&#39;20·</strong></span> <span class='ocrx_word' id='word_1_130' title='bbox 979 1598 1187 1669; x_wconf 74' lang='lat' dir='ltr'><strong>necessitate,</strong></span> <span class='ocrx_word' id='word_1_131' title='bbox 1204 1599 1257 1661; x_wconf 80' lang='lat' dir='ltr'><strong>vel</strong></span> <span class='ocrx_word' id='word_1_132' title='bbox 1276 1600 1421 1662; x_wconf 85' lang='lat' dir='ltr'><strong>evidenti</strong></span> <span class='ocrx_word' id='word_1_133' title='bbox 1443 1600 1588 1662; x_wconf 87' lang='lat' dir='ltr'><strong>utilitate</strong></span> <span class='ocrx_word' id='word_1_134' title='bbox 1608 1599 1779 1669; x_wconf 76' lang='lat' dir='ltr'><strong>Ecclesiae,</strong></span> 
     </span>
    </p>

    <p class='ocr_par' dir='ltr' id='par_1_5' title="bbox 418 1694 1781 1776">
     <span class='ocr_line' id='line_1_15' title="bbox 418 1694 1781 1776; baseline 0.006 -25"><span class='ocrx_word' id='word_1_135' title='bbox 418 1694 534 1751; x_wconf 71' lang='lat' dir='ltr'><strong>fumali</strong></span> <span class='ocrx_word' id='word_1_136' title='bbox 551 1694 629 1752; x_wconf 73' lang='lat' dir='ltr'><strong>fill.</strong></span> <span class='ocrx_word' id='word_1_137' title='bbox 979 1696 1038 1756; x_wconf 92' lang='lat' dir='ltr'><strong>aut</strong></span> <span class='ocrx_word' id='word_1_138' title='bbox 1059 1695 1196 1771; x_wconf 91' lang='lat' dir='ltr'><strong>speciali</strong></span> <span class='ocrx_word' id='word_1_139' title='bbox 1220 1697 1377 1759; x_wconf 90' lang='lat' dir='ltr'><strong>mandato</strong></span> <span class='ocrx_word' id='word_1_140' title='bbox 1406 1698 1541 1776; x_wconf 88' lang='lat' dir='ltr'><strong>prioris,</strong></span> <span class='ocrx_word' id='word_1_141' title='bbox 1572 1697 1613 1759; x_wconf 89' lang='lat' dir='ltr'><strong>ab</strong></span> <span class='ocrx_word' id='word_1_142' title='bbox 1639 1697 1781 1759; x_wconf 84' lang='lat' dir='ltr'><strong>ecclesia</strong></span> 
     </span>
    </p>

    <p class='ocr_par' dir='ltr' id='par_1_6' title="bbox 128 1792 1781 2076">
     <span class='ocr_line' id='line_1_16' title="bbox 243 1792 1780 1874; baseline -0.003 -15"><span class='ocrx_word' id='word_1_143' title='bbox 243 1808 416 1873; x_wconf 69' lang='lat' dir='ltr'><strong>[spicilegium</strong></span> <span class='ocrx_word' id='word_1_144' title='bbox 432 1807 605 1867; x_wconf 73' lang='lat' dir='ltr'><strong>moedorum,</strong></span> <span class='ocrx_word' id='word_1_145' title='bbox 615 1824 641 1874; x_wconf 79' lang='lat' dir='ltr'><strong>p.</strong></span> <span class='ocrx_word' id='word_1_146' title='bbox 654 1808 710 1868; x_wconf 77' lang='lat' dir='ltr'><strong>iar,</strong></span> <span class='ocrx_word' id='word_1_147' title='bbox 720 1824 746 1860; x_wconf 81' lang='lat' dir='ltr'><strong>o.</strong></span> <span class='ocrx_word' id='word_1_148' title='bbox 759 1808 811 1874; x_wconf 69' lang='lat' dir='ltr'><strong>aa]</strong></span> <span class='ocrx_word' id='word_1_149' title='bbox 980 1792 1085 1854; x_wconf 89' lang='lat' dir='ltr'><strong>sancti</strong></span> <span class='ocrx_word' id='word_1_150' title='bbox 1092 1795 1190 1855; x_wconf 76' lang='lat' dir='ltr'><strong>Lucae</strong></span> <span class='ocrx_word' id='word_1_151' title='bbox 1200 1792 1415 1858; x_wconf 87' lang='lat' dir='ltr'><strong>inferiusnon</strong></span> <span class='ocrx_word' id='word_1_152' title='bbox 1425 1794 1780 1873; x_wconf 88' lang='lat' dir='ltr'><strong>descendantneque...</strong></span> 
     </span>
     <span class='ocr_line' id='line_1_17' title="bbox 128 1890 1780 1991; baseline 0 -18"><span class='ocrx_word' id='word_1_153' title='bbox 128 1917 270 1973; x_wconf 79' lang='lat' dir='ltr'><strong>statutum</strong></span> <span class='ocrx_word' id='word_1_154' title='bbox 287 1914 573 1988; x_wconf 82' lang='lat' dir='ltr'><strong>quodfohannestil.</strong></span> <span class='ocrx_word' id='word_1_155' title='bbox 589 1916 617 1974; x_wconf 87' lang='lat' dir='ltr'><strong>s.</strong></span> <span class='ocrx_word' id='word_1_156' title='bbox 631 1914 925 1991; x_wconf 71' lang='lat' dir='ltr'><strong>Praxedispresbpter</strong></span> <span class='ocrx_word' id='word_1_157' title='bbox 979 1890 1125 1952; x_wconf 60' lang='lat' dir='ltr'><strong>audeant</strong></span> <span class='ocrx_word' id='word_1_158' title='bbox 1151 1906 1191 1954; x_wconf 80' lang='lat'><strong>⁰⁰</strong></span> <span class='ocrx_word' id='word_1_159' title='bbox 1215 1891 1270 1955; x_wconf 66' lang='lat'><strong>‘¹1⁰</strong></span> <span class='ocrx_word' id='word_1_160' title='bbox 1298 1908 1363 1969; x_wconf 72' lang='grc' dir='ltr'><strong>(1Πο</strong></span> <span class='ocrx_word' id='word_1_161' title='bbox 1389 1893 1513 1955; x_wconf 58' lang='lat' dir='ltr'><strong>suerint</strong></span> <span class='ocrx_word' id='word_1_162' title='bbox 1537 1893 1579 1953; x_wconf 64' lang='lat' dir='ltr'><strong>ad</strong></span> <span class='ocrx_word' id='word_1_163' title='bbox 1604 1891 1780 1955; x_wconf 62' lang='lat' dir='ltr'><strong>0⁰⁰¹⁰⁸i³m</strong></span> 
     </span>
     <span class='ocr_line' id='line_1_18' title="bbox 162 1989 1781 2076; baseline 0.003 -14"><span class='ocrx_word' id='word_1_164' title='bbox 162 2013 231 2063; x_wconf 91' lang='lat' dir='ltr'><strong>tunc</strong></span> <span class='ocrx_word' id='word_1_165' title='bbox 252 2006 280 2062; x_wconf 89' lang='lat' dir='ltr'><strong>S.</strong></span> <span class='ocrx_word' id='word_1_166' title='bbox 300 2006 396 2063; x_wconf 80' lang='lat' dir='ltr'><strong>Mariae</strong></span> <span class='ocrx_word' id='word_1_167' title='bbox 417 2007 445 2061; x_wconf 92' lang='lat' dir='ltr'><strong>iu</strong></span> <span class='ocrx_word' id='word_1_168' title='bbox 458 2006 511 2064; x_wconf 88' lang='lat' dir='ltr'><strong>Via</strong></span> <span class='ocrx_word' id='word_1_169' title='bbox 531 2006 587 2063; x_wconf 87' lang='lat' dir='ltr'><strong>fala</strong></span> <span class='ocrx_word' id='word_1_170' title='bbox 607 2005 745 2063; x_wconf 89' lang='lat' dir='ltr'><strong>diaconus</strong></span> <span class='ocrx_word' id='word_1_171' title='bbox 759 2004 924 2076; x_wconf 84' lang='lat' dir='ltr'><strong>cardinalis,</strong></span> <span class='ocrx_word' id='word_1_172' title='bbox 979 1989 1171 2063; x_wconf 75' lang='lat' dir='ltr'><strong>reversuri3</strong></span> <span class='ocrx_word' id='word_1_173' title='bbox 1196 2005 1257 2051; x_wconf 80' lang='lat'><strong>11⁰⁰</strong></span> <span class='ocrx_word' id='word_1_174' title='bbox 1277 1990 1360 2051; x_wconf 62' lang='lat' dir='ltr'><strong>Viris</strong></span> <span class='ocrx_word' id='word_1_175' title='bbox 1379 1991 1598 2054; x_wconf 68' lang='lat' dir='ltr'><strong>flaeclllffl&#39;ilffls</strong></span> <span class='ocrx_word' id='word_1_176' title='bbox 1612 2005 1711 2067; x_wconf 62' lang='grc' dir='ltr'><strong>111θοθ</strong></span> <span class='ocrx_word' id='word_1_177' title='bbox 1726 1991 1781 2052; x_wconf 61' lang='lat' dir='ltr'><strong>fel</strong></span> 
     </span>
    </p>
   </div>
   <div class='ocr_carea' id='block_1_3' title="bbox 158 2087 1782 2263">
    <p class='ocr_par' dir='ltr' id='par_1_7' title="bbox 158 2087 1782 2263">
     <span class='ocr_line' id='line_1_19' title="bbox 158 2087 1782 2166; baseline -0.002 -16"><span class='ocrx_word' id='word_1_178' title='bbox 158 2108 250 2166; x_wconf 86' lang='lat' dir='ltr'><strong>super</strong></span> <span class='ocrx_word' id='word_1_179' title='bbox 273 2093 476 2152; x_wconf 79' lang='lat' dir='ltr'><strong>reformatione</strong></span> <span class='ocrx_word' id='word_1_180' title='bbox 501 2093 604 2152; x_wconf 87' lang='lat' dir='ltr'><strong>domus</strong></span> <span class='ocrx_word' id='word_1_181' title='bbox 626 2110 725 2152; x_wconf 87' lang='lat' dir='ltr'><strong>eorum</strong></span> <span class='ocrx_word' id='word_1_182' title='bbox 747 2094 924 2164; x_wconf 81' lang='lat' dir='ltr'><strong>condiderat,</strong></span> <span class='ocrx_word' id='word_1_183' title='bbox 979 2087 1085 2162; x_wconf 90' lang='lat' dir='ltr'><strong>pretio</strong></span> <span class='ocrx_word' id='word_1_184' title='bbox 1100 2102 1219 2163; x_wconf 91' lang='lat' dir='ltr'><strong>operas</strong></span> <span class='ocrx_word' id='word_1_185' title='bbox 1234 2104 1313 2148; x_wconf 88' lang='lat' dir='ltr'><strong>suas</strong></span> <span class='ocrx_word' id='word_1_186' title='bbox 1325 2088 1445 2160; x_wconf 88' lang='lat' dir='ltr'><strong>locent,</strong></span> <span class='ocrx_word' id='word_1_187' title='bbox 1459 2090 1552 2149; x_wconf 83' lang='lat' dir='ltr'><strong>salvo</strong></span> <span class='ocrx_word' id='word_1_188' title='bbox 1562 2089 1674 2150; x_wconf 90' lang='lat' dir='ltr'><strong>tamen</strong></span> <span class='ocrx_word' id='word_1_189' title='bbox 1684 2104 1782 2148; x_wconf 87' lang='lat' dir='ltr'><strong>man-</strong></span> 
     </span>
     <span class='ocr_line' id='line_1_20' title="bbox 161 2182 1779 2263; baseline 0.004 -24"><span class='ocrx_word' id='word_1_190' title='bbox 161 2191 390 2256; x_wconf 75' lang='lat' dir='ltr'><strong>ornusquelenor</strong></span> <span class='ocrx_word' id='word_1_191' title='bbox 400 2183 699 2255; x_wconf 79' lang='lat' dir='ltr'><strong>presentibuslitteris</strong></span> <span class='ocrx_word' id='word_1_192' title='bbox 709 2182 859 2242; x_wconf 83' lang='lat' dir='ltr'><strong>adnotatus</strong></span> <span class='ocrx_word' id='word_1_193' title='bbox 869 2191 923 2253; x_wconf 85' lang='lat' dir='ltr'><strong>esl,</strong></span> <span class='ocrx_word' id='word_1_194' title='bbox 979 2184 1057 2246; x_wconf 93' lang='lat' dir='ltr'><strong>dato</strong></span> <span class='ocrx_word' id='word_1_195' title='bbox 1072 2185 1207 2262; x_wconf 88' lang='lat' dir='ltr'><strong>prioris.</strong></span> <span class='ocrx_word' id='word_1_196' title='bbox 1223 2186 1406 2263; x_wconf 83' lang='lat' dir='ltr'><strong>Adjicimus</strong></span> <span class='ocrx_word' id='word_1_197' title='bbox 1420 2186 1518 2248; x_wconf 89' lang='lat' dir='ltr'><strong>etiam</strong></span> <span class='ocrx_word' id='word_1_198' title='bbox 1538 2187 1574 2248; x_wconf 94' lang='lat' dir='ltr'><strong>ut</strong></span> <span class='ocrx_word' id='word_1_199' title='bbox 1590 2201 1779 2247; x_wconf 89' lang='lat' dir='ltr'><strong>mensarum</strong></span> 
     </span>
    </p>
   </div>
   <div class='ocr_carea' id='block_1_4' title="bbox 125 2271 1780 2656">
    <p class='ocr_par' dir='ltr' id='par_1_8' title="bbox 125 2271 1780 2656">
     <span class='ocr_line' id='line_1_21' title="bbox 160 2271 1778 2361; baseline 0.002 -19"><span class='ocrx_word' id='word_1_200' title='bbox 160 2271 324 2331; x_wconf 68' lang='lat' dir='ltr'><strong>confirm⁸⁸·</strong></span> <span class='ocrx_word' id='word_1_201' title='bbox 979 2282 1129 2359; x_wconf 86' lang='lat' dir='ltr'><strong>reliquiae</strong></span> <span class='ocrx_word' id='word_1_202' title='bbox 1153 2299 1220 2345; x_wconf 92' lang='lat' dir='ltr'><strong>non</strong></span> <span class='ocrx_word' id='word_1_203' title='bbox 1241 2284 1452 2361; x_wconf 85' lang='lat' dir='ltr'><strong>applicentur</strong></span> <span class='ocrx_word' id='word_1_204' title='bbox 1470 2285 1585 2345; x_wconf 90' lang='lat' dir='ltr'><strong>usibus</strong></span> <span class='ocrx_word' id='word_1_205' title='bbox 1609 2283 1696 2356; x_wconf 87' lang='lat' dir='ltr'><strong>aliis,</strong></span> <span class='ocrx_word' id='word_1_206' title='bbox 1720 2284 1778 2345; x_wconf 89' lang='lat' dir='ltr'><strong>sed</strong></span> 
     </span>
     <span class='ocr_line' id='line_1_22' title="bbox 165 2382 1778 2460; baseline 0.001 -18"><span class='ocrx_word' id='word_1_207' title='bbox 165 2383 336 2443; x_wconf 83' lang='lat' dir='ltr'><strong>Honorius</strong></span> <span class='ocrx_word' id='word_1_208' title='bbox 351 2383 525 2459; x_wconf 86' lang='lat' dir='ltr'><strong>episcopus</strong></span> <span class='ocrx_word' id='word_1_209' title='bbox 547 2397 663 2444; x_wconf 85' lang='lat' dir='ltr'><strong>servus</strong></span> <span class='ocrx_word' id='word_1_210' title='bbox 678 2396 850 2443; x_wconf 86' lang='lat' dir='ltr'><strong>servorum</strong></span> <span class='ocrx_word' id='word_1_211' title='bbox 865 2382 925 2443; x_wconf 86' lang='lat' dir='ltr'><strong>flei</strong></span> <span class='ocrx_word' id='word_1_212' title='bbox 978 2395 1039 2457; x_wconf 89' lang='lat' dir='ltr'><strong>per</strong></span> <span class='ocrx_word' id='word_1_213' title='bbox 1062 2397 1147 2453; x_wconf 89' lang='lat' dir='ltr'><strong>eum,</strong></span> <span class='ocrx_word' id='word_1_214' title='bbox 1175 2397 1272 2460; x_wconf 87' lang='lat' dir='ltr'><strong>quem</strong></span> <span class='ocrx_word' id='word_1_215' title='bbox 1299 2383 1391 2458; x_wconf 91' lang='lat' dir='ltr'><strong>prior</strong></span> <span class='ocrx_word' id='word_1_216' title='bbox 1409 2382 1451 2443; x_wconf 90' lang='lat' dir='ltr'><strong>ad</strong></span> <span class='ocrx_word' id='word_1_217' title='bbox 1475 2383 1538 2444; x_wconf 90' lang='lat' dir='ltr'><strong>hoc</strong></span> <span class='ocrx_word' id='word_1_218' title='bbox 1560 2383 1778 2459; x_wconf 86' lang='lat' dir='ltr'><strong>deputaverit.</strong></span> 
     </span>
     <span class='ocr_line' id='line_1_23' title="bbox 125 2478 1780 2557; baseline 0.001 -18"><span class='ocrx_word' id='word_1_219' title='bbox 125 2478 257 2541; x_wconf 87' lang='lat' dir='ltr'><strong>dilectis</strong></span> <span class='ocrx_word' id='word_1_220' title='bbox 269 2480 460 2557; x_wconf 88' lang='lat' dir='ltr'><strong>filiispriori</strong></span> <span class='ocrx_word' id='word_1_221' title='bbox 471 2479 669 2541; x_wconf 76' lang='lat' dir='ltr'><strong>etfratriirus</strong></span> <span class='ocrx_word' id='word_1_222' title='bbox 678 2480 925 2556; x_wconf 82' lang='lat' dir='ltr'><strong>sanctiAgueffi</strong></span> <span class='ocrx_word' id='word_1_223' title='bbox 978 2478 1179 2554; x_wconf 87' lang='lat' dir='ltr'><strong>pauperibus</strong></span> <span class='ocrx_word' id='word_1_224' title='bbox 1213 2480 1417 2556; x_wconf 79' lang='lat' dir='ltr'><strong>erogentur;</strong></span> <span class='ocrx_word' id='word_1_225' title='bbox 1454 2480 1631 2557; x_wconf 89' lang='lat' dir='ltr'><strong>nullusque</strong></span> <span class='ocrx_word' id='word_1_226' title='bbox 1660 2495 1780 2557; x_wconf 88' lang='lat' dir='ltr'><strong>panem</strong></span> 
     </span>
     <span class='ocr_line' id='line_1_24' title="bbox 126 2575 1778 2656; baseline 0.001 -20"><span class='ocrx_word' id='word_1_227' title='bbox 126 2575 167 2636; x_wconf 94' lang='lat' dir='ltr'><strong>de</strong></span> <span class='ocrx_word' id='word_1_228' title='bbox 182 2577 361 2650; x_wconf 83' lang='lat' dir='ltr'><strong>Guarcino,</strong></span> <span class='ocrx_word' id='word_1_229' title='bbox 379 2576 568 2638; x_wconf 89' lang='lat' dir='ltr'><strong>salutemet</strong></span> <span class='ocrx_word' id='word_1_230' title='bbox 584 2575 926 2654; x_wconf 73' lang='lat' dir='ltr'><strong>apostolicamhene-</strong></span> <span class='ocrx_word' id='word_1_231' title='bbox 979 2575 1149 2637; x_wconf 87' lang='lat' dir='ltr'><strong>cambiare</strong></span> <span class='ocrx_word' id='word_1_232' title='bbox 1166 2578 1355 2653; x_wconf 79' lang='lat' dir='ltr'><strong>presumat,</strong></span> <span class='ocrx_word' id='word_1_233' title='bbox 1379 2578 1438 2639; x_wconf 89' lang='lat' dir='ltr'><strong>sed</strong></span> <span class='ocrx_word' id='word_1_234' title='bbox 1459 2591 1574 2639; x_wconf 90' lang='lat' dir='ltr'><strong>omnes</strong></span> <span class='ocrx_word' id='word_1_235' title='bbox 1597 2580 1664 2639; x_wconf 91' lang='lat' dir='ltr'><strong>tam</strong></span> <span class='ocrx_word' id='word_1_236' title='bbox 1681 2594 1778 2656; x_wconf 91' lang='lat' dir='ltr'><strong>pane,</strong></span> 
     </span>
    </p>
   </div>
   <div class='ocr_carea' id='block_1_5' title="bbox 118 2674 1898 2751">
    <p class='ocr_par' dir='ltr' id='par_1_9' title="bbox 118 2674 1898 2751">
     <span class='ocr_line' id='line_1_25' title="bbox 118 2674 1898 2751; baseline 0.002 -17"><span class='ocrx_word' id='word_1_237' title='bbox 118 2674 317 2749; x_wconf 84' lang='lat' dir='ltr'><strong>dictionem.</strong></span> <span class='ocrx_word' id='word_1_238' title='bbox 979 2689 1077 2749; x_wconf 87' lang='lat' dir='ltr'><strong>quam</strong></span> <span class='ocrx_word' id='word_1_239' title='bbox 1109 2674 1185 2735; x_wconf 86' lang='lat' dir='ltr'><strong>vino</strong></span> <span class='ocrx_word' id='word_1_240' title='bbox 1214 2675 1247 2736; x_wconf 90' lang='lat' dir='ltr'><strong>et</strong></span> <span class='ocrx_word' id='word_1_241' title='bbox 1272 2674 1451 2751; x_wconf 89' lang='lat' dir='ltr'><strong>pulmentis</strong></span> <span class='ocrx_word' id='word_1_242' title='bbox 1476 2675 1601 2737; x_wconf 87' lang='lat' dir='ltr'><strong>eisdem</strong></span> <span class='ocrx_word' id='word_1_243' title='bbox 1630 2678 1777 2747; x_wconf 90' lang='lat' dir='ltr'><strong>utantur,</strong></span> <span class='ocrx_word' id='word_1_244' title='bbox 1894 2692 1898 2701; x_wconf 89' lang='lat'><em>·</em></span> 
     </span>
    </p>
   </div>
   <div class='ocr_carea' id='block_1_6' title="bbox 123 2770 1838 4315">
    <p class='ocr_par' dir='ltr' id='par_1_10' title="bbox 123 2770 1838 4315">
     <span class='ocr_line' id='line_1_26' title="bbox 166 2770 1778 2851; baseline -0.002 -15"><span class='ocrx_word' id='word_1_245' title='bbox 166 2773 270 2836; x_wconf 82' lang='lat' dir='ltr'><strong>Justis</strong></span> <span class='ocrx_word' id='word_1_246' title='bbox 294 2773 474 2849; x_wconf 90' lang='lat' dir='ltr'><strong>petentium</strong></span> <span class='ocrx_word' id='word_1_247' title='bbox 509 2771 684 2835; x_wconf 88' lang='lat' dir='ltr'><strong>desideriis</strong></span> <span class='ocrx_word' id='word_1_248' title='bbox 712 2772 848 2849; x_wconf 81' lang='lat' dir='ltr'><strong>dignum</strong></span> <span class='ocrx_word' id='word_1_249' title='bbox 874 2772 925 2833; x_wconf 91' lang='lat' dir='ltr'><strong>est</strong></span> <span class='ocrx_word' id='word_1_250' title='bbox 979 2770 1081 2832; x_wconf 83' lang='lat' dir='ltr'><strong>safris</strong></span> <span class='ocrx_word' id='word_1_251' title='bbox 1116 2772 1369 2834; x_wconf 81' lang='lat' dir='ltr'><strong>necessitatibus</strong></span> <span class='ocrx_word' id='word_1_252' title='bbox 1404 2773 1627 2845; x_wconf 88' lang='lat' dir='ltr'><strong>infirmorum,</strong></span> <span class='ocrx_word' id='word_1_253' title='bbox 1659 2773 1778 2851; x_wconf 85' lang='lat' dir='ltr'><strong>quihus</strong></span> 
     </span>
     <span class='ocr_line' id='line_1_27' title="bbox 129 2869 1838 2949; baseline 0.001 -18"><span class='ocrx_word' id='word_1_254' title='bbox 129 2886 189 2932; x_wconf 90' lang='lat' dir='ltr'><strong>nos</strong></span> <span class='ocrx_word' id='word_1_255' title='bbox 202 2870 331 2932; x_wconf 88' lang='lat' dir='ltr'><strong>facilem</strong></span> <span class='ocrx_word' id='word_1_256' title='bbox 346 2870 494 2947; x_wconf 85' lang='lat' dir='ltr'><strong>praehere</strong></span> <span class='ocrx_word' id='word_1_257' title='bbox 510 2885 706 2932; x_wconf 84' lang='lat' dir='ltr'><strong>consensum</strong></span> <span class='ocrx_word' id='word_1_258' title='bbox 719 2872 752 2932; x_wconf 87' lang='lat' dir='ltr'><strong>et</strong></span> <span class='ocrx_word' id='word_1_259' title='bbox 764 2871 840 2932; x_wconf 82' lang='lat' dir='ltr'><strong>vota</strong></span> <span class='ocrx_word' id='word_1_260' title='bbox 850 2887 924 2947; x_wconf 77' lang='lat' dir='ltr'><strong>quae</strong></span> <span class='ocrx_word' id='word_1_261' title='bbox 977 2884 1037 2945; x_wconf 89' lang='lat' dir='ltr'><strong>per</strong></span> <span class='ocrx_word' id='word_1_262' title='bbox 1051 2869 1173 2945; x_wconf 91' lang='lat' dir='ltr'><strong>prioris</strong></span> <span class='ocrx_word' id='word_1_263' title='bbox 1188 2870 1456 2943; x_wconf 88' lang='lat' dir='ltr'><strong>sollicitudinem,</strong></span> <span class='ocrx_word' id='word_1_264' title='bbox 1470 2873 1565 2948; x_wconf 85' lang='lat' dir='ltr'><strong>juxta</strong></span> <span class='ocrx_word' id='word_1_265' title='bbox 1584 2871 1777 2933; x_wconf 84' lang='lat' dir='ltr'><strong>facultatem</strong></span> <span class='ocrx_word' id='word_1_266' title='bbox 1835 2944 1838 2949; x_wconf 27' lang='lat'>¹</span> 
     </span>
     <span class='ocr_line' id='line_1_28' title="bbox 128 2966 1776 3040; baseline 0.002 -13"><span class='ocrx_word' id='word_1_267' title='bbox 128 2968 308 3030; x_wconf 89' lang='lat' dir='ltr'><strong>arationis</strong></span> <span class='ocrx_word' id='word_1_268' title='bbox 333 2967 467 3029; x_wconf 90' lang='lat' dir='ltr'><strong>tramite</strong></span> <span class='ocrx_word' id='word_1_269' title='bbox 488 2984 555 3030; x_wconf 91' lang='lat' dir='ltr'><strong>non</strong></span> <span class='ocrx_word' id='word_1_270' title='bbox 581 2966 782 3040; x_wconf 90' lang='lat' dir='ltr'><strong>discordant,</strong></span> <span class='ocrx_word' id='word_1_271' title='bbox 803 2968 924 3030; x_wconf 84' lang='lat' dir='ltr'><strong>effectu</strong></span> <span class='ocrx_word' id='word_1_272' title='bbox 977 2966 1122 3037; x_wconf 91' lang='lat' dir='ltr'><strong>domus,</strong></span> <span class='ocrx_word' id='word_1_273' title='bbox 1163 2968 1355 3029; x_wconf 87' lang='lat' dir='ltr'><strong>necessaria</strong></span> <span class='ocrx_word' id='word_1_274' title='bbox 1392 2968 1545 3030; x_wconf 85' lang='lat' dir='ltr'><strong>volumus</strong></span> <span class='ocrx_word' id='word_1_275' title='bbox 1580 2969 1776 3030; x_wconf 90' lang='lat' dir='ltr'><strong>ministrari.</strong></span> 
     </span>
     <span class='ocr_line' id='line_1_29' title="bbox 126 3064 1776 3144; baseline 0.001 -18"><span class='ocrx_word' id='word_1_276' title='bbox 126 3067 357 3143; x_wconf 87' lang='lat' dir='ltr'><strong>prosequente,</strong></span> <span class='ocrx_word' id='word_1_277' title='bbox 389 3065 564 3143; x_wconf 86' lang='lat' dir='ltr'><strong>complere.</strong></span> <span class='ocrx_word' id='word_1_278' title='bbox 593 3066 785 3142; x_wconf 83' lang='lat' dir='ltr'><strong>Eapropter,</strong></span> <span class='ocrx_word' id='word_1_279' title='bbox 810 3065 922 3128; x_wconf 89' lang='lat' dir='ltr'><strong>dilecti</strong></span> <span class='ocrx_word' id='word_1_280' title='bbox 978 3064 1174 3126; x_wconf 81' lang='lat' dir='ltr'><strong>Mandemus</strong></span> <span class='ocrx_word' id='word_1_281' title='bbox 1202 3065 1367 3137; x_wconf 86' lang='lat' dir='ltr'><strong>similiter,</strong></span> <span class='ocrx_word' id='word_1_282' title='bbox 1392 3068 1429 3128; x_wconf 87' lang='lat' dir='ltr'><strong>ut</strong></span> <span class='ocrx_word' id='word_1_283' title='bbox 1456 3067 1620 3139; x_wconf 81' lang='lat' dir='ltr'><strong>conversi,</strong></span> <span class='ocrx_word' id='word_1_284' title='bbox 1656 3067 1711 3144; x_wconf 88' lang='lat' dir='ltr'><strong>qui</strong></span> <span class='ocrx_word' id='word_1_285' title='bbox 1735 3067 1776 3128; x_wconf 91' lang='lat' dir='ltr'><strong>ad</strong></span> 
     </span>
     <span class='ocr_line' id='line_1_30' title="bbox 126 3162 1777 3243; baseline 0 -18"><span class='ocrx_word' id='word_1_286' title='bbox 126 3163 922 3241; x_wconf 79' lang='lat' dir='ltr'><strong>inDominodlii,vestrisjustiapostulationihus</strong></span> <span class='ocrx_word' id='word_1_287' title='bbox 978 3162 1147 3223; x_wconf 87' lang='lat' dir='ltr'><strong>exteriora</strong></span> <span class='ocrx_word' id='word_1_288' title='bbox 1169 3167 1294 3225; x_wconf 87' lang='lat' dir='ltr'><strong>exeunt</strong></span> <span class='ocrx_word' id='word_1_289' title='bbox 1308 3164 1527 3240; x_wconf 90' lang='lat' dir='ltr'><strong>procuranda,</strong></span> <span class='ocrx_word' id='word_1_290' title='bbox 1550 3164 1707 3243; x_wconf 88' lang='lat' dir='ltr'><strong>quidquid</strong></span> <span class='ocrx_word' id='word_1_291' title='bbox 1727 3166 1777 3226; x_wconf 89' lang='lat' dir='ltr'><strong>eis</strong></span> 
     </span>
     <span class='ocr_line' id='line_1_31' title="bbox 124 3259 1777 3337; baseline 0 -14"><span class='ocrx_word' id='word_1_292' title='bbox 124 3262 221 3337; x_wconf 73' lang='lat' dir='ltr'><strong>grato</strong></span> <span class='ocrx_word' id='word_1_293' title='bbox 257 3263 493 3323; x_wconf 90' lang='lat' dir='ltr'><strong>concurrentes</strong></span> <span class='ocrx_word' id='word_1_294' title='bbox 525 3276 685 3334; x_wconf 88' lang='lat' dir='ltr'><strong>assensu,</strong></span> <span class='ocrx_word' id='word_1_295' title='bbox 712 3261 871 3324; x_wconf 90' lang='lat' dir='ltr'><strong>statutum</strong></span> <span class='ocrx_word' id='word_1_296' title='bbox 903 3278 922 3323; x_wconf 90' lang='lat' dir='ltr'><strong>a</strong></span> <span class='ocrx_word' id='word_1_297' title='bbox 977 3259 1018 3319; x_wconf 91' lang='lat' dir='ltr'><strong>de</strong></span> <span class='ocrx_word' id='word_1_298' title='bbox 1028 3259 1235 3336; x_wconf 90' lang='lat' dir='ltr'><strong>justitiasibi</strong></span> <span class='ocrx_word' id='word_1_299' title='bbox 1251 3261 1326 3321; x_wconf 89' lang='lat' dir='ltr'><strong>data</strong></span> <span class='ocrx_word' id='word_1_300' title='bbox 1349 3262 1524 3337; x_wconf 86' lang='lat' dir='ltr'><strong>supererit,</strong></span> <span class='ocrx_word' id='word_1_301' title='bbox 1538 3262 1578 3321; x_wconf 88' lang='lat' dir='ltr'><strong>ad</strong></span> <span class='ocrx_word' id='word_1_302' title='bbox 1603 3262 1777 3323; x_wconf 88' lang='lat' dir='ltr'><strong>cellarium</strong></span> 
     </span>
     <span class='ocr_line' id='line_1_32' title="bbox 125 3356 1776 3433; baseline -0.001 -13"><span class='ocrx_word' id='word_1_303' title='bbox 125 3359 222 3421; x_wconf 87' lang='lat' dir='ltr'><strong>bonae</strong></span> <span class='ocrx_word' id='word_1_304' title='bbox 246 3360 414 3422; x_wconf 73' lang='lat' dir='ltr'><strong>memorie</strong></span> <span class='ocrx_word' id='word_1_305' title='bbox 434 3362 564 3422; x_wconf 85' lang='lat' dir='ltr'><strong>Joanne</strong></span> <span class='ocrx_word' id='word_1_306' title='bbox 578 3359 675 3421; x_wconf 91' lang='lat' dir='ltr'><strong>titulo</strong></span> <span class='ocrx_word' id='word_1_307' title='bbox 689 3362 813 3422; x_wconf 80' lang='lat' dir='ltr'><strong>sanctae</strong></span> <span class='ocrx_word' id='word_1_308' title='bbox 839 3363 924 3421; x_wconf 88' lang='lat' dir='ltr'><strong>Pra-</strong></span> <span class='ocrx_word' id='word_1_309' title='bbox 977 3371 1051 3416; x_wconf 91' lang='lat' dir='ltr'><strong>cum</strong></span> <span class='ocrx_word' id='word_1_310' title='bbox 1073 3356 1264 3433; x_wconf 79' lang='lat' dir='ltr'><strong>integritate</strong></span> <span class='ocrx_word' id='word_1_311' title='bbox 1284 3360 1464 3433; x_wconf 88' lang='lat' dir='ltr'><strong>reportent.</strong></span> <span class='ocrx_word' id='word_1_312' title='bbox 1490 3359 1648 3419; x_wconf 87' lang='lat' dir='ltr'><strong>Mulieres</strong></span> <span class='ocrx_word' id='word_1_313' title='bbox 1665 3361 1776 3419; x_wconf 91' lang='lat' dir='ltr'><strong>autem</strong></span> 
     </span>
     <span class='ocr_line' id='line_1_33' title="bbox 124 3453 1774 3535; baseline -0.001 -17"><span class='ocrx_word' id='word_1_314' title='bbox 124 3457 221 3518; x_wconf 84' lang='lat' dir='ltr'><strong>xedis</strong></span> <span class='ocrx_word' id='word_1_315' title='bbox 237 3457 439 3535; x_wconf 81' lang='lat' dir='ltr'><strong>presbytera,</strong></span> <span class='ocrx_word' id='word_1_316' title='bbox 455 3458 534 3518; x_wconf 90' lang='lat' dir='ltr'><strong>tuno</strong></span> <span class='ocrx_word' id='word_1_317' title='bbox 546 3459 669 3519; x_wconf 80' lang='lat' dir='ltr'><strong>sanctae</strong></span> <span class='ocrx_word' id='word_1_318' title='bbox 682 3457 798 3519; x_wconf 78' lang='lat' dir='ltr'><strong>Mariae</strong></span> <span class='ocrx_word' id='word_1_319' title='bbox 811 3457 847 3519; x_wconf 91' lang='lat' dir='ltr'><strong>in</strong></span> <span class='ocrx_word' id='word_1_320' title='bbox 859 3459 923 3520; x_wconf 89' lang='lat' dir='ltr'><strong>Via</strong></span> <span class='ocrx_word' id='word_1_321' title='bbox 977 3453 1011 3513; x_wconf 87' lang='lat' dir='ltr'><strong>in</strong></span> <span class='ocrx_word' id='word_1_322' title='bbox 1027 3454 1168 3515; x_wconf 86' lang='lat' dir='ltr'><strong>ecclesia</strong></span> <span class='ocrx_word' id='word_1_323' title='bbox 1183 3455 1288 3517; x_wconf 89' lang='lat' dir='ltr'><strong>sancti</strong></span> <span class='ocrx_word' id='word_1_324' title='bbox 1306 3458 1413 3527; x_wconf 87' lang='lat' dir='ltr'><strong>Lueae‚</strong></span> <span class='ocrx_word' id='word_1_325' title='bbox 1430 3457 1482 3516; x_wconf 83' lang='lat' dir='ltr'><strong>vel</strong></span> <span class='ocrx_word' id='word_1_326' title='bbox 1495 3456 1597 3533; x_wconf 89' lang='lat' dir='ltr'><strong>septis</strong></span> <span class='ocrx_word' id='word_1_327' title='bbox 1613 3456 1718 3533; x_wconf 90' lang='lat' dir='ltr'><strong>ipsius</strong></span> <span class='ocrx_word' id='word_1_328' title='bbox 1733 3456 1774 3517; x_wconf 92' lang='lat' dir='ltr'><strong>ad</strong></span> 
     </span>
     <span class='ocr_line' id='line_1_34' title="bbox 125 3551 1775 3631; baseline 0.001 -18"><span class='ocrx_word' id='word_1_329' title='bbox 125 3553 194 3615; x_wconf 84' lang='lat' dir='ltr'><strong>fata</strong></span> <span class='ocrx_word' id='word_1_330' title='bbox 209 3553 349 3615; x_wconf 91' lang='lat' dir='ltr'><strong>diacono</strong></span> <span class='ocrx_word' id='word_1_331' title='bbox 373 3552 554 3625; x_wconf 83' lang='lat' dir='ltr'><strong>cardinale,</strong></span> <span class='ocrx_word' id='word_1_332' title='bbox 573 3568 673 3630; x_wconf 85' lang='lat' dir='ltr'><strong>super</strong></span> <span class='ocrx_word' id='word_1_333' title='bbox 688 3553 922 3617; x_wconf 80' lang='lat' dir='ltr'><strong>reformatione</strong></span> <span class='ocrx_word' id='word_1_334' title='bbox 977 3551 1183 3627; x_wconf 81' lang='lat' dir='ltr'><strong>purgandum</strong></span> <span class='ocrx_word' id='word_1_335' title='bbox 1191 3553 1411 3623; x_wconf 75' lang='lat' dir='ltr'><strong>triticumvef</strong></span> <span class='ocrx_word' id='word_1_336' title='bbox 1421 3552 1775 3631; x_wconf 89' lang='lat' dir='ltr'><strong>flujusmodiohsequia</strong></span> 
     </span>
     <span class='ocr_line' id='line_1_35' title="bbox 126 3650 1776 3728; baseline 0.001 -16"><span class='ocrx_word' id='word_1_337' title='bbox 126 3651 243 3713; x_wconf 90' lang='lat' dir='ltr'><strong>domus</strong></span> <span class='ocrx_word' id='word_1_338' title='bbox 266 3653 388 3713; x_wconf 85' lang='lat' dir='ltr'><strong>vestrae</strong></span> <span class='ocrx_word' id='word_1_339' title='bbox 411 3651 590 3724; x_wconf 88' lang='lat' dir='ltr'><strong>conditum,</strong></span> <span class='ocrx_word' id='word_1_340' title='bbox 613 3651 700 3714; x_wconf 90' lang='lat' dir='ltr'><strong>sicut</strong></span> <span class='ocrx_word' id='word_1_341' title='bbox 724 3651 861 3728; x_wconf 83' lang='lat' dir='ltr'><strong>provide</strong></span> <span class='ocrx_word' id='word_1_342' title='bbox 883 3668 922 3713; x_wconf 91' lang='lat' dir='ltr'><strong>ac</strong></span> <span class='ocrx_word' id='word_1_343' title='bbox 977 3650 1167 3710; x_wconf 89' lang='lat' dir='ltr'><strong>nullatenus</strong></span> <span class='ocrx_word' id='word_1_344' title='bbox 1196 3650 1424 3711; x_wconf 84' lang='lat' dir='ltr'><strong>admittantur.</strong></span> <span class='ocrx_word' id='word_1_345' title='bbox 1452 3651 1501 3713; x_wconf 80' lang='lat' dir='ltr'><strong>nd</strong></span> <span class='ocrx_word' id='word_1_346' title='bbox 1525 3651 1598 3712; x_wconf 86' lang='lat' dir='ltr'><strong>llaec</strong></span> <span class='ocrx_word' id='word_1_347' title='bbox 1626 3651 1776 3714; x_wconf 87' lang='lat' dir='ltr'><strong>districte</strong></span> 
     </span>
     <span class='ocr_line' id='line_1_36' title="bbox 125 3748 1777 3825; baseline 0.001 -16"><span class='ocrx_word' id='word_1_348' title='bbox 125 3748 255 3810; x_wconf 89' lang='lat' dir='ltr'><strong>utiliter</strong></span> <span class='ocrx_word' id='word_1_349' title='bbox 274 3748 397 3810; x_wconf 89' lang='lat' dir='ltr'><strong>factum</strong></span> <span class='ocrx_word' id='word_1_350' title='bbox 425 3749 486 3820; x_wconf 87' lang='lat' dir='ltr'><strong>est,</strong></span> <span class='ocrx_word' id='word_1_351' title='bbox 515 3750 549 3811; x_wconf 91' lang='lat' dir='ltr'><strong>et</strong></span> <span class='ocrx_word' id='word_1_352' title='bbox 571 3748 606 3809; x_wconf 90' lang='lat' dir='ltr'><strong>in</strong></span> <span class='ocrx_word' id='word_1_353' title='bbox 633 3748 823 3811; x_wconf 89' lang='lat' dir='ltr'><strong>authentico</strong></span> <span class='ocrx_word' id='word_1_354' title='bbox 844 3749 922 3811; x_wconf 91' lang='lat' dir='ltr'><strong>inde</strong></span> <span class='ocrx_word' id='word_1_355' title='bbox 976 3748 1137 3820; x_wconf 75' lang='lat' dir='ltr'><strong>vetamus,</strong></span> <span class='ocrx_word' id='word_1_356' title='bbox 1150 3763 1192 3808; x_wconf 91' lang='lat' dir='ltr'><strong>ne</strong></span> <span class='ocrx_word' id='word_1_357' title='bbox 1206 3764 1288 3825; x_wconf 84' lang='lat' dir='ltr'><strong>quos</strong></span> <span class='ocrx_word' id='word_1_358' title='bbox 1304 3749 1477 3810; x_wconf 77' lang='lat' dir='ltr'><strong>decaetero</strong></span> <span class='ocrx_word' id='word_1_359' title='bbox 1491 3749 1527 3810; x_wconf 92' lang='lat' dir='ltr'><strong>in</strong></span> <span class='ocrx_word' id='word_1_360' title='bbox 1539 3750 1687 3811; x_wconf 82' lang='lat' dir='ltr'><strong>vestrum</strong></span> <span class='ocrx_word' id='word_1_361' title='bbox 1700 3764 1777 3811; x_wconf 86' lang='lat' dir='ltr'><strong>con·</strong></span> 
     </span>
     <span class='ocr_line' id='line_1_37' title="bbox 125 3845 1773 3924; baseline 0.001 -17"><span class='ocrx_word' id='word_1_362' title='bbox 125 3845 275 3908; x_wconf 91' lang='lat' dir='ltr'><strong>confecto</strong></span> <span class='ocrx_word' id='word_1_363' title='bbox 310 3846 442 3924; x_wconf 88' lang='lat' dir='ltr'><strong>plenius</strong></span> <span class='ocrx_word' id='word_1_364' title='bbox 479 3846 684 3918; x_wconf 86' lang='lat' dir='ltr'><strong>continetur,</strong></span> <span class='ocrx_word' id='word_1_365' title='bbox 725 3848 922 3909; x_wconf 87' lang='lat' dir='ltr'><strong>auctoritato</strong></span> <span class='ocrx_word' id='word_1_366' title='bbox 977 3845 1115 3906; x_wconf 89' lang='lat' dir='ltr'><strong>sortium</strong></span> <span class='ocrx_word' id='word_1_367' title='bbox 1149 3845 1341 3918; x_wconf 89' lang='lat' dir='ltr'><strong>admittatis,</strong></span> <span class='ocrx_word' id='word_1_368' title='bbox 1370 3847 1436 3907; x_wconf 85' lang='lat' dir='ltr'><strong>nisi</strong></span> <span class='ocrx_word' id='word_1_369' title='bbox 1466 3847 1578 3908; x_wconf 90' lang='lat' dir='ltr'><strong>statim</strong></span> <span class='ocrx_word' id='word_1_370' title='bbox 1612 3847 1773 3917; x_wconf 88' lang='lat' dir='ltr'><strong>habitum,</strong></span> 
     </span>
     <span class='ocr_line' id='line_1_38' title="bbox 125 3942 1772 4023; baseline 0 -17"><span class='ocrx_word' id='word_1_371' title='bbox 125 3944 315 4021; x_wconf 78' lang='lat' dir='ltr'><strong>apostolica</strong></span> <span class='ocrx_word' id='word_1_372' title='bbox 328 3944 573 4016; x_wconf 90' lang='lat' dir='ltr'><strong>confirmamus,</strong></span> <span class='ocrx_word' id='word_1_373' title='bbox 583 3946 617 4006; x_wconf 89' lang='lat' dir='ltr'><strong>et</strong></span> <span class='ocrx_word' id='word_1_374' title='bbox 624 3945 921 4023; x_wconf 77' lang='lat' dir='ltr'><strong>prasentisscripti</strong></span> <span class='ocrx_word' id='word_1_375' title='bbox 977 3942 1092 4004; x_wconf 90' lang='lat' dir='ltr'><strong>saltem</strong></span> <span class='ocrx_word' id='word_1_376' title='bbox 1117 3944 1317 4006; x_wconf 79' lang='lat' dir='ltr'><strong>novitiorum</strong></span> <span class='ocrx_word' id='word_1_377' title='bbox 1347 3945 1504 4007; x_wconf 82' lang='lat' dir='ltr'><strong>duxerint</strong></span> <span class='ocrx_word' id='word_1_378' title='bbox 1527 3945 1772 4007; x_wconf 85' lang='lat' dir='ltr'><strong>assumendum.</strong></span> 
     </span>
     <span class='ocr_line' id='line_1_39' title="bbox 125 4037 1776 4121; baseline 0.004 -22"><span class='ocrx_word' id='word_1_379' title='bbox 125 4037 313 4116; x_wconf 87' lang='lat' dir='ltr'><strong>patrocinio</strong></span> <span class='ocrx_word' id='word_1_380' title='bbox 334 4039 586 4099; x_wconf 89' lang='lat' dir='ltr'><strong>communimus.</strong></span> <span class='ocrx_word' id='word_1_381' title='bbox 605 4040 706 4115; x_wconf 84' lang='lat' dir='ltr'><strong>Cujlrs</strong></span> <span class='ocrx_word' id='word_1_382' title='bbox 718 4040 866 4101; x_wconf 90' lang='lat' dir='ltr'><strong>tenorem</strong></span> <span class='ocrx_word' id='word_1_383' title='bbox 881 4040 921 4103; x_wconf 92' lang='lat' dir='ltr'><strong>de</strong></span> <span class='ocrx_word' id='word_1_384' title='bbox 976 4039 1037 4114; x_wconf 89' lang='lat' dir='ltr'><strong>Qui</strong></span> <span class='ocrx_word' id='word_1_385' title='bbox 1058 4040 1087 4101; x_wconf 90' lang='lat' dir='ltr'><strong>si</strong></span> <span class='ocrx_word' id='word_1_386' title='bbox 1107 4042 1182 4119; x_wconf 89' lang='lat' dir='ltr'><strong>post</strong></span> <span class='ocrx_word' id='word_1_387' title='bbox 1202 4044 1332 4119; x_wconf 90' lang='lat' dir='ltr'><strong>tempus</strong></span> <span class='ocrx_word' id='word_1_388' title='bbox 1352 4041 1558 4121; x_wconf 88' lang='lat' dir='ltr'><strong>probationis</strong></span> <span class='ocrx_word' id='word_1_389' title='bbox 1584 4043 1776 4106; x_wconf 86' lang='lat' dir='ltr'><strong>distulerint</strong></span> 
     </span>
     <span class='ocr_line' id='line_1_40' title="bbox 123 4135 1784 4218; baseline 0.004 -21"><span class='ocrx_word' id='word_1_390' title='bbox 123 4135 228 4199; x_wconf 81' lang='lat' dir='ltr'><strong>verbo</strong></span> <span class='ocrx_word' id='word_1_391' title='bbox 241 4136 282 4198; x_wconf 91' lang='lat' dir='ltr'><strong>ad</strong></span> <span class='ocrx_word' id='word_1_392' title='bbox 295 4136 432 4198; x_wconf 81' lang='lat' dir='ltr'><strong>uerbum</strong></span> <span class='ocrx_word' id='word_1_393' title='bbox 447 4135 665 4213; x_wconf 88' lang='lat' dir='ltr'><strong>praesentibus</strong></span> <span class='ocrx_word' id='word_1_394' title='bbox 686 4135 923 4215; x_wconf 89' lang='lat' dir='ltr'><strong>litterisjussi·</strong></span> <span class='ocrx_word' id='word_1_395' title='bbox 976 4138 1214 4215; x_wconf 87' lang='lat' dir='ltr'><strong>professionem</strong></span> <span class='ocrx_word' id='word_1_396' title='bbox 1260 4142 1369 4202; x_wconf 89' lang='lat' dir='ltr'><strong>facere</strong></span> <span class='ocrx_word' id='word_1_397' title='bbox 1413 4143 1611 4216; x_wconf 83' lang='lat' dir='ltr'><strong>regularem.</strong></span> <span class='ocrx_word' id='word_1_398' title='bbox 1641 4142 1784 4218; x_wconf 85' lang='lat' dir='ltr'><strong>ponitus·</strong></span> 
     </span>
     <span class='ocr_line' id='line_1_41' title="bbox 124 4233 1776 4315; baseline 0.004 -21"><span class='ocrx_word' id='word_1_399' title='bbox 124 4250 199 4295; x_wconf 88' lang='lat' dir='ltr'><strong>mus</strong></span> <span class='ocrx_word' id='word_1_400' title='bbox 209 4233 361 4296; x_wconf 89' lang='lat' dir='ltr'><strong>adnotari</strong></span> <span class='ocrx_word' id='word_1_401' title='bbox 374 4234 430 4311; x_wconf 90' lang='lat' dir='ltr'><strong>qui</strong></span> <span class='ocrx_word' id='word_1_402' title='bbox 445 4235 495 4295; x_wconf 89' lang='lat' dir='ltr'><strong>est</strong></span> <span class='ocrx_word' id='word_1_403' title='bbox 507 4234 601 4295; x_wconf 88' lang='lat' dir='ltr'><strong>talis:</strong></span> <span class='ocrx_word' id='word_1_404' title='bbox 975 4236 1195 4315; x_wconf 80' lang='lat' dir='ltr'><strong>expellantur.</strong></span> <span class='ocrx_word' id='word_1_405' title='bbox 1218 4240 1379 4299; x_wconf 87' lang='lat' dir='ltr'><strong>caeterum</strong></span> <span class='ocrx_word' id='word_1_406' title='bbox 1400 4238 1441 4299; x_wconf 88' lang='lat' dir='ltr'><strong>ab</strong></span> <span class='ocrx_word' id='word_1_407' title='bbox 1466 4239 1673 4315; x_wconf 88' lang='lat' dir='ltr'><strong>impetitione</strong></span> <span class='ocrx_word' id='word_1_408' title='bbox 1697 4240 1776 4301; x_wconf 89' lang='lat' dir='ltr'><strong>iilo·</strong></span> 
     </span>
    </p>
   </div>
   <div class='ocr_carea' id='block_1_7' title="bbox 163 4331 1900 4415">
    <p class='ocr_par' dir='ltr' id='par_1_11' title="bbox 163 4331 1900 4415">
     <span class='ocr_line' id='line_1_42' title="bbox 163 4331 1900 4415; baseline 0.003 -22"><span class='ocrx_word' id='word_1_409' title='bbox 163 4331 417 4394; x_wconf 84' lang='lat' dir='ltr'><strong>venerabilibus</strong></span> <span class='ocrx_word' id='word_1_410' title='bbox 430 4331 580 4395; x_wconf 87' lang='lat' dir='ltr'><strong>honestis</strong></span> <span class='ocrx_word' id='word_1_411' title='bbox 594 4332 676 4393; x_wconf 81' lang='lat' dir='ltr'><strong>viris</strong></span> <span class='ocrx_word' id='word_1_412' title='bbox 692 4333 795 4409; x_wconf 91' lang='lat' dir='ltr'><strong>priori</strong></span> <span class='ocrx_word' id='word_1_413' title='bbox 811 4334 844 4395; x_wconf 93' lang='lat' dir='ltr'><strong>et</strong></span> <span class='ocrx_word' id='word_1_414' title='bbox 857 4332 922 4395; x_wconf 78' lang='lat' dir='ltr'><strong>fra·</strong></span> <span class='ocrx_word' id='word_1_415' title='bbox 975 4352 1059 4405; x_wconf 88' lang='lat' dir='ltr'><strong>rum,</strong></span> <span class='ocrx_word' id='word_1_416' title='bbox 1078 4336 1135 4412; x_wconf 85' lang='lat' dir='ltr'><strong>qui</strong></span> <span class='ocrx_word' id='word_1_417' title='bbox 1151 4334 1249 4396; x_wconf 89' lang='lat' dir='ltr'><strong>aliter</strong></span> <span class='ocrx_word' id='word_1_418' title='bbox 1263 4336 1386 4397; x_wconf 89' lang='lat' dir='ltr'><strong>fuerint</strong></span> <span class='ocrx_word' id='word_1_419' title='bbox 1399 4337 1534 4413; x_wconf 87' lang='lat' dir='ltr'><strong>recepti,</strong></span> <span class='ocrx_word' id='word_1_420' title='bbox 1550 4336 1613 4397; x_wconf 88' lang='lat' dir='ltr'><strong>nisi</strong></span> <span class='ocrx_word' id='word_1_421' title='bbox 1627 4338 1667 4398; x_wconf 93' lang='lat' dir='ltr'><strong>ad</strong></span> <span class='ocrx_word' id='word_1_422' title='bbox 1686 4354 1774 4413; x_wconf 90' lang='lat' dir='ltr'><strong>prae-</strong></span> <span class='ocrx_word' id='word_1_423' title='bbox 1897 4408 1900 4415; x_wconf 27' lang='lat'>¹</span> 
     </span>
    </p>
   </div>
   <div class='ocr_carea' id='block_1_8' title="bbox 119 4428 1774 5686">
    <p class='ocr_par' dir='ltr' id='par_1_12' title="bbox 119 4428 1774 5686">
     <span class='ocr_line' id='line_1_43' title="bbox 121 4428 1774 4511; baseline 0.004 -21"><span class='ocrx_word' id='word_1_424' title='bbox 121 4428 230 4490; x_wconf 87' lang='lat' dir='ltr'><strong>trihus</strong></span> <span class='ocrx_word' id='word_1_425' title='bbox 254 4431 361 4492; x_wconf 82' lang='lat' dir='ltr'><strong>saneti</strong></span> <span class='ocrx_word' id='word_1_426' title='bbox 375 4430 494 4507; x_wconf 73' lang='lat' dir='ltr'><strong>angeli</strong></span> <span class='ocrx_word' id='word_1_427' title='bbox 513 4429 554 4491; x_wconf 94' lang='lat' dir='ltr'><strong>de</strong></span> <span class='ocrx_word' id='word_1_428' title='bbox 573 4430 739 4493; x_wconf 82' lang='lat' dir='ltr'><strong>Guarcino</strong></span> <span class='ocrx_word' id='word_1_429' title='bbox 759 4434 918 4504; x_wconf 76' lang='lat' dir='ltr'><strong>ioannes,</strong></span> <span class='ocrx_word' id='word_1_430' title='bbox 976 4433 1077 4494; x_wconf 84' lang='lat' dir='ltr'><strong>fixum</strong></span> <span class='ocrx_word' id='word_1_431' title='bbox 1092 4433 1268 4494; x_wconf 90' lang='lat' dir='ltr'><strong>terminum</strong></span> <span class='ocrx_word' id='word_1_432' title='bbox 1286 4432 1349 4493; x_wconf 86' lang='lat' dir='ltr'><strong>sibi</strong></span> <span class='ocrx_word' id='word_1_433' title='bbox 1362 4435 1549 4511; x_wconf 88' lang='lat' dir='ltr'><strong>receperint</strong></span> <span class='ocrx_word' id='word_1_434' title='bbox 1563 4433 1724 4505; x_wconf 89' lang='lat' dir='ltr'><strong>habiturn,</strong></span> <span class='ocrx_word' id='word_1_435' title='bbox 1741 4438 1774 4496; x_wconf 88' lang='lat' dir='ltr'><strong>et</strong></span> 
     </span>
     <span class='ocr_line' id='line_1_44' title="bbox 121 4527 1774 4609; baseline 0.002 -22"><span class='ocrx_word' id='word_1_436' title='bbox 121 4527 182 4587; x_wconf 86' lang='lat' dir='ltr'><strong>Dei</strong></span> <span class='ocrx_word' id='word_1_437' title='bbox 192 4527 302 4603; x_wconf 82' lang='lat' dir='ltr'><strong>gratia</strong></span> <span class='ocrx_word' id='word_1_438' title='bbox 312 4528 436 4589; x_wconf 79' lang='lat' dir='ltr'><strong>sanctae</strong></span> <span class='ocrx_word' id='word_1_439' title='bbox 444 4527 603 4588; x_wconf 82' lang='lat' dir='ltr'><strong>Mariaein</strong></span> <span class='ocrx_word' id='word_1_440' title='bbox 612 4528 673 4589; x_wconf 88' lang='lat' dir='ltr'><strong>Via</strong></span> <span class='ocrx_word' id='word_1_441' title='bbox 683 4527 749 4589; x_wconf 86' lang='lat' dir='ltr'><strong>lata</strong></span> <span class='ocrx_word' id='word_1_442' title='bbox 760 4528 920 4590; x_wconf 90' lang='lat' dir='ltr'><strong>diaconus</strong></span> <span class='ocrx_word' id='word_1_443' title='bbox 975 4532 1166 4594; x_wconf 83' lang='lat' dir='ltr'><strong>curaverint</strong></span> <span class='ocrx_word' id='word_1_444' title='bbox 1191 4532 1352 4609; x_wconf 86' lang='lat' dir='ltr'><strong>profiteri,</strong></span> <span class='ocrx_word' id='word_1_445' title='bbox 1372 4531 1547 4593; x_wconf 90' lang='lat' dir='ltr'><strong>ecclesiam</strong></span> <span class='ocrx_word' id='word_1_446' title='bbox 1560 4535 1703 4593; x_wconf 84' lang='lat' dir='ltr'><strong>vestram</strong></span> <span class='ocrx_word' id='word_1_447' title='bbox 1720 4533 1774 4592; x_wconf 89' lang='lat' dir='ltr'><strong>de·</strong></span> 
     </span>
     <span class='ocr_line' id='line_1_45' title="bbox 121 4625 1773 4708; baseline 0.002 -21"><span class='ocrx_word' id='word_1_448' title='bbox 121 4625 314 4697; x_wconf 89' lang='lat' dir='ltr'><strong>cardinalis,</strong></span> <span class='ocrx_word' id='word_1_449' title='bbox 345 4626 378 4687; x_wconf 94' lang='lat' dir='ltr'><strong>in</strong></span> <span class='ocrx_word' id='word_1_450' title='bbox 413 4642 494 4688; x_wconf 83' lang='lat' dir='ltr'><strong>vero</strong></span> <span class='ocrx_word' id='word_1_451' title='bbox 523 4627 664 4688; x_wconf 90' lang='lat' dir='ltr'><strong>salutari</strong></span> <span class='ocrx_word' id='word_1_452' title='bbox 689 4626 842 4688; x_wconf 88' lang='lat' dir='ltr'><strong>salutem.</strong></span> <span class='ocrx_word' id='word_1_453' title='bbox 870 4628 920 4689; x_wconf 81' lang='lat' dir='ltr'><strong>Ad</strong></span> <span class='ocrx_word' id='word_1_454' title='bbox 974 4630 1141 4691; x_wconf 87' lang='lat' dir='ltr'><strong>cernimus</strong></span> <span class='ocrx_word' id='word_1_455' title='bbox 1167 4628 1363 4701; x_wconf 87' lang='lat' dir='ltr'><strong>absolutam,</strong></span> <span class='ocrx_word' id='word_1_456' title='bbox 1392 4629 1509 4708; x_wconf 88' lang='lat' dir='ltr'><strong>quihus</strong></span> <span class='ocrx_word' id='word_1_457' title='bbox 1534 4629 1647 4699; x_wconf 89' lang='lat' dir='ltr'><strong>etiam,</strong></span> <span class='ocrx_word' id='word_1_458' title='bbox 1677 4630 1773 4690; x_wconf 89' lang='lat' dir='ltr'><strong>aute·</strong></span> 
     </span>
     <span class='ocr_line' id='line_1_46' title="bbox 121 4723 1772 4805; baseline 0.003 -22"><span class='ocrx_word' id='word_1_459' title='bbox 121 4723 384 4786; x_wconf 89' lang='lat' dir='ltr'><strong>ecclesiasticam</strong></span> <span class='ocrx_word' id='word_1_460' title='bbox 405 4723 663 4786; x_wconf 89' lang='lat' dir='ltr'><strong>sollicitudinem</strong></span> <span class='ocrx_word' id='word_1_461' title='bbox 687 4725 830 4801; x_wconf 89' lang='lat' dir='ltr'><strong>pertinet</strong></span> <span class='ocrx_word' id='word_1_462' title='bbox 843 4741 921 4802; x_wconf 86' lang='lat' dir='ltr'><strong>per-</strong></span> <span class='ocrx_word' id='word_1_463' title='bbox 975 4743 1071 4804; x_wconf 91' lang='lat' dir='ltr'><strong>quam</strong></span> <span class='ocrx_word' id='word_1_464' title='bbox 1088 4726 1250 4805; x_wconf 87' lang='lat' dir='ltr'><strong>recipiant</strong></span> <span class='ocrx_word' id='word_1_465' title='bbox 1269 4726 1428 4797; x_wconf 88' lang='lat' dir='ltr'><strong>hahitum,</strong></span> <span class='ocrx_word' id='word_1_466' title='bbox 1447 4743 1487 4787; x_wconf 91' lang='lat' dir='ltr'><strong>ne</strong></span> <span class='ocrx_word' id='word_1_467' title='bbox 1512 4726 1589 4803; x_wconf 82' lang='lat' dir='ltr'><strong>quid</strong></span> <span class='ocrx_word' id='word_1_468' title='bbox 1611 4727 1652 4787; x_wconf 91' lang='lat' dir='ltr'><strong>de</strong></span> <span class='ocrx_word' id='word_1_469' title='bbox 1675 4726 1772 4788; x_wconf 90' lang='lat' dir='ltr'><strong>domo</strong></span> 
     </span>
     <span class='ocr_line' id='line_1_47' title="bbox 120 4821 1771 4902; baseline 0.001 -20"><span class='ocrx_word' id='word_1_470' title='bbox 120 4835 280 4882; x_wconf 87' lang='lat' dir='ltr'><strong>sonarum</strong></span> <span class='ocrx_word' id='word_1_471' title='bbox 304 4822 455 4899; x_wconf 90' lang='lat' dir='ltr'><strong>plantare</strong></span> <span class='ocrx_word' id='word_1_472' title='bbox 471 4821 618 4883; x_wconf 87' lang='lat' dir='ltr'><strong>salubria</strong></span> <span class='ocrx_word' id='word_1_473' title='bbox 642 4823 676 4884; x_wconf 93' lang='lat' dir='ltr'><strong>et</strong></span> <span class='ocrx_word' id='word_1_474' title='bbox 695 4823 797 4884; x_wconf 82' lang='lat' dir='ltr'><strong>noxia</strong></span> <span class='ocrx_word' id='word_1_475' title='bbox 814 4824 920 4885; x_wconf 82' lang='lat' dir='ltr'><strong>extir-</strong></span> <span class='ocrx_word' id='word_1_476' title='bbox 974 4826 1069 4902; x_wconf 85' lang='lat' dir='ltr'><strong>quasi</strong></span> <span class='ocrx_word' id='word_1_477' title='bbox 1085 4825 1232 4887; x_wconf 86' lang='lat' dir='ltr'><strong>habitum</strong></span> <span class='ocrx_word' id='word_1_478' title='bbox 1248 4826 1392 4901; x_wconf 82' lang='lat' dir='ltr'><strong>exigant,</strong></span> <span class='ocrx_word' id='word_1_479' title='bbox 1410 4825 1643 4901; x_wconf 87' lang='lat' dir='ltr'><strong>prohibemus;</strong></span> <span class='ocrx_word' id='word_1_480' title='bbox 1661 4824 1771 4885; x_wconf 88' lang='lat' dir='ltr'><strong>inter-</strong></span> 
     </span>
     <span class='ocr_line' id='line_1_48' title="bbox 121 4920 1771 4997; baseline 0.001 -15"><span class='ocrx_word' id='word_1_481' title='bbox 121 4936 213 4997; x_wconf 90' lang='lat' dir='ltr'><strong>pare,</strong></span> <span class='ocrx_word' id='word_1_482' title='bbox 237 4922 274 4983; x_wconf 87' lang='lat' dir='ltr'><strong>ut</strong></span> <span class='ocrx_word' id='word_1_483' title='bbox 291 4937 372 4997; x_wconf 79' lang='lat' dir='ltr'><strong>ager</strong></span> <span class='ocrx_word' id='word_1_484' title='bbox 395 4920 581 4983; x_wconf 90' lang='lat' dir='ltr'><strong>dominicus</strong></span> <span class='ocrx_word' id='word_1_485' title='bbox 606 4921 698 4983; x_wconf 91' lang='lat' dir='ltr'><strong>tanto</strong></span> <span class='ocrx_word' id='word_1_486' title='bbox 727 4922 862 4983; x_wconf 90' lang='lat' dir='ltr'><strong>uberius</strong></span> <span class='ocrx_word' id='word_1_487' title='bbox 884 4923 918 4983; x_wconf 93' lang='lat' dir='ltr'><strong>iu</strong></span> <span class='ocrx_word' id='word_1_488' title='bbox 974 4922 1295 4992; x_wconf 75' lang='lat' dir='ltr'><strong>dioentessimiliter,</strong></span> <span class='ocrx_word' id='word_1_489' title='bbox 1310 4938 1352 4983; x_wconf 92' lang='lat' dir='ltr'><strong>ne</strong></span> <span class='ocrx_word' id='word_1_490' title='bbox 1365 4922 1486 4983; x_wconf 87' lang='lat' dir='ltr'><strong>fratres</strong></span> <span class='ocrx_word' id='word_1_491' title='bbox 1508 4921 1586 4983; x_wconf 90' lang='lat' dir='ltr'><strong>laici</strong></span> <span class='ocrx_word' id='word_1_492' title='bbox 1601 4922 1643 4983; x_wconf 91' lang='lat' dir='ltr'><strong>ad</strong></span> <span class='ocrx_word' id='word_1_493' title='bbox 1657 4922 1771 4984; x_wconf 89' lang='lat' dir='ltr'><strong>domos</strong></span> 
     </span>
     <span class='ocr_line' id='line_1_49' title="bbox 121 5018 1772 5098; baseline 0.002 -20"><span class='ocrx_word' id='word_1_494' title='bbox 121 5034 266 5080; x_wconf 87' lang='lat' dir='ltr'><strong>messem</strong></span> <span class='ocrx_word' id='word_1_495' title='bbox 280 5018 484 5080; x_wconf 89' lang='lat' dir='ltr'><strong>fructiferam</strong></span> <span class='ocrx_word' id='word_1_496' title='bbox 495 5019 667 5095; x_wconf 78' lang='lat' dir='ltr'><strong>germinet,</strong></span> <span class='ocrx_word' id='word_1_497' title='bbox 684 5021 807 5096; x_wconf 87' lang='lat' dir='ltr'><strong>quanto</strong></span> <span class='ocrx_word' id='word_1_498' title='bbox 822 5022 920 5082; x_wconf 89' lang='lat' dir='ltr'><strong>aste-</strong></span> <span class='ocrx_word' id='word_1_499' title='bbox 974 5036 1125 5091; x_wconf 90' lang='lat' dir='ltr'><strong>suorum,</strong></span> <span class='ocrx_word' id='word_1_500' title='bbox 1161 5021 1233 5081; x_wconf 91' lang='lat' dir='ltr'><strong>sine</strong></span> <span class='ocrx_word' id='word_1_501' title='bbox 1261 5020 1383 5098; x_wconf 87' lang='lat' dir='ltr'><strong>prioris</strong></span> <span class='ocrx_word' id='word_1_502' title='bbox 1413 5019 1568 5091; x_wconf 90' lang='lat' dir='ltr'><strong>licentia,</strong></span> <span class='ocrx_word' id='word_1_503' title='bbox 1603 5019 1772 5082; x_wconf 88' lang='lat' dir='ltr'><strong>declinare</strong></span> 
     </span>
     <span class='ocr_line' id='line_1_50' title="bbox 119 5104 1773 5195; baseline 0.002 -18"><span class='ocrx_word' id='word_1_504' title='bbox 119 5115 240 5177; x_wconf 87' lang='lat' dir='ltr'><strong>rilihus</strong></span> <span class='ocrx_word' id='word_1_505' title='bbox 268 5116 442 5178; x_wconf 69' lang='lat' dir='ltr'><strong>nuticibus</strong></span> <span class='ocrx_word' id='word_1_506' title='bbox 465 5116 660 5194; x_wconf 91' lang='lat' dir='ltr'><strong>profundius</strong></span> <span class='ocrx_word' id='word_1_507' title='bbox 685 5104 797 5180; x_wconf 84' lang='lat' dir='ltr'><strong>fuerit¹</strong></span> <span class='ocrx_word' id='word_1_508' title='bbox 810 5119 918 5180; x_wconf 88' lang='lat' dir='ltr'><strong>extir-</strong></span> <span class='ocrx_word' id='word_1_509' title='bbox 974 5120 1185 5195; x_wconf 87' lang='lat' dir='ltr'><strong>praesumant,</strong></span> <span class='ocrx_word' id='word_1_510' title='bbox 1201 5118 1302 5180; x_wconf 87' lang='lat' dir='ltr'><strong>etiarn</strong></span> <span class='ocrx_word' id='word_1_511' title='bbox 1319 5118 1448 5179; x_wconf 88' lang='lat' dir='ltr'><strong>eumad</strong></span> <span class='ocrx_word' id='word_1_512' title='bbox 1466 5118 1633 5180; x_wconf 83' lang='lat' dir='ltr'><strong>exteriora</strong></span> <span class='ocrx_word' id='word_1_513' title='bbox 1648 5121 1773 5181; x_wconf 88' lang='lat' dir='ltr'><strong>exeunt</strong></span> 
     </span>
     <span class='ocr_line' id='line_1_51' title="bbox 120 5209 1771 5294; baseline 0.002 -19"><span class='ocrx_word' id='word_1_514' title='bbox 120 5216 229 5291; x_wconf 88' lang='lat' dir='ltr'><strong>patus.</strong></span> <span class='ocrx_word' id='word_1_515' title='bbox 243 5213 292 5276; x_wconf 79' lang='lat' dir='ltr'><strong>nd</strong></span> <span class='ocrx_word' id='word_1_516' title='bbox 308 5215 547 5277; x_wconf 88' lang='lat' dir='ltr'><strong>correctionem</strong></span> <span class='ocrx_word' id='word_1_517' title='bbox 558 5215 659 5291; x_wconf 80' lang='lat' dir='ltr'><strong>igitur</strong></span> <span class='ocrx_word' id='word_1_518' title='bbox 670 5215 786 5277; x_wconf 90' lang='lat' dir='ltr'><strong>domus</strong></span> <span class='ocrx_word' id='word_1_519' title='bbox 798 5218 919 5278; x_wconf 74' lang='lat' dir='ltr'><strong>vestre</strong></span> <span class='ocrx_word' id='word_1_520' title='bbox 973 5215 1206 5293; x_wconf 91' lang='lat' dir='ltr'><strong>procuranda,</strong></span> <span class='ocrx_word' id='word_1_521' title='bbox 1244 5216 1297 5277; x_wconf 87' lang='lat' dir='ltr'><strong>vel</strong></span> <span class='ocrx_word' id='word_1_522' title='bbox 1332 5214 1477 5278; x_wconf 90' lang='lat' dir='ltr'><strong>adierint</strong></span> <span class='ocrx_word' id='word_1_523' title='bbox 1521 5209 1581 5294; x_wconf 85' lang='lat' dir='ltr'><strong>pr&#39;o</strong></span> <span class='ocrx_word' id='word_1_524' title='bbox 1614 5217 1771 5279; x_wconf 72' lang='lat' dir='ltr'><strong>Ecclesia</strong></span> 
     </span>
     <span class='ocr_line' id='line_1_52' title="bbox 119 5313 1771 5391; baseline 0.001 -17"><span class='ocrx_word' id='word_1_525' title='bbox 119 5328 139 5373; x_wconf 92' lang='lat' dir='ltr'><strong>a</strong></span> <span class='ocrx_word' id='word_1_526' title='bbox 155 5313 295 5374; x_wconf 87' lang='lat' dir='ltr'><strong>Domino</strong></span> <span class='ocrx_word' id='word_1_527' title='bbox 315 5313 429 5374; x_wconf 90' lang='lat' dir='ltr'><strong>nostro</strong></span> <span class='ocrx_word' id='word_1_528' title='bbox 446 5327 573 5374; x_wconf 89' lang='lat' dir='ltr'><strong>summo</strong></span> <span class='ocrx_word' id='word_1_529' title='bbox 589 5314 748 5376; x_wconf 86' lang='lat' dir='ltr'><strong>Pontifice</strong></span> <span class='ocrx_word' id='word_1_530' title='bbox 763 5314 917 5391; x_wconf 83' lang='lat' dir='ltr'><strong>delegati,</strong></span> <span class='ocrx_word' id='word_1_531' title='bbox 974 5314 1171 5375; x_wconf 85' lang='lat' dir='ltr'><strong>necessitate</strong></span> <span class='ocrx_word' id='word_1_532' title='bbox 1184 5313 1398 5375; x_wconf 82' lang='lat' dir='ltr'><strong>Guaroinum.</strong></span> <span class='ocrx_word' id='word_1_533' title='bbox 1422 5313 1514 5374; x_wconf 90' lang='lat' dir='ltr'><strong>Nulli</strong></span> <span class='ocrx_word' id='word_1_534' title='bbox 1533 5329 1614 5390; x_wconf 81' lang='lat' dir='ltr'><strong>ergo</strong></span> <span class='ocrx_word' id='word_1_535' title='bbox 1635 5314 1771 5376; x_wconf 87' lang='lat' dir='ltr'><strong>omnino</strong></span> 
     </span>
     <span class='ocr_line' id='line_1_53' title="bbox 120 5410 1771 5489; baseline 0 -18"><span class='ocrx_word' id='word_1_536' title='bbox 120 5412 162 5471; x_wconf 95' lang='lat' dir='ltr'><strong>de</strong></span> <span class='ocrx_word' id='word_1_537' title='bbox 175 5410 316 5472; x_wconf 89' lang='lat' dir='ltr'><strong>consilio</strong></span> <span class='ocrx_word' id='word_1_538' title='bbox 330 5410 532 5472; x_wconf 88' lang='lat' dir='ltr'><strong>venerahilis</strong></span> <span class='ocrx_word' id='word_1_539' title='bbox 547 5412 651 5488; x_wconf 89' lang='lat' dir='ltr'><strong>patris</strong></span> <span class='ocrx_word' id='word_1_540' title='bbox 666 5410 796 5473; x_wconf 87' lang='lat' dir='ltr'><strong>abbatis</strong></span> <span class='ocrx_word' id='word_1_541' title='bbox 810 5414 917 5474; x_wconf 89' lang='lat' dir='ltr'><strong>sancti</strong></span> <span class='ocrx_word' id='word_1_542' title='bbox 973 5412 1144 5472; x_wconf 91' lang='lat' dir='ltr'><strong>hominum</strong></span> <span class='ocrx_word' id='word_1_543' title='bbox 1160 5412 1258 5472; x_wconf 87' lang='lat' dir='ltr'><strong>liceat</strong></span> <span class='ocrx_word' id='word_1_544' title='bbox 1269 5411 1357 5473; x_wconf 88' lang='lat' dir='ltr'><strong>hano</strong></span> <span class='ocrx_word' id='word_1_545' title='bbox 1371 5412 1526 5489; x_wconf 84' lang='lat' dir='ltr'><strong>paginam</strong></span> <span class='ocrx_word' id='word_1_546' title='bbox 1541 5413 1664 5473; x_wconf 88' lang='lat' dir='ltr'><strong>nostrae</strong></span> <span class='ocrx_word' id='word_1_547' title='bbox 1687 5426 1771 5473; x_wconf 91' lang='lat' dir='ltr'><strong>cou-</strong></span> 
     </span>
     <span class='ocr_line' id='line_1_54' title="bbox 120 5508 1770 5589; baseline 0.001 -20"><span class='ocrx_word' id='word_1_548' title='bbox 120 5508 268 5589; x_wconf 83' lang='lat' dir='ltr'><strong>flfathaei,</strong></span> <span class='ocrx_word' id='word_1_549' title='bbox 294 5508 457 5570; x_wconf 88' lang='lat' dir='ltr'><strong>deservis</strong></span> <span class='ocrx_word' id='word_1_550' title='bbox 476 5509 547 5580; x_wconf 85' lang='lat' dir='ltr'><strong>Dei,</strong></span> <span class='ocrx_word' id='word_1_551' title='bbox 571 5524 635 5586; x_wconf 87' lang='lat' dir='ltr'><strong>qua</strong></span> <span class='ocrx_word' id='word_1_552' title='bbox 650 5509 820 5586; x_wconf 80' lang='lat' dir='ltr'><strong>fungimur</strong></span> <span class='ocrx_word' id='word_1_553' title='bbox 832 5527 918 5572; x_wconf 86' lang='lat' dir='ltr'><strong>auc·</strong></span> <span class='ocrx_word' id='word_1_554' title='bbox 973 5510 1169 5571; x_wconf 88' lang='lat' dir='ltr'><strong>firmationis</strong></span> <span class='ocrx_word' id='word_1_555' title='bbox 1182 5509 1364 5586; x_wconf 77' lang='lat' dir='ltr'><strong>infringere</strong></span> <span class='ocrx_word' id='word_1_556' title='bbox 1382 5512 1433 5572; x_wconf 88' lang='lat' dir='ltr'><strong>vel</strong></span> <span class='ocrx_word' id='word_1_557' title='bbox 1450 5510 1482 5570; x_wconf 89' lang='lat' dir='ltr'><strong>ei</strong></span> <span class='ocrx_word' id='word_1_558' title='bbox 1497 5509 1770 5572; x_wconf 89' lang='lat' dir='ltr'><strong>ausutemerario</strong></span> 
     </span>
     <span class='ocr_line' id='line_1_55' title="bbox 120 5605 1771 5686; baseline -0.001 -20"><span class='ocrx_word' id='word_1_559' title='bbox 120 5605 266 5673; x_wconf 87' lang='lat' dir='ltr'><strong>toritate.</strong></span> <span class='ocrx_word' id='word_1_560' title='bbox 283 5605 470 5678; x_wconf 90' lang='lat' dir='ltr'><strong>statuimus,</strong></span> <span class='ocrx_word' id='word_1_561' title='bbox 493 5606 583 5667; x_wconf 89' lang='lat' dir='ltr'><strong>utde</strong></span> <span class='ocrx_word' id='word_1_562' title='bbox 597 5607 717 5670; x_wconf 81' lang='lat' dir='ltr'><strong>eaetoro</strong></span> <span class='ocrx_word' id='word_1_563' title='bbox 733 5607 817 5668; x_wconf 90' lang='lat' dir='ltr'><strong>nihii</strong></span> <span class='ocrx_word' id='word_1_564' title='bbox 837 5624 917 5686; x_wconf 91' lang='lat' dir='ltr'><strong>pro·</strong></span> <span class='ocrx_word' id='word_1_565' title='bbox 973 5608 1152 5676; x_wconf 87' lang='lat' dir='ltr'><strong>contraire.</strong></span> <span class='ocrx_word' id='word_1_566' title='bbox 1187 5607 1221 5667; x_wconf 86' lang='lat' dir='ltr'><strong>Si</strong></span> <span class='ocrx_word' id='word_1_567' title='bbox 1260 5607 1335 5686; x_wconf 92' lang='lat' dir='ltr'><strong>quis</strong></span> <span class='ocrx_word' id='word_1_568' title='bbox 1365 5610 1475 5669; x_wconf 87' lang='lat' dir='ltr'><strong>autern</strong></span> <span class='ocrx_word' id='word_1_569' title='bbox 1513 5608 1576 5670; x_wconf 87' lang='lat' dir='ltr'><strong>hoc</strong></span> <span class='ocrx_word' id='word_1_570' title='bbox 1607 5608 1771 5669; x_wconf 87' lang='lat' dir='ltr'><strong>attentare</strong></span> 
     </span>
    </p>
   </div>
   <div class='ocr_carea' id='block_1_9' title="bbox 263 5720 1630 5777">
    <p class='ocr_par' dir='ltr' id='par_1_13' title="bbox 263 5720 1630 5777">
     <span class='ocr_line' id='line_1_56' title="bbox 263 5720 1630 5777; baseline 0.001 -2"><span class='ocrx_word' id='word_1_571' title='bbox 263 5732 378 5776; x_wconf 76' lang='lat' dir='ltr'><strong>ramos.</strong></span> <span class='ocrx_word' id='word_1_572' title='bbox 398 5732 473 5775; x_wconf 79' lang='lat' dir='ltr'><strong>roua</strong></span> <span class='ocrx_word' id='word_1_573' title='bbox 491 5720 529 5777; x_wconf 91' lang='lat' dir='ltr'><strong>ll.</strong></span> <span class='ocrx_word' id='word_1_574' title='bbox 1596 5720 1630 5777; x_wconf 84' lang='lat' dir='ltr'><strong>ft</strong></span> 
     </span>
    </p>
   </div>
   <div class='ocr_carea' id='block_1_10' title="bbox 0 0 1906 6166">
    <p class='ocr_par' dir='ltr' id='par_1_14' title="bbox 0 0 1906 6166">
     <span class='ocr_line' id='line_1_57' title="bbox 0 0 1906 6166; baseline 0 1"><span class='ocrx_word' id='word_1_575' title='bbox 0 0 1906 6166; x_wconf 95' lang='lat' dir='ltr'><strong> </strong></span> 
     </span>
    </p>
   </div>
  </div>
 </body>
</html>
