3802 6166
120 316 161 379 45
755 308 982 375 EPISTOLAE.
1007 310 1085 371 LIB.
1109 308 1133 370 l.
1725 304 1765 364 le

119 472 285 541 abbatim
308 474 419 535 tamen
445 472 600 561 sacerdos
625 472 735 546 fuerit,
763 474 915 552 proprios

119 572 265 635 novitios
278 571 484 640 benedicere,
501 574 534 633 et
546 572 612 633 alia
623 588 697 649 quae
712 570 753 633 ad
768 571 914 633 officium

118 687 217 732 suum
232 670 399 748 pertinent
410 685 578 741 exercere,
595 671 628 731 et
642 686 663 731 a
685 670 788 741 vobis,
804 670 914 729 omnia

118 769 161 831 ab
183 768 250 829 alio
276 768 430 844 episcopo
458 768 629 845 percipere
652 784 726 845 quae
759 783 778 828 a
805 769 915 827 vestro

118 866 243 928 fuerint
258 865 402 927 indebite
418 866 590 941 denegata.
609 865 693 926 Illud
708 863 913 943 adjicientes,

120 966 205 1027 utin
229 963 429 1040 recipiendis
452 963 713 1040 professionibus
730 978 804 1041 quae
823 963 917 1023 abe-

119 1062 262 1122 uedictis
287 1061 340 1122 vel
365 1060 599 1122 benedicendis
621 1058 795 1121 abbatibus
813 1060 914 1121 exbi-

119 1159 250 1229 bentur,
263 1175 302 1219 ea
311 1157 533 1236 siutepiscopi
543 1158 648 1218 forma
660 1159 692 1219 et
701 1158 915 1234 expressione

118 1255 918 1333 contentiquaeaborigiueordinisuosciturius-

121 1356 229 1426 tituta,
250 1357 286 1416 ut
303 1353 431 1415 scilicet
454 1352 590 1415 abbates
611 1354 676 1431 ipsi
692 1354 785 1414 salvo
800 1353 916 1414 ordine

120 1468 183 1513 sue
198 1451 345 1528 profiteri
361 1449 512 1521 debeant,
529 1451 563 1512 et
585 1451 700 1511 contra
716 1449 840 1512 statuta
856 1466 915 1511 or-

120 1549 211 1610 dinis
226 1549 277 1609 sui
294 1548 419 1609 nullam
439 1547 678 1625 professionem
701 1548 811 1609 facere
826 1563 918 1609 com-

122 1648 301 1725 pellantur.
318 1650 383 1707 Pro
408 1646 716 1707 consecrationibus
738 1661 818 1707 vero
831 1646 918 1707 alta-

121 1746 211 1807 rium
225 1744 277 1805 vel
304 1744 531 1816 ecclesiarum,
548 1744 619 1804 sive
641 1760 700 1821 pro
712 1743 785 1804 oleo
801 1746 916 1805 sancto

120 1842 917 1920 velquolibetecclesiasticosacramento,nullus

122 1957 143 2002 a
164 1940 259 2002 vobis
274 1940 335 2001 sub
357 1939 492 2001 obtentu
514 1940 762 2001 consuetudinis
777 1939 830 2000 vel
851 1939 917 2000 alio

122 2038 221 2099 modo
234 2038 413 2115 quidquam
426 2037 547 2098 audeat
557 2036 765 2114 extorquere,
780 2037 836 2097 sed
846 2037 917 2098 llaec

124 2136 237 2197 omnia
262 2136 365 2211 gratis
398 2134 493 2196 vobis
518 2134 692 2212 episcopus
720 2135 917 2195 diocesanos

122 2232 918 2311 impendat.Alioquinliceatvobisquemcumque

122 2331 309 2392 malueritis
342 2330 541 2392 catholicum
578 2331 670 2391 adire
703 2331 915 2401 arististiterm

124 2430 266 2505 gratiam
293 2430 325 2490 et
359 2429 624 2490 communionem
650 2429 848 2505 Apostolicae
864 2432 919 2489 Se

123 2528 176 2587 dis
200 2526 390 2599 habentem,
416 2528 473 2605 qui
502 2527 616 2589 nostra
642 2526 745 2588 fretus
769 2528 918 2588 auctori-

124 2626 195 2687 tate
210 2625 303 2685 vobis
318 2626 403 2701 quod
423 2625 608 2702 postulatur
629 2624 809 2701 impendat.
826 2624 918 2696 Quod

169 2723 265 2784 sedes
278 2723 458 2784 dioecesani
476 2722 622 2800 episcopi
642 2722 726 2784 forte
738 2722 916 2796 vacaverit,

125 2821 260 2884 interim
278 2822 389 2883 omnia
410 2822 635 2883 ecclesiastica
657 2822 866 2881 sacramenta
899 2836 918 2881 a

125 2919 247 2982 vicinis
262 2921 426 2997 episcopis
441 2921 593 2997 accipere
615 2918 717 2980 libere
738 2920 770 2981 et
794 2919 919 2997 absque

125 3018 387 3080 contradictione
402 3018 546 3095 possitis,
564 3018 611 3079 sic
622 3019 732 3078 tamen
748 3018 783 3079 ut
797 3033 840 3078 ex
856 3018 918 3078 hoc

125 3116 161 3177 in
179 3118 344 3192 posterum
358 3116 501 3192 propriis
514 3116 679 3193 episcopis
691 3115 816 3176 nullum
832 3131 920 3192 prae-

123 3213 288 3291 judicium
314 3213 501 3289 generetur.
527 3213 609 3286 Quia
644 3229 724 3274 vero
755 3213 919 3275 interdum

125 3313 334 3389 propriorum
356 3312 587 3388 episcoporum
608 3311 737 3388 copiam
763 3327 829 3372 non
853 3312 918 3373 lia-

126 3409 221 3480 betis‚
239 3411 267 3470 si
296 3426 392 3486 quem
408 3410 610 3487 episcopum,
627 3412 786 3471 Romanae
810 3410 916 3482 Sedis,

127 3509 163 3569 ut
175 3508 331 3579 diximus
355 3509 498 3584 gratiam
519 3510 552 3569 et
573 3508 837 3569 communionem
857 3507 920 3569 ha-

123 3603 266 3677 bentem,
284 3607 317 3666 et
331 3606 370 3665 de
385 3622 449 3683 <1110
462 3606 593 3682 plenam
618 3605 769 3666 notitiam
788 3604 918 3666 habea-

126 3702 179 3774 tis,
195 3719 253 3779 per
268 3720 327 3764 vos
340 3703 484 3765 transire
499 3703 683 3779 contigerit,
700 3701 742 3763 ab
759 3718 799 3764 eo
822 3703 920 3764 bene·

126 3799 919 3873 dictionesvaserumetvestium,consecrationes

124 3897 291 3970 altarium,
307 3899 533 3960 ordinationes
548 3898 784 3960 monachorum
803 3899 920 3961 aucto-

124 3996 223 4058 ritate
249 3997 446 4073 apostolicae
469 3996 562 4057 Sedis
592 3997 740 4073 recipere
765 3997 914 4058 valeatis.

126 4097 230 4156 Porro
246 4095 274 4155 si
285 4095 431 4172 episcopi
443 4095 496 4155 vel
507 4094 565 4155 alii
579 4095 795 4156 ecclesiarum
810 4095 920 4156 recto-

126 4193 231 4253 resin
256 4192 493 4253 monasterium
518 4194 664 4253 vestrum
685 4192 737 4253 vel
759 4207 919 4270 personas

126 4291 208 4352 inibi
235 4292 430 4353 constitutas
454 4291 699 4367 suspensionis,
723 4306 919 4352 excommu-

126 4389 304 4452 nicationis
312 4389 364 4451 vel
379 4388 546 4450 interdicti
561 4388 757 4449 senteutiam
772 4390 920 4465 promul-

126 4489 291 4565 gaverint,
304 4487 375 4549 sive
386 4487 486 4548 etiam
498 4487 533 4547 in
549 4487 771 4547 mercenarios
780 4488 917 4559 vestros,

126 4603 187 4663 pro
202 4602 241 4646 eo
257 4585 341 4662 quod
356 4585 517 4657 decimas,
541 4584 626 4645 sicut
640 4583 762 4644 dictum
778 4585 838 4655 est,
853 4600 919 4645 nou

127 4683 329 4763 persolvitis,
358 4683 429 4743 sive
453 4682 565 4758 aliqua
598 4681 771 4742 occasione
805 4680 926 4743 eorum

127 4798 200 4859 quae
217 4781 257 4842 ab
274 4780 455 4857 apostolica
466 4779 671 4853 benignitate
686 4777 778 4840 vobis
794 4779 920 4842 imlulta

127 4881 214 4951 sunt,
232 4896 292 4939 seu
306 4878 533 4939 benefactores
550 4878 689 4949 vestros,
707 4892 766 4953 pro
781 4893 820 4938 eo
835 4878 920 4954 quod

127 4978 239 5055 aliqua
252 4975 344 5038 vobis
364 4974 586 5035 beneficiaret
604 4973 760 5051 obsequia
774 4992 817 5035 ex
833 4977 922 5036 cari-

126 5078 194 5138 tate
220 5075 445 5152 praestiterint,
459 5072 510 5134 vel
533 5072 572 5132 ad
594 5071 810 5132 laborandum
826 5074 923 5151 adju-

126 5175 237 5236 verint
248 5174 282 5234 in
299 5173 364 5233 illis
377 5170 504 5239 diebus,
513 5171 547 5230 iu
556 5170 674 5247 quibus
681 5187 739 5231 vos
752 5170 920 5245 laboratis,

127 5274 163 5335 at
183 5272 241 5332 alii
263 5271 435 5341 feriantur,
457 5269 605 5330 eamdem
629 5269 826 5329 seutentiam
841 5286 922 5346 per-

130 5369 393 5444 tulerint,ipsam
407 5369 565 5443 tauquam
583 5368 697 5427 contra
710 5366 804 5426 Sedis
818 5372 924 5444 Apos-

126 5464 920 5542 tolicaeiiulultaprolatumduximusirritandam.

129 5568 198 5627 Nec
223 5565 341 5625 litterae
364 5563 430 5624 illae
452 5563 641 5623 firmitatem
661 5561 815 5634 habeant,
840 5578 922 5639 quius

130 5664 230 5727 tacito
243 5662 376 5725 nomine
392 5660 622 5725 Cistercieusis
634 5660 760 5723 ordinis
768 5662 921 5724 etcoutra

969 472 1119 534 tenorem
1136 467 1392 544 apostolicorum
1408 465 1659 543 privilegiorum
1668 480 1766 525 cous-

969 576 1074 637 titerit
1093 574 1275 651 impetrari.
1298 574 1464 635 Praeterea
1491 588 1566 633 cum
1592 586 1766 632 commune

970 674 1179 735 interdictum
1206 674 1305 733 terrae
1323 670 1434 741 fuerit,
1451 669 1550 731 liceat
1567 668 1662 730 vobis
1674 668 1766 728 nilii-
1844 688 1849 693 ·

970 772 1112 831 lominus
1125 771 1160 831 iu
1182 771 1293 831 vestro
1309 768 1523 839 monasterio,
1542 767 1687 828 exclusis
1700 782 1765 827 ex·

970 868 1220 931 communicatis
1239 868 1272 929 et
1295 866 1492 938 interdictis,
1517 865 1632 927 divina
1655 865 1766 925 officia

970 967 1153 1028 celebrare.
1190 966 1270 1027 Paci
1309 980 1439 1042 quoque
1467 963 1500 1025 et
1532 962 1763 1041 tranquillitat‘
1841 1004 1846 1013 ·

970 1066 1089 1125 vestrae
1116 1064 1253 1140 paterna
1282 1063 1512 1139 inposterum
1540 1059 1765 1121 sollicitudine

970 1161 1144 1238 providere
1170 1160 1330 1232 volentes
1353 1160 1550 1221 auctoritate
1575 1157 1766 1234 Apostolica

971 1258 1194 1336 probibemus,
1209 1259 1244 1320 ut
1254 1258 1343 1319 iufra
1352 1257 1527 1319 clausuras
1543 1256 1691 1317 locorum
1703 1272 1762 1317 seu

970 1357 1186 1433 grangiarum
1209 1357 1395 1418 vestrarum
1408 1355 1520 1415 nullus
1542 1354 1693 1430 rapinam
1707 1370 1766 1414 seu

971 1453 1093 1515 furtum
1108 1453 1227 1525 facere,
1251 1454 1362 1530 iguem
1375 1468 1552 1529 apponere,
1570 1453 1766 1529 sauguinem

971 1550 1119 1623 fundere,
1132 1551 1298 1611 bominem
1320 1552 1444 1611 temere
1459 1565 1577 1627 capere
1589 1550 1640 1611 vel
1661 1550 1767 1610 iuter-

972 1648 1082 1720 tlcere,
1097 1648 1355 1709 seuvioleutiam
1368 1647 1489 1708 audeat
1499 1662 1666 1708 exercere.
1680 1650 1767 1707 Prac-

972 1749 1063 1809 terea
1087 1762 1201 1807 omues
1225 1745 1395 1807 libertates
1428 1748 1460 1806 et
1492 1744 1716 1806 immunitates
1745 1761 1765 1805 a

971 1843 1274 1921 praedecessoribus
1299 1843 1436 1913 uostris,
1452 1842 1611 1905 Romanis
1627 1842 1768 1903 Pontid-

973 1942 1078 2013 cibus,
1095 1942 1204 2004 ordini
1219 1945 1330 2003 vestro
1345 1957 1534 2013 concessas,
1560 1956 1621 2002 nec
1637 1957 1703 2002 non
1719 1941 1765 2000 li-

972 2039 1117 2101 bertutes
1136 2041 1170 2101 et
1187 2039 1414 2116 exemptiones
1440 2039 1642 2100 secularium
1662 2054 1766 2099 exac-

973 2139 1098 2200 tionum
1122 2154 1141 2198 a
1165 2137 1299 2213 regibus
1321 2140 1353 2199 et
1381 2136 1587 2214 principibus
1611 2137 1665 2197 vel
1689 2137 1765 2197 aliis

972 2235 1124 2296 fidelibus
1138 2234 1383 2297 rationabiliter
1403 2235 1497 2296 vobis
1519 2234 1665 2296 indultas
1685 2250 1768 2295 auc-

973 2332 1307 2410 toritateitpostolica
1316 2332 1550 2394 confirmamus
1559 2332 1766 2409 etpraesenus

974 2431 1089 2506 scripti
1101 2431 1275 2507 privilegio
1288 2430 1765 2492 communiuuvs.Deceruimus

974 2545 1064 2604 erge.
1077 2531 1113 2590 ut
1125 2529 1207 2590 uulli
1228 2530 1362 2590 emmno
1377 2528 1549 2589 homiuum
1561 2528 1661 2589 liceat
1674 2544 1765 2603 prae-

973 2627 1076 2688 fatum
1090 2627 1327 2688 monasterium
1347 2627 1472 2687 temere
1484 2625 1688 2702 perturbare,
1710 2626 1767 2686 aut

973 2729 1046 2804 ejus
1063 2725 1291 2801 possessiones
1309 2724 1452 2793 airferre,
1469 2724 1522 2784 vel
1538 2723 1665 2784 ablutas
1686 2724 1767 2785 reti-

974 2839 1065 2895 nere,
1082 2823 1244 2894 minuere,
1256 2838 1316 2883 seu
1323 2821 1524 2899 quibuslibet
1535 2820 1767 2883 venationibus

974 2919 1125 2996 fatigare,
1150 2920 1207 2982 sed
1230 2920 1341 2981 omnia
1363 2920 1493 2995 integra
1515 2921 1765 2987 conserventur,

974 3035 1087 3081 eorum
1101 3034 1159 3096 pro
1173 3034 1312 3095 quorum
1324 3016 1564 3093 gubernatione
1579 3034 1618 3079 uc
1635 3020 1769 3079 susten-

974 3118 1097 3179 tatione
1124 3132 1281 3177 concessa
1310 3116 1387 3177 sunt
1420 3116 1535 3176 usibus
1568 3115 1766 3177 omnimodis

974 3215 1157 3292 profutura,
1174 3214 1266 3275 salva
1283 3214 1376 3275 Sedis
1400 3213 1598 3291 Apostolicae
1616 3213 1766 3274 auctori-

974 3316 1050 3374 tate.
1067 3312 1102 3373 Si
1116 3328 1179 3389 qua
1194 3312 1295 3387 igitur
1318 3311 1352 3371 in
1372 3310 1518 3372 futurum
1540 3309 1767 3371 ecclesiastica

973 3410 1175 3470 secularisve
1194 3423 1336 3485 persona
1357 3408 1444 3468 harre
1463 3409 1584 3468 nostrae
1607 3408 1769 3469 coustitu-

973 3507 1073 3569 tiouis
1101 3506 1255 3583 paginam
1280 3506 1388 3566 sciens
1410 3506 1525 3566 contra
1546 3520 1620 3565 eam
1643 3506 1767 3566 temere

973 3605 1087 3667 venire
1115 3604 1302 3674 tentaverit,
1327 3603 1471 3664 secundo
1501 3602 1639 3665 tertiove
1674 3618 1767 3663 com-

974 3703 1109 3775 monita,
1126 3702 1191 3762 nisi
1202 3702 1330 3763 reatum
1342 3717 1438 3760 suum
1449 3716 1595 3776 congrua
1608 3700 1766 3760 satisfac-

973 3803 1062 3865 tione
1081 3800 1275 3871 correnerit,
1297 3799 1469 3876 potestatis
1493 3798 1694 3875 lionorisque
1714 3798 1767 3857 sui

973 3899 1133 3975 dignitate
1153 3900 1277 3968 careat,
1293 3912 1451 3973 reamque
1467 3911 1502 3956 se
1518 3895 1768 3973 divincjudicie

973 3998 1117 4058 existere
1128 3996 1168 4057 de
1187 3995 1374 4073 perpetrata
1390 3993 1565 4079 iniquitate
1578 3994 1766 4069 cognoscat,

973 4099 1036 4157 eta
1056 4094 1283 4156 sacratissimo
1300 4107 1439 4170 corpore
1465 4108 1504 4153 ac
1524 4092 1686 4167 sanguiue
1708 4092 1767 4153 Dei

973 4196 1005 4256 et
1019 4192 1150 4255 Domini
1166 4190 1393 4268 liedemptoris
1414 4190 1519 4251 nostri
1541 4192 1621 4251 Jesu
1645 4190 1777 4252 Christi·

974 4291 1164 4361 alienafiat,
1181 4290 1279 4366 atque
1298 4290 1333 4348 in
1355 4290 1502 4350 extremo
1524 4289 1678 4349 examine
1699 4288 1770 4347 dis·
1800 4278 1806 4289 '

973 4386 1767 4463 trictaeultionisubjaceattlunctisautemeidem
1835 4398 1842 4411 ‘

974 4489 1046 4549 loco
1070 4503 1130 4547 sua
1152 4489 1231 4563 jura
1255 4484 1465 4546 servantibus
1491 4485 1534 4545 sit
1556 4500 1623 4559 pax
1638 4484 1768 4545 Domini

974 4586 1078 4647 nostri
1090 4588 1170 4648 lesu
1184 4582 1317 4653 Christi,
1337 4584 1498 4659 quatenus
1513 4582 1546 4642 et
1560 4582 1614 4642 liic
1627 4580 1769 4641 fructum

973 4685 1069 4746 bonae
1094 4682 1235 4745 actionis
1259 4680 1454 4759 percipiant,
1469 4680 1501 4739 ei
1525 4679 1612 4755 apud
1636 4678 1770 4740 distric-

974 4784 1042 4845 tum
1048 4775 1766 4860 judicempraemiaaeternaepacisinveniant.

975 4884 1091 4941 Amen.
1104 4881 1220 4939 Amen.
1234 4880 1349 4936 Amen.

1016 4980 1083 5053 Ego
1096 4974 1274 5044 Honorius,
1287 4971 1460 5033 catliolicae
1471 4970 1627 5032 Ecclesiae
1639 4972 1772 5049 episco-

976 5092 1048 5153 pus,
1066 5072 1260 5148 subscripsi.

1016 5175 1084 5247 ligo
1097 5170 1266 5240 Nicolaus,
1279 5166 1486 5228 Tusculanus
1497 5166 1682 5244 episcopus,
1697 5167 1774 5229 sub·

977 5269 1108 5346 scripsi.

1016 5362 1463 5443 EgoGuido‚P1·aeuestinus
1485 5360 1670 5438 episcopus,
1691 5361 1774 5423 sub-

978 5464 1107 5540 scripsi.

1017 5564 1083 5637 Ego
1101 5558 1297 5634 Hugolinus,
1322 5556 1482 5618 Ostiensis
1504 5558 1536 5620 et
1557 5556 1776 5617 velietrensis

977 5659 1163 5736 episcopus,
1178 5654 1371 5733 subscripsi.
