3802 6166
172 304 235 369 ffist
633 304 811 367 horloini
832 304 879 369 111
899 303 1048 369 OPERA.
1063 306 1352 371 -SERMONES.
1759 312 1821 372 alo

173 462 278 529 illam.
296 462 332 527 Sl
347 479 413 526 non
426 463 518 541 potes
533 477 644 526 emere
658 462 795 525 dimidio
807 463 968 541 patrimo-
1060 468 1143 529 Dtoo
1175 467 1293 529 aldem
1324 468 1446 533 voror
1478 469 1590 530 ments
1613 469 1820 543 quicumque

174 562 222 625 nii
237 578 312 624 oum
327 562 478 636 Zachaem
501 575 574 623 eme
588 560 716 624 duobus
738 560 876 624 minutis
892 578 967 625 cum
1020 565 1196 639 consessus
1229 565 1338 639 fuerit
1367 560 1424 627 me
1444 579 1565 627 coram
1584 568 1817 627 horninibus...

173 661 285 724 sidua.
301 659 498 721 Emecalice
517 675 612 737 aquae
633 659 775 736 trigidae,
789 660 822 722 et
839 659 866 721 si
883 659 969 721 desit
1021 658 1152 739 (Matth.
1177 677 1212 730 x,
1239 660 1307 741 22).
1340 662 1459 723 Tribus
1486 662 1593 723 modis
1621 663 1820 724 confitemur

173 758 324 829 facultas,
340 772 405 819 uno
416 759 449 820 et
462 757 533 819 solo
547 757 728 819 voluntatis
738 758 870 819 affeetu.
885 760 969 833 Reg·
1021 758 1187 820 Christum
1195 775 1307 822 coram
1315 759 1518 832 hominibus,
1526 760 1693 829 videlicet,
1705 761 1816 833 corde,

174 872 253 918 num
265 856 354 916 enim
365 855 424 916 Dei
437 857 565 918 tantum
578 855 668 918 valet
677 857 837 932 quantum
850 854 965 916 habes.
1021 870 1079 917 ore
1091 856 1124 916 et
1144 870 1254 933 opere.
1278 856 1371 918 Unde
1392 858 1672 933 percontrarium
1687 854 1729 918 de
1743 859 1821 935 qui-

174 956 239 1016 Pro
254 953 359 1015 nihilo
378 953 440 1016 tibi
459 954 661 1026 conceditur,
682 954 787 1029 gratis
804 969 866 1015 nec
883 953 966 1014 dee·
1020 951 1160 1015 busdam
1179 953 1260 1015 dicit
1276 954 1421 1015 Paulus:
1439 956 1646 1026 Confitentes
1666 970 1703 1016 se
1718 970 1819 1017 nosse

173 1052 253 1114 runt
276 1051 469 1124 vendentes,
486 1052 516 1112 si
538 1052 633 1127 illam
653 1052 808 1114 volumus
827 1066 966 1129 compa·
1021 1053 1142 1119 Deum,
1172 1051 1274 1124 sactis
1299 1052 1419 1113 autem
1440 1053 1568 1128 nepam
1598 1050 1676 1130 (Tit.
1705 1068 1728 1120 1,
1752 1053 1818 1133 16).

172 1164 261 1212 rare.
278 1151 398 1211 Nonne
413 1151 557 1228 quinque
572 1165 727 1227 passeres
750 1151 896 1212 veneunt
910 1147 966 1209 di·
1022 1147 1169 1219 Quatuor
1182 1148 1341 1227 suntque
1351 1146 1596 1211 consessionem
1611 1149 1818 1226 impediunt:

173 1247 313 1326 pondiol
339 1247 492 1325 Quinque
525 1264 678 1326 passeres
715 1248 792 1310 sunt
820 1247 967 1324 quinque
1021 1244 1127 1323 pudor
1141 1244 1273 1307 dicendi
1283 1246 1316 1308 et
1328 1246 1431 1308 timor
1446 1246 1661 1323 poenitentiae,
1674 1264 1750 1323 spes
1760 1247 1821 1309 de-

174 1343 394 1407 humanorum
406 1345 553 1408 cordium
567 1346 706 1423 species.
717 1346 829 1407 Prima
837 1344 887 1406 est
897 1360 969 1406 cor·
1021 1342 1138 1404 siderii
1152 1344 1185 1405 et
1198 1342 1385 1420 desperatio
1399 1343 1599 1405 abstinendi.
1616 1346 1651 1405 Si
1674 1345 1749 1422 quis
1773 1346 1820 1407 is-

174 1441 226 1503 dis
241 1443 394 1520 duplicis,
415 1443 560 1505 secunda
574 1443 738 1516 dissoluti,
760 1443 860 1505 tertia
879 1441 965 1514 duri,
1021 1441 1065 1502 tis
1077 1440 1219 1518 quatuor
1237 1441 1410 1518 premitur,
1423 1442 1514 1505 recte
1532 1442 1666 1515 dicitur,
1683 1442 1770 1520 quod
1784 1443 1819 1503 in

174 1542 293 1617 quarta
313 1540 531 1618 ingredientis
550 1540 633 1602 duas
650 1542 735 1614 vias,
758 1541 873 1619 quinte
887 1555 966 1602 cor·
1021 1539 1345 1615 monumentojacel,
1361 1540 1395 1601 et
1409 1539 1651 1618 quatriduanus
1664 1544 1736 1618 jam
1756 1541 1821 1602 soe-

174 1635 225 1697 dis
240 1653 393 1713 nequam.
1021 1637 1078 1699 tet.
1092 1637 1213 1698 Contra
1224 1636 1394 1713 pudorem,
1405 1638 1632 1713 componenda
1644 1640 1722 1700 sunt
1732 1639 1816 1700 tria:

134 1716 143 1729 ’
215 1736 252 1794 In
281 1734 333 1795 his
359 1733 592 1810 intelliguntur
619 1735 765 1812 quinque
796 1734 967 1796 hominum
1022 1735 1258 1796 Comiderotio
1281 1735 1441 1807 rationis,
1466 1751 1527 1797 our
1556 1735 1678 1812 pudeat
1705 1737 1819 1797 dicere

176 1832 314 1908 species.
329 1833 394 1894 Cor
407 1832 529 1910 duplex
544 1835 595 1895 est
605 1833 641 1893 in
651 1832 715 1905 his,
740 1832 796 1910 qui
808 1833 885 1894 sunt
896 1832 969 1894 ins·
1022 1830 1107 1907 quod
1124 1845 1191 1892 non
1205 1830 1325 1908 puduit
1333 1830 1454 1903 lacere,
1470 1834 1670 1895 reverentia
1684 1832 1821 1894 intuen-

173 1927 292 1991 tahiles
306 1930 339 1992 et
352 1930 440 2006 uagi,
457 1930 514 2008 qui
529 1931 626 1992 modo
640 1929 764 1992 habent
784 1946 884 1991 unam
902 1946 967 1991 vo·
1021 1929 1066 1990 tis
1090 1929 1171 2000 Dei,
1195 1932 1409 2003 conspurcatio
1435 1930 1573 2007 majoris
1599 1930 1817 1991 contusionis.

173 2024 346 2097 luntatem,
363 2029 460 2091 modo
483 2028 594 2089 aliam.
616 2030 680 2090 Gor
700 2028 896 2089 dissolutum
917 2028 968 2090 est
1023 2027 1145 2088 Contra
1169 2026 1322 2087 timorem
1343 2026 1421 2099 tria,
1437 2043 1535 2104 poena
1553 2026 1689 2099 inferni,
1705 2028 1819 2104 longa,

173 2123 209 2184 in
223 2124 361 2198 timidis,
375 2142 433 2187 cor
444 2126 564 2187 durum
582 2127 618 2188 in
633 2124 820 2198 obstinatis,
842 2141 901 2187 cor
912 2125 969 2194 ¹in·
1022 2122 1145 2198 gravis,
1160 2122 1384 2185 infructuosa:
1399 2125 1514 2187 contra
1525 2124 1822 2200 poenitentiaeprae·

172 2223 328 2299 grediens
351 2223 434 2284 duas
455 2224 528 2285 vias
548 2224 599 2285 est
618 2224 813 2301 hypocritis,
836 2223 893 2301 qui
914 2223 968 2283 in·
1022 2221 1126 2282 sentis
1135 2221 1294 2298 temporis
1308 2219 1430 2293 brevis,
1441 2221 1536 2289 levis,
1550 2221 1729 2284 fructuosa.
1737 2224 1821 2282 Con·

172 2319 369 2396 grediuntur
384 2322 474 2383 viam
496 2322 555 2383 Dei
579 2322 612 2384 et
626 2322 715 2384 viam
735 2321 861 2393 mundi,
878 2321 966 2382 viam
1023 2321 1074 2381 tra
1087 2335 1178 2395 spem
1193 2318 1278 2381 tria:
1294 2318 1381 2380 bona
1398 2318 1502 2384 futuri
1515 2319 1629 2381 saeculi
1642 2320 1821 2395 praesentis

173 2417 233 2479 Dei
247 2417 284 2478 in
305 2418 391 2479 bona
412 2419 586 2495 religione,
609 2419 698 2481 viam
716 2418 830 2480 mundi
851 2418 887 2478 in
909 2418 970 2479 de·
1022 2415 1207 2479 vitaebonis
1222 2416 1819 2494 majora,certiora‚dumbiliora;ad

173 2513 297 2581 siderio
326 2532 421 2578 vanae
446 2517 573 2591 gloriae.
597 2518 661 2578 Gor
682 2532 824 2595 nequam
845 2516 881 2579 in
902 2531 969 2577 ma·
1023 2529 1161 2590 quornm
1190 2514 1473 2590 comparationem
1502 2514 1660 2595 quidquid
1690 2514 1728 2575 in
1756 2515 1821 2576 hoe

173 2609 305 2673 litiosis.
341 2613 384 2673 ili
418 2629 588 2690 passeres,
625 2614 661 2675 ut
695 2614 743 2674 ait
777 2612 965 2683 Psalmists,
1022 2610 1144 2673 mundo
1167 2610 1351 2673 desiderari
1366 2612 1483 2687 potest,
1500 2611 1667 2672 modicum
1682 2613 1747 2683 est,
1764 2612 1821 2673 in-

173 2707 413 2784 transmigraut
431 2709 467 2769 in
490 2710 611 2781 monte,
635 2708 732 2779 idest,
753 2708 788 2768 in
812 2707 967 2784 superbia
1022 2709 1148 2771 certum
1163 2707 1224 2780 est,
1239 2709 1508 2770 momentaneum
1520 2710 1581 2769 est.
1600 2709 1722 2771 Contra
1738 2709 1820 2771 des-

174 2806 318 2866 saunae.
335 2804 517 2883 Dipondius
533 2807 588 2867 vel
607 2805 801 2883 dipondium
822 2805 873 2865 est
884 2821 969 2881 pon·
1022 2805 1229 2882 perationem
1238 2804 1393 2866 vincendi
1401 2806 1548 2881 peccata,
1561 2805 1645 2867 tria:
1660 2807 1817 2883 proprius

172 2900 234 2961 dus
249 2901 467 2974 levissimum,
488 2903 644 2964 constans
666 2901 794 2962 duobus
818 2900 965 2962 minutis.
1021 2902 1117 2979 vigor
1139 2901 1290 2978 sumptus
1312 2917 1354 2963 ex
1369 2901 1608 2974 contutatione,
1624 2903 1733 2979 gratia
1755 2904 1817 2967 Dei

172 2998 232 3060 Isti
253 3015 407 3076 passeres
421 3001 568 3062 veneunt
583 2999 750 3076 dipondio,
766 2998 862 3071 idest,
884 2998 966 3061 vitio
1022 3014 1095 3077 quae
1116 3000 1263 3063 meretur
1275 3014 1318 3060 ex
1332 2998 1531 3072 humilitate,
1547 3000 1712 3061 auxilium
1729 3003 1815 3078 ejus,

171 3095 358 3172 gulositatis
380 3099 413 3159 et
434 3097 594 3158 libidinis.
615 3099 695 3160 Haec
715 3097 792 3158 sunt
817 3095 883 3157 duo
903 3095 968 3157 tlu-
1021 3096 1076 3159 cui
1089 3095 1266 3159 confltetur
1283 3112 1327 3156 ex
1340 3097 1583 3173 compassione.

172 3194 263 3255 mina
278 3196 442 3267 Damasci,
459 3195 597 3267 scilicet,
611 3192 738 3265 Abona,
759 3193 845 3271 quod
860 3193 968 3255 inter·
1060 3192 1193 3258 Duobus
1225 3195 1337 3255 autem
1370 3193 1477 3255 modis
1509 3195 1721 3259 confitebitur
1755 3212 1817 3258 nos

172 3294 321 3370 pretatur
333 3293 566 3369 suffossionem
582 3298 616 3355 et
628 3293 782 3369 designat
795 3290 966 3352 libidinem
1021 3292 1174 3355 Christus
1192 3306 1305 3353 coram
1320 3292 1460 3367 angelis,
1476 3292 1642 3365 videlicet,
1663 3293 1818 3357 laudibus

172 3405 246 3468 quae
270 3390 425 3453 diffundit
450 3393 484 3453 et
506 3390 720 3467 distemperet
748 3389 904 3450 humores
930 3389 966 3452 in
1020 3392 1054 3453 et
1077 3388 1282 3453 muneribus.
1307 3391 1354 3451 De
1375 3388 1530 3451 laudibus
1554 3390 1635 3452 dicit
1659 3392 1816 3453 Salomon

172 3502 321 3564 corpore,
336 3489 368 3550 et
379 3488 537 3565 Pharpha
550 3487 897 3566 quod-interpretatur
915 3485 968 3547 la·
1021 3488 1056 3553 io
1077 3486 1280 3559 Proverbiis,
1297 3486 1341 3549 de
1358 3486 1436 3549 lorti
1457 3487 1618 3551 muliere:
1637 3491 1818 3551 Sttrreace-

171 3584 276 3662 pides,
294 3585 446 3662 designat
461 3585 579 3648 edendi
591 3585 813 3663 gulositatem.
826 3599 900 3663 quae
915 3582 968 3644 la·
1021 3587 1104 3647 ment
1119 3587 1182 3657 titii
1192 3588 1281 3658 mus,
1293 3586 1327 3646 et
1347 3586 1579 3647 beottsstmom
1600 3589 1820 3660 praedicave-

171 3681 218 3744 cit
238 3683 389 3745 homines
405 3684 505 3747 duros
528 3688 560 3746 et
583 3684 729 3745 hebetes.
751 3686 822 3744 Hoc
845 3682 967 3758 dipon-.
1020 3683 1120 3755 rutil,
1131 3684 1165 3744 et
1178 3686 1236 3745 otr
1248 3685 1325 3754 ejus
1335 3684 1489 3745 laudavit
1501 3698 1579 3744 eom
1594 3680 1706 3761 (Prot.
1719 3699 1816 3756 xxxi,

171 3779 227 3841 dio
251 3796 287 3841 se
310 3782 457 3842 vendunt
480 3782 632 3843 homines
661 3780 724 3858 ipsi
744 3779 889 3851 diabolo,
909 3779 966 3840 sed
1019 3776 1086 3859 28).
1108 3779 1220 3841 Fortis
1231 3779 1353 3841 mulier
1373 3781 1423 3841 est
1438 3781 1549 3841 anima
1573 3796 1648 3859 quae
1667 3783 1819 3843 contem-

170 3878 282 3941 tamen
310 3894 377 3940 non
403 3881 481 3941 sunt
505 3879 541 3940 iu
563 3877 730 3940 oblivione
754 3892 867 3939 eoram
885 3878 964 3948 Deo,
1022 3877 1072 3938 nit
1090 3891 1251 3953 prospera
1273 3876 1398 3937 mundi.
1420 3877 1497 3938 Filii
1518 3880 1590 3955 eJus
1614 3881 1691 3941 sunt
1715 3895 1818 3956 opera

171 3975 229 4053 qui
244 3975 347 4036 solem
368 3992 465 4036 suum
491 3975 574 4037 oriri
597 3975 677 4036 lacit
695 3989 795 4051 super
813 3972 917 4036 honos
935 3976 967 4036 et
1021 3971 1107 4035 bona
1123 3989 1197 4050 quae
1212 3972 1395 4035 laudabunt
1414 3990 1499 4039 eam.
1530 3976 1590 4038 Vir
1610 3978 1694 4053 ojus,
1719 3975 1816 4047 idest,

171 4073 287 4133 malos.
305 4072 369 4134 Sed
385 4072 497 4150 capilli
517 4073 636 4150 capitis
650 4072 752 4134 vestri
774 4087 890 4133 omnes
903 4088 968 4132 nu·
1021 4071 1184 4142 Glmistus,
1201 4072 1334 4148 propter
1348 4071 1435 4134 bona
1450 4089 1590 4149 opere...
1605 4056 1765 4135 Dominus
1777 4075 1817 4136 de

171 4170 289 4231 merati
315 4172 402 4231 sunt'.
428 4169 547 4247 Capilli
563 4172 641 4231 sunt
654 4168 741 4231 bona
755 4169 967 4246 temporalia,
1021 4170 1137 4231 sancto
1161 4167 1305 4230 Martiuo
1329 4168 1414 4232 dixit
1434 4169 1476 4229 ed
1497 4169 1662 4244 angelos:
1683 4173 1817 4233 Marti-

171 4267 389 4343 cogitationes
411 4268 541 4340 mentis,
564 4267 702 4330 minima
735 4282 874 4345 quaeque
891 4281 968 4328 cor·-
1020 4281 1087 4327 tous
1102 4268 1212 4327 adbuc
1225 4265 1818 4330 cethecumeuusbacmeoesteoon·

171 4364 273 4443 poris.
293 4368 339 4427 De
363 4366 469 4442 primo
494 4364 610 4436 hahes,
633 4365 718 4443 quod
732 4365 840 4428 Maria
854 4365 968 4426 exter·
1021 4363 1121 4425 toxtt.
1138 4365 1184 4424 Ile
1197 4361 1390 4426 muneribus
1404 4362 1483 4424 dicit
1495 4363 1670 4440 Apostolus
1683 4385 1690 4424 :
1701 4368 1817 4440 Repo·

171 4463 218 4525 s²t
236 4463 367 4541 capillis
384 4464 454 4525 suis
469 4463 570 4540 pedes
579 4466 670 4526 Jesu.
687 4462 780 4537 Quod
795 4478 966 4540 exponens
1020 4462 1089 4521 etta
1104 4461 1155 4522 est
1175 4459 1681 4534 otibicoronojuslttioe,quom
1696 4463 1817 4525 reddet

169 4558 287 4624 beatus
309 4561 489 4638 Gregorius
511 4561 592 4625 dicit
607 4582 615 4621 ι
630 4563 742 4624 Pedes
764 4563 849 4623 Jesu
865 4564 967 4633 cupit·
1019 4560 1106 4619 midi
1134 4561 1301 4621 Doro-tuus
1331 4561 1368 4619 tu
1396 4562 1453 4620 ido
1479 4561 1533 4621 dte
1559 4559 1679 4631 justus
1700 4563 1817 4623 dudem

169 4660 361 4737 ttsterqere
371 4660 423 4721 est
432 4672 609 4736 pauperes
619 4660 714 4721 bonis
724 4660 966 4733 temporalibus
1021 4654 1066 4734 (11
1081 4654 1164 4717 Tim.
1180 4672 1226 4727 xv,
1244 4655 1289 4736 8).
1306 4654 1397 4727 Quod
1422 4655 1493 4733 ipse
1514 4657 1675 4733 praestare
1698 4656 1817 4732 digne-

169 4757 378 4820 sustentare.
1019 4754 1085 4825 tur,
1108 4752 1166 4831 qui
1186 4752 1269 4815 vivit
1288 4754 1322 4814 et
1335 4754 1453 4829 regnat
1477 4752 1512 4815 in
1538 4753 1661 4815 saecula
1675 4753 1817 4816 saeculo·

211 4857 257 4916 De
272 4856 416 4918 secundo
428 4854 462 4917 in
475 4853 561 4917 libro
572 4853 712 4916 Numeri
726 4853 858 4927 dicitur,
878 4853 964 4931 quod
1020 4866 1105 4913 rum.

171 4951 350 5014 Nazaraeus
360 4953 458 5015 debet
469 4953 606 5031 capillos
618 4953 737 5014 radere
749 4952 784 5014 in
795 4967 966 5014 consecra·
1363 4974 1470 5061 XXX

43 5116 46 5125 ,
170 5049 272 5111 tione.
281 5051 462 5113 Nazaraeus
475 5052 526 5112 est
539 5050 679 5128 quilibet
692 5049 894 5112 christianus
907 5065 966 5127 per

170 5161 284 5207 seram
312 5146 509 5221 religionem
532 5148 745 5211 consecratus
768 5162 790 5211 a
812 5146 963 5220 Domine,
1118 5161 1164 5223 ΙΝ
1185 5162 1314 5224 FESTO
1337 5162 1467 5224 UNIUS
1488 5163 1718 5224 MARTYRIS.

171 5241 226 5320 qui
242 5241 338 5304 dehet
352 5243 490 5320 capillos
512 5244 641 5318 radere,
658 5245 754 5317 idest,
779 5260 885 5306 vanas
908 5259 967 5305 co-

169 5338 348 5417 gitationes
363 5342 546 5416 amputare.
566 5344 612 5404 De
621 5343 719 5404 tertio
734 5343 771 5403 in
785 5341 848 5404 hoc
862 5357 967 5403 evan·
1061 5340 1124 5407 Qut
1144 5339 1217 5401 osdt
1231 5341 1352 5401 venire
1364 5338 1442 5414 post
1456 5354 1512 5401 me
1525 5338 1668 5415 obstepet
1682 5339 1813 5401 scutet-

169 5438 283 5515 gello:
307 5436 362 5497 ubi
388 5436 469 5499 dicit
494 5436 612 5500 heatus
636 5440 851 5516 augustinus,
878 5438 964 5516 quod
1021 5441 1144 5512 ipsum,
1156 5438 1191 5499 et
1205 5436 1298 5499 todot
1309 5451 1448 5499 crucem
1459 5451 1572 5507 Sttatn,
1595 5436 1629 5497 et
1648 5438 1816 5510 sequetur

170 5550 285 5598 omnes
299 5534 400 5611 capili
413 5535 520 5596 nostri
544 5538 704 5613 quantum
725 5537 767 5600 ad
789 5553 964 5601 resurrec·
1019 5550 1075 5597 me
1087 5533 1218 5614 (blatth.
1236 5549 1328 5606 xxm,
1347 5532 1413 5612 24).

170 5630 295 5695 tionem
311 5630 476 5695 numerati
497 5635 585 5694 eunt.
1060 5634 1165 5709 Hujus
1186 5631 1352 5708 evangelii
1376 5631 1475 5694 lectio
1500 5631 1564 5693 tria
1581 5628 1676 5694 nobis
1691 5630 1814 5695 obser-
