3802 6166
144 224 206 285 aaa
380 234 386 241 ·
537 215 788 279 -nononu
809 215 854 277 ur
875 214 1329 282 ornam-senuerim.
1401 168 1406 185 ⁵
1598 178 1604 183 ’
1733 221 1795 283 224

145 382 209 445 sui.
225 382 313 459 Ergo
326 378 458 462 canmte
470 378 610 441 Domino
624 377 790 441 canticum
807 388 941 450 novum,
996 376 1155 455 guantum
1167 374 1486 457 significatlaudem.
1499 378 1677 457 Unguento
1692 379 1796 458 pedes

12 516 24 537 .
146 481 224 558 quia
242 478 409 542 mirabilia
423 476 502 541 iecit
518 479 721 540 Deus.Tunc
736 475 943 538 norumiecit
997 476 1128 539 Domini
1151 493 1287 555 ungere,
1306 478 1357 539 est
1384 477 1649 541 incarnationem
1669 476 1795 541 Christi

144 578 303 640 Dominus
314 578 348 639 in
364 592 517 654 persona,
532 592 653 637 novum
669 573 747 636 iecit
758 574 794 635 in
809 574 940 645 natura,
996 574 1096 650 digna
1111 574 1209 637 laude
1224 575 1417 652 praedicare.

144 673 942 751 novumtecitingmtia.1npersona;quianovum
1036 671 1208 733 Moraliter
1235 693 1243 732 ε
1273 672 1391 735 civitas
1417 673 1570 748 designat
1596 672 1793 747 Ecclesiam,

146 774 224 837 iecit
237 775 271 835 in
283 774 400 845 matre,
418 788 540 834 norum
551 771 629 832 iecit
643 770 678 831 in
691 769 795 847 prole.
812 770 942 831 Novum
996 768 1117 830 mulier
1130 770 1300 846 peccatrix
1314 769 1495 847 quamlibet
1508 771 1653 832 animam
1669 773 1704 832 in
1720 789 1795 849 pec·

145 871 223 934 fecit
243 872 280 933 in
304 872 421 943 matre,
448 870 526 948 quia
550 868 645 945 virgo
669 867 798 945 peperit
820 867 940 940 virum,
996 867 1079 928 catis
1094 867 1271 940 detentam,
1286 868 1489 930 alabastrum
1500 868 1586 946 quod
1599 884 1705 945 genus
1718 886 1797 931 can-

145 970 241 1032 stella
261 968 526 1047 protulitsolem,
544 966 613 1027 tilia
628 966 779 1042 concepit
801 968 940 1042 patrem,
996 965 1161 1026 didissimi
1194 962 1370 1027 marmoris
1398 967 1464 1038 est,
1495 963 1648 1043 designat
1676 984 1795 1045 puram

144 1070 298 1131 creatura
335 1066 451 1144 genuit
478 1066 691 1139 creatorem
724 1063 877 1125 similiter
907 1064 941 1123 in
996 1065 1258 1126 conversionem.
1276 1064 1397 1126 Mulier
1409 1064 1508 1126 affert
1517 1064 1720 1129 alabastrum
1736 1084 1797 1129 un·

145 1183 248 1227 unum
259 1168 365 1227 mater
379 1167 412 1226 et
424 1164 504 1237 tilia,
518 1162 666 1240 genitrix
680 1162 713 1224 et
722 1162 855 1234 ancilla,
868 1177 942 1238 quae
995 1162 1120 1238 guenti,
1136 1163 1268 1239 quando
1283 1162 1453 1240 peccatrix
1472 1163 1585 1224 anima
1606 1179 1688 1240 pure
1707 1180 1795 1226 con·

145 1280 219 1326 cum
248 1264 439 1340 integritate
468 1260 617 1340 peperit,
650 1276 725 1321 cum
750 1259 942 1337 virginitate
996 1260 1190 1321 vertiturad
1206 1262 1320 1321 Deum.
1335 1260 1440 1322 Pedes
1455 1260 1587 1325 Domini
1602 1261 1796 1338 significant

145 1361 308 1438 concepit.
334 1364 371 1421 ln
397 1361 529 1431 natura,
556 1358 634 1436 quia
658 1373 781 1420 norum
803 1357 881 1419 lecit
905 1357 941 1417 in
996 1358 1139 1419 sanctos.
1167 1358 1288 1419 Mulier
1316 1359 1381 1422 stat
1407 1374 1502 1420 secus
1531 1359 1630 1438 pedes
1657 1360 1791 1431 Christi,

145 1459 251 1535 signo,
265 1473 349 1521 novo
374 1457 452 1518 iecit
474 1457 509 1518 in
524 1455 632 1517 modo.
657 1458 694 1517 In
718 1455 839 1531 gratia,
862 1454 941 1531 quia
995 1455 1126 1533 quando
1143 1456 1254 1517 anima
1275 1457 1445 1534 peccatrix
1459 1456 1608 1519 imitatur
1622 1473 1725 1535 opera
1740 1459 1794 1519 rel

143 1572 265 1617 norum
281 1556 359 1617 iecit
382 1555 416 1615 in
431 1554 575 1625 saedere,
588 1569 710 1614 novum
723 1552 801 1614 lecit
815 1552 850 1613 in
863 1568 941 1613 mu·
995 1553 1149 1630 exempla
1165 1554 1367 1615 sanctorum.
1383 1554 1554 1631 hacrymis
1573 1554 1660 1631 rigat
1678 1555 1791 1632 pedes,

144 1668 237 1725 nere,
252 1653 330 1730 quia
356 1656 444 1714 Deus
462 1651 570 1713 iactus
594 1652 645 1712 est
665 1650 775 1722 homo,
792 1651 829 1712 ut
842 1649 941 1712 homo
995 1650 1127 1728 quando
1145 1651 1352 1713 commendat
1372 1668 1408 1712 se
1429 1651 1635 1713 orationibus
1652 1656 1792 1714 sancto-

144 1750 239 1812 tleret
251 1755 350 1812 Deus.
364 1751 451 1811 Deus
466 1749 507 1810 de
526 1749 609 1811 coelo
624 1749 666 1811 ad
680 1752 790 1811 terras
801 1747 942 1809 descen·
995 1764 1079 1809 rum.
1091 1750 1228 1826 capillis
1238 1749 1308 1810 suis
1318 1749 1429 1825 tergit,
1439 1749 1570 1827 quando
1581 1749 1792 1811 Christianus

144 1848 203 1921 dit,
221 1849 258 1910 ut
271 1847 369 1909 homo
393 1847 434 1909 de
448 1847 548 1909 terris
564 1845 605 1908 ad
621 1847 722 1908 coelos
732 1845 939 1908 ascenderet.
995 1846 1148 1909 subvenit
1162 1846 1414 1910 necessitatibus
1430 1864 1612 1924 pauperum
1633 1847 1674 1909 de
1693 1847 1792 1909 bonis

143 1948 231 2009 Deus
246 1945 353 2008 iactus
365 1945 417 2006 est
430 1960 558 2017 servus,
571 1944 607 2005 ιιι
621 1943 716 2007 fleret
728 1942 827 2006 homo
842 1942 938 2004 liber.
994 1939 1243 2022 temporalibus,
1254 1946 1331 2023 quia
1342 1961 1401 2024 per
1411 1946 1550 2022 capillos
1558 1944 1794 2022 intelliguntur

142 2043 347 2107 Deusiactus
363 2042 413 2105 est
425 2042 588 2115 mortalis,
605 2043 642 2104 ut
653 2042 752 2104 homo
766 2041 862 2103 tieret
875 2041 942 2101 im·
994 2040 1080 2103 bona
1096 2043 1303 2121 temporalia.
1320 2044 1360 2105 at
1378 2043 1464 2104 sicut
1483 2057 1543 2104 nos
1559 2059 1624 2104 non
1641 2043 1793 2104 dolemus

142 2142 304 2204 mortalis.
319 2143 407 2203 Deus
422 2140 529 2202 iactus
556 2144 618 2202 est·
630 2156 767 2218 pauper,
793 2141 830 2202 ut
846 2139 941 2201 tieret
994 2141 1035 2201 de
1053 2140 1217 2203 incisione
1240 2141 1448 2218 capillorum,
1473 2141 1521 2203 ita
1542 2156 1609 2204 non
1632 2140 1793 2202 debemus

143 2241 242 2302 homo
257 2239 361 2302 dives.
391 2239 532 2301 Tantum
547 2241 634 2300 Deus
648 2238 766 2300 dilexit
781 2237 939 2299 mundum
994 2237 1107 2300 dolere
1122 2239 1162 2300 de
1181 2237 1429 2317 temporalibus,
1451 2255 1525 2315 quae
1539 2239 1664 2300 radunt
1679 2240 1713 2301 et
1729 2255 1792 2300 ve-

117 2338 396 2401 ·uttiliumsuum
410 2337 618 2413 unigenitum
629 2336 725 2399 daret
734 2352 793 2414 pro
804 2335 937 2398 mundo.
995 2337 1090 2398 niunt
1109 2337 1318 2400 anormatim.
1336 2337 1511 2398 osculatur
1525 2336 1637 2414 pedes,
1657 2337 1792 2414 quando

140 2440 234 2500 Nam
246 2439 390 2512 proprio
404 2436 473 2508 litto
493 2449 556 2497 sco
571 2450 639 2497 nort
661 2436 817 2510 pepercit
833 2438 937 2507 Deus,
993 2436 1172 2497 veneratur
1194 2436 1228 2497 et
1248 2434 1328 2496 facit
1353 2434 1574 2497 reverentiam
1601 2434 1738 2507 sanctis,
1759 2435 1795 2498 et

141 2537 203 2597 scd
234 2549 300 2608 pro
333 2535 430 2595 noha
468 2535 625 2595 onerabas
661 2533 805 2594 tradidit
845 2537 940 2595 ittam
993 2532 1088 2594 bonis
1105 2533 1309 2595 christianis.

143 2630 252 2710 (Rom.
269 2645 341 2703 v111,
357 2628 425 2709 32).
440 2632 525 2705 Ergo
535 2629 668 2690 cantate
683 2629 822 2690 Domino
838 2630 941 2692 canti·
1034 2630 1112 2691 Tria
1134 2632 1211 2692 sunt
1229 2630 1343 2692 oscula
1360 2651 1367 2691 ε
1384 2630 1526 2707 primum
1541 2631 1582 2692 ad
1598 2630 1711 2708 pedes,
1733 2647 1792 2693 se-

143 2745 217 2791 cum
231 2743 364 2800 novum,
381 2727 460 2804 quia
472 2726 640 2788 mirabilia
655 2726 733 2789 iecit
745 2729 844 2803 Deus3
859 2728 939 2805 qnia
994 2729 1136 2789 cundum
1152 2728 1193 2788 ad
1213 2744 1343 2801 manus,
1361 2729 1497 2791 tertium
1515 2729 1557 2790 ad
1575 2745 1613 2791 os
1635 2730 1789 2792 sumitur.

142 2825 263 2888 mulier
284 2842 358 2903 quae
379 2825 452 2886 orat
475 2825 509 2885 in
530 2824 665 2886 civitate
687 2825 867 2901 peccatrix,
895 2826 937 2887 ad
994 2827 1030 2885 In
1045 2824 1153 2902 primo
1167 2824 1331 2901 accipitur
1344 2825 1496 2886 remissio
1513 2825 1737 2902 peccatorum,
1755 2827 1791 2887 in

143 2940 241 3001 quam
266 2922 419 2985 omnibus
445 2921 578 2999 patebat
591 2937 757 2995 accessus,
779 2924 812 2985 et
827 2923 938 2985 nullus
993 2921 1137 2984 secundo
1155 2938 1276 2983 munus
1290 2922 1461 2991 virtutum,
1478 2922 1513 2984 in
1530 2923 1628 2984 tertio
1643 2923 1791 2999 cognitio

142 3020 331 3100 patiebatur
343 3020 467 3098 abipsa
480 3020 661 3096 repulsum,
675 3020 761 3083 iacta
775 3021 825 3082 est
838 3024 940 3099 Apos-
993 3020 1205 3081 secretorum.
1219 3020 1366 3082 Primum
1382 3021 1433 3082 est
1446 3021 1725 3098 propitiatorium,
1741 3038 1793 3083 se·

140 3119 283 3182 tolorum
309 3119 470 3197 apostola,
494 3133 671 3196 perquam
700 3119 859 3183 Dominus
883 3135 940 3182 re-
993 3118 1135 3179 cundnm
1150 3118 1464 3186 remuneratorium,
1481 3119 1615 3180 tertium
1635 3120 1790 3181 contem-

141 3217 604 3293 surrectionissuaegaudium
616 3216 785 3294 apostolis
800 3217 939 3280 nuntia-
992 3215 1181 3294 platorium.
1202 3216 1379 3278 osculatur
1399 3217 1499 3293 pedes
1519 3216 1576 3293 qui
1595 3217 1730 3280 reniam
1749 3218 1791 3280 de

139 3315 199 3377 vit.
216 3316 378 3377 Ettamen
391 3315 528 3377 dimissa
541 3314 659 3377 suntsi
670 3314 807 3392 peccata
817 3316 936 3388 multa,
992 3314 1136 3393 peccatis
1151 3314 1349 3391 assequitur,
1362 3314 1448 3376 sicut
1459 3313 1557 3376 beata
1572 3314 1680 3376 Maria
1695 3317 1793 3392 Mag-

141 3414 299 3493 quoniam
312 3413 431 3475 dilexit
445 3414 597 3474 multum.
991 3411 1123 3484 dalena,
1140 3426 1213 3489 quae
1232 3412 1386 3473 assecuta
1409 3412 1459 3473 est
1470 3412 1611 3488 gratiam
1628 3427 1648 3473 a
1663 3414 1743 3485 Deo,
1759 3414 1795 3477 et

180 3514 308 3573 Muttcr
333 3511 449 3573 attulit
472 3512 686 3573 monestrum
712 3513 881 3588 urrpucatt
904 3513 937 3575 et
991 3510 1078 3572 sicut
1102 3525 1217 3571 servus
1241 3509 1295 3571 oui
1318 3508 1354 3570 at
1375 3525 1394 3569 a
1418 3508 1558 3572 Domino
1580 3509 1791 3586 indulgentia

139 3609 244 3671 teremit
253 3612 357 3683 pedes
369 3611 509 3671 Domini
521 3607 616 3687 (Luc.
632 3624 691 3681 mr,
708 3608 775 3688 37).
793 3608 937 3670 Alabas·
991 3608 1133 3685 alicujus
1148 3606 1296 3679 offensae,
1308 3606 1349 3668 ad
1363 3606 1463 3684 pedes
1476 3607 1626 3669 inclinat.
1640 3610 1710 3669 Hos
1725 3625 1790 3686 pe-

140 3706 229 3768 trum
266 3707 317 3767 est
349 3721 454 3781 genus
481 3705 709 3768 candidissimi
735 3706 934 3779 marmoris,
991 3706 1049 3767 des
1064 3705 1171 3767 tidelis
1185 3705 1367 3777 osculatur,
1384 3705 1461 3765 dum
1477 3721 1513 3765 se
1527 3721 1621 3767 reum
1632 3706 1792 3783 iudicans

139 3802 243 3864 variis
259 3801 425 3864 coloribus
449 3802 592 3874 intincti,
618 3802 704 3880 quod
720 3803 833 3864 cavari
853 3804 937 3866 solet
991 3805 1024 3865 et
1037 3802 1197 3864 contitens
1212 3818 1272 3880 per
1288 3802 1553 3864 misericordiam
1569 3803 1639 3872 Dei,
1655 3804 1791 3866 reniam

139 3898 181 3961 ad
208 3915 290 3961 vasa
315 3899 556 3976 unguentaria,
586 3900 620 3960 et
642 3898 810 3976 siguificat
838 3901 936 3962 iidem
990 3901 1031 3962 de
1046 3900 1191 3978 peccatis
1212 3901 1414 3976 assequitur,
1430 3900 1507 3962 inde
1529 3901 1571 3963 ad
1593 3917 1712 3963 manus
1732 3918 1793 3965 ac-

139 3997 299 4073 gentium,
317 4013 390 4075 quae
406 3997 469 4058 luit
482 4011 566 4075 pura
579 3998 613 4059 et
637 3996 762 4061 munda
783 3998 817 4059 et
832 3999 936 4060 variis
990 3999 1087 4070 cedit,
1107 4013 1183 4059 nam
1199 3992 1374 4059 manns'ad
1394 4014 1496 4075 opera
1517 3999 1695 4076 pertinent.
1719 4002 1789 4061 ilas

138 4093 318 4157 virtutibus
343 4094 516 4157 adornata.
533 4097 598 4157 Per
617 4094 718 4171 pedes
734 4096 867 4157 Domini
882 4097 937 4158 in·
990 4095 1159 4157 osculetur
1172 4094 1250 4156 dum
1265 4095 1406 4172 suscipit
1420 4111 1439 4156 a
1452 4099 1520 4158 Deo
1534 4097 1652 4172 gratiae
1669 4114 1791 4160 munus

137 4192 301 4269 telligitur
321 4193 514 4271 mysterium
532 4194 787 4256 incarnationis.
813 4194 935 4257 Mulier
989 4210 1053 4269 quo
1076 4193 1160 4255 bene
1180 4195 1345 4269 operetur,
1373 4193 1613 4255 abrenuntians
1634 4195 1792 4272 volupta-

138 4289 309 4369 peccatrix
330 4291 421 4352 stetit
445 4306 541 4353 secus
565 4291 664 4369 pedes
693 4294 776 4370 ejus,
803 4293 934 4370 quando
989 4290 1076 4353 tibus
1091 4292 1124 4352 et
1133 4290 1308 4353 desideriis
1324 4290 1526 4365 carnalibus,
1537 4292 1583 4364 ut,
1594 4292 1681 4355 sicut
1696 4294 1790 4355 exbi-

138 4387 351 4464 congregatio
362 4388 510 4464 gentium
521 4388 663 4450 credidit
682 4390 756 4466 post
772 4389 933 4451 incarna-
988 4387 1059 4451 buit
1081 4387 1228 4450 membra
1244 4405 1304 4450 sua
1319 4389 1537 4451 immunditiae
1553 4392 1586 4452 et
1601 4389 1788 4468 iniquitati,

136 4486 261 4549 tionem
281 4489 364 4564 ejus.
399 4488 580 4563 Lacrymae,
602 4486 688 4551 sicut
712 4486 793 4549 dicit
817 4486 934 4549 beatus
987 4486 1033 4548 ita
1057 4503 1145 4548 nune
1165 4486 1322 4549 exhibeat
1338 4488 1478 4565 justitiae
1501 4489 1534 4550 et
1553 4489 1727 4551 munditiae
1747 4490 1789 4550 ad

138 4583 329 4661 Gregorius,
347 4583 425 4644 sunt
439 4582 529 4644 intus
545 4584 578 4645 et
592 4585 716 4645 exeunt
741 4582 834 4643 ioris.
855 4586 933 4645 Mu·
988 4585 1295 4646 sanctificationem.
1327 4587 1446 4645 Manus
1480 4586 1590 4647 dantis
1619 4586 1791 4649 osculatur

137 4684 201 4746 lier
212 4683 334 4760 rigavit
346 4681 503 4760 lacrymis
518 4681 619 4759 pedes
634 4680 776 4755 Domini,
802 4681 933 4759 quando
988 4681 1044 4758 qui
1066 4681 1199 4758 aliquod
1222 4697 1342 4742 munus
1365 4682 1504 4759 suscipit
1527 4683 1579 4744 vel
1599 4684 1655 4760 qui
1677 4685 1787 4746 otlert.

137 4781 351 4858 congregatio
362 4780 510 4857 gentium
520 4778 621 4842 etiam
632 4779 828 4855 sanguinem
837 4795 932 4840 suum
988 4781 1036 4840 lta
1048 4778 1154 4839 tidelis
1165 4779 1220 4856 qui
1232 4794 1268 4839 se
1277 4777 1415 4840 Devovet
1425 4782 1457 4841 et
1471 4781 1788 4858 mancipatserritio

136 4878 220 4942 indit
236 4896 295 4957 pro
308 4879 449 4941 Christo.
464 4877 584 4955 Capilli
606 4877 724 4954 capitis
739 4878 817 4940 suat
838 4877 934 4954 cogi-
987 4877 1058 4947 Dei,
1076 4892 1209 4937 manum
1231 4875 1353 4937 dicitur
1372 4876 1529 4938 osculari.
1547 4879 1704 4940 Osculum
1720 4881 1789 4944 oris

136 4977 280 5039 tationes
320 4977 452 5040 mentis.
491 4976 597 5038 Pedes
633 4975 764 5053 capillis
801 4974 933 5052 tergere
986 4973 1165 5044 desiderat,
1193 4973 1290 5044 idest,
1318 4973 1426 5050 ipsum
1454 4975 1673 5052 contemplari
1698 4977 1791 5040 desi-

135 5075 187 5137 est
200 5072 396 5135 munditiam
416 5072 659 5135 incarnationis
679 5070 801 5135 Christi
823 5075 932 5133 mente
985 5071 1092 5143 derat,
1110 5073 1208 5148 cujus¹
1225 5070 1432 5133 dulcedinem
1450 5075 1521 5150 jam
1544 5074 1788 5152 aliquantulum

135 5171 294 5247 cogitare.
324 5169 439 5233 Solent
463 5168 552 5231 enim
576 5168 722 5231 tersione
744 5167 859 5229 sordes
874 5168 934 5230 de-
987 5169 1211 5246 praegustavit,
1229 5168 1286 5229 sed
1309 5169 1564 5248 contemplando
1586 5172 1724 5235 anhelat
1745 5174 1787 5235 ad

135 5267 209 5331 leri.
226 5266 380 5328 Osculum
393 5265 585 5342 estsignum
598 5264 797 5328 dilectionis.
811 5265 932 5326 Mulier
986 5267 1182 5328 suavitatem
1198 5265 1231 5328 et
1249 5267 1407 5343 gandium
1426 5268 1579 5331 visionis.
1597 5271 1700 5347 Ungit
1719 5288 1787 5332 un-

134 5365 350 5429 osculabatur
379 5363 479 5442 pedes
507 5362 656 5437 Domini,
684 5362 815 5441 quando
848 5378 931 5424 con·
985 5364 1119 5439 guento,
1140 5363 1272 5442 quando
1286 5364 1474 5429 humilitate
1495 5369 1528 5430 et
1543 5367 1720 5431 devotione
1736 5369 1788 5430 di-

134 5465 284 5543 gregatio
312 5463 460 5542 gentium
481 5459 640 5538 diligebat
663 5460 929 5523 incarnationem
985 5460 1059 5537 ligii
1078 5463 1212 5525 sanctos
1229 5464 1393 5542 etjustos,
1419 5465 1492 5544 pios
1507 5465 1541 5528 et
1561 5467 1740 5543 religiosos
1755 5469 1790 5530 et

135 5557 926 5641 Christi,perquamliberateestapeccatls.Un·
985 5559 1138 5623 timentes
1152 5564 1267 5623 Deum.
