3802 6166
131 319 174 382 57
521 317 576 380 ui.
597 344 639 365 ··
659 317 705 383 IN
725 314 1024 379 assuueuioa’n
1044 316 1197 377 BEATAE
1217 316 1382 379 MARIAE..
1739 322 1780 383 78

132 476 238 541 rubeo
256 477 379 541 colore.
398 475 490 540 Unde
507 477 674 556 sapientes
695 476 794 556 hujus
816 476 932 540 mundi
984 482 1091 554 penest
1103 479 1232 539 Aurora
1249 476 1392 557 pectoris
1407 477 1457 539 est
1471 492 1590 540 serena
1605 478 1782 541 conscien-

132 576 261 639 rultum
271 593 402 639 aurorae
413 593 545 639 roseum
557 578 801 655 nuncuparunt.
817 576 932 655 Splen·
986 574 1044 645 tia,
1056 575 1126 637 sira
1140 574 1273 637 initium
1286 574 1417 651 gratim,
1429 576 1527 653 iuxta
1539 575 1620 637 illud
1633 576 1778 638 Psalmi:

132 674 214 737 dors
229 674 332 737 rubeo
347 675 508 737 colorauit
522 675 653 748 coelum,
670 676 704 737 et
724 676 813 738 roris
830 674 932 737 stilli-
987 678 1035 735 Tu
1045 675 1282 748 fabricatuses
1294 688 1462 735 antrorum
1474 674 1509 735 et
1519 679 1625 736 solem
1639 672 1708 754 (Ps.
1728 677 1778 748 73,

134 772 233 835 cidiis
256 771 442 850 superfudit
464 772 576 835 orbam
602 773 778 835 terrarum.
806 773 930 834 Goelum
986 769 1050 850 io),
1074 770 1206 832 initium
1225 770 1364 843 scilicet,
1391 770 1777 849 etpersectionem.h11·

133 870 304 947 significat
323 871 516 944 Ecclesiam,
532 886 571 932 eo
586 871 672 949 quod
689 871 724 932 in
740 869 930 933 coelestibus
985 885 1062 931 rora
1082 869 1158 931 coeli
1183 870 1234 931 est
1248 869 1396 945 gloriosa
1414 869 1518 947 Virgo
1541 871 1664 944 Maria,
1681 873 1779 950 juxta
1817 938 1821 953 ,

135 967 180 1030 sit
198 970 271 1046 eius
286 968 505 1041 conversatio,
523 968 706 1031 secundum
729 968 810 1029 illud
823 972 932 1045 Apos-
985 967 1067 1028 illud
1091 966 1180 1029 beati
1205 966 1267 1030 iob
1284 968 1494 1030 :ostendisti
1514 984 1656 1031 eunome
1668 975 1781 1031 locum

136 1066 218 1129 toli:
241 1068 373 1128 Nostra
388 1068 607 1129 coniversotio
626 1069 663 1128 in
684 1069 778 1128 ccctis
792 1067 844 1128 est
867 1063 929 1144 (hd
984 1065 1350 1145 sicuiin(iob.xxxv1n‚
1370 1064 1435 1145 12),
1456 1065 1551 1140 idest,
1573 1067 1704 1144 Virgini
1717 1084 1780 1129 cce·

135 1163 224 1226 Phil.
242 1179 293 1236 ιιι,
309 1162 376 1243 20),
391 1163 444 1225 rel
459 1164 545 1242 quod
568 1165 618 1226 est
636 1165 760 1227 sanctis
780 1163 929 1225 homini·
985 1164 1100 1226 lestem
1112 1165 1265 1241 patriam,
1283 1163 1339 1225 ubi
1352 1164 1497 1228 exaltata
1516 1166 1566 1227 est
1581 1182 1682 1243 super
1694 1165 1779 1227 cho-

134 1260 196 1323 bas
222 1263 391 1340 tamquam
424 1261 590 1323 sideribus
624 1261 800 1324 illustrata.
837 1263 931 1325 Unde
984 1263 1258 1339 rosangelorum.

134 1359 331 1437 Apostolus:
347 1361 485 1423 tuccetis
497 1360 586 1422 :uzei
606 1363 794 1423 inmaturis
812 1363 850 1422 in
870 1365 931 1422 noc
1025 1360 1172 1422 Primam
1186 1376 1342 1422 auroram
1356 1360 1507 1438 sequitur
1520 1360 1592 1423 dies
1605 1360 1777 1440 temporis,

134 1460 262 1519 naundo
274 1460 418 1519 uerbum
428 1459 510 1519 vitm
520 1458 734 1521 continentes
742 1454 850 1536 (ldn,
864 1456 928 1537 15).
984 1458 1025 1519 de
1046 1474 1112 1536 qus
1132 1458 1168 1520 in
1191 1458 1313 1520 Genesi
1339 1457 1461 1520 dicitur
1474 1479 1482 1518 :
1496 1459 1708 1534 Factumque
1726 1461 1779 1523 esi

135 1556 232 1618 color
247 1555 369 1617 rubeus
379 1555 547 1631 significat
558 1555 710 1633 martyrii
727 1555 928 1634 passionem.
984 1572 1127 1633 vespere
1140 1558 1175 1619 et
1188 1571 1292 1618 maiae
1305 1559 1379 1618 dies
1396 1571 1486 1617 unm
1503 1552 1600 1635 (Gen.
1616 1573 1640 1629 ι,
1655 1556 1701 1637 5).
1717 1561 1780 1619 Se-

135 1655 238 1732 lgitur
256 1670 380 1715 aurora
398 1653 670 1715 coronatoelum
690 1654 792 1715 rubeo
816 1653 929 1731 splen·
984 1656 1125 1716 cundam
1148 1671 1306 1716 auroram
1331 1654 1365 1715 et
1387 1653 1545 1731 praecedit
1568 1654 1602 1716 et
1628 1656 1779 1735 sequitur

134 1752 225 1825 dore,
241 1752 329 1830 quod
342 1755 446 1814 Beata
467 1752 574 1813 Maria
588 1750 734 1814 illustrat
749 1751 929 1813 Ecclesiam
984 1754 1055 1816 dies
1066 1751 1330 1825 illuminationis,
1346 1751 1441 1825 idest,
1459 1752 1530 1830 ipse
1545 1753 1706 1826 Christus,
1721 1754 1779 1832 qui

134 1851 286 1928 martyrii
301 1850 468 1928 passione.
486 1849 580 1913 Unde
595 1850 728 1912 Simeon
742 1849 784 1911 ad
800 1849 927 1927 ipsam:
983 1851 1152 1915 illuminat
1178 1866 1310 1912 omnem
1334 1849 1502 1911 hominem
1525 1851 1714 1914 uenientem
1743 1852 1779 1915 in

134 1952 241 2011 iliam
257 1951 366 2024 ipsiius
377 1950 534 2009 animam
543 1949 773 2022 pertransibit
781 1950 927 2026 pmdins.
984 1951 1072 2012 bunc
1087 1950 1256 2011 mundum.
1279 1947 1371 2010 Unde
1396 1947 1432 2009 in
1447 1949 1628 2026 Evangelio
1643 1966 1780 2028 compa-

133 2047 205 2108 Non
218 2045 360 2122 legimus
377 2045 462 2123 quod
478 2048 581 2107 Beata
600 2046 707 2107 Maria
723 2047 929 2123 corporalem
983 2050 1035 2110 rat
1062 2064 1098 2108 se
1113 2046 1181 2107 diei
1196 2046 1309 2107 dicens
1324 2066 1332 2105 :
1345 2048 1470 2108 Nmme
1485 2048 1663 2109 duodecim
1682 2051 1780 2111 horu:
1897 2076 1900 2085 ·

132 2160 192 2221 pro
208 2143 340 2206 Christo
359 2143 556 2205 sustinuerit
575 2143 782 2220 passionem:
807 2144 864 2206 sed
887 2159 930 2206 ex
982 2146 1064 2207 suist
1074 2148 1181 2207 diet...
1198 2143 1309 2225 (ioan.
1322 2158 1371 2215 x1,
1390 2140 1437 2223 9).
1458 2144 1531 2220 ipse
1546 2144 1597 2207 est
1611 2145 1699 2206 enirn
1714 2162 1777 2207 co-

124 2257 171 2304 eo
184 2241 328 2318 gloriam
347 2241 499 2318 martyrii
514 2242 696 2317 promeruit
708 2244 741 2305 et
754 2242 926 2314 honorem,
983 2243 1095 2304 lumna
1109 2241 1197 2319 ignis
1218 2241 1252 2304 et
1265 2241 1363 2302 nubis
1378 2257 1452 2320 quae
1469 2241 1678 2321 precedebat
1689 2242 1777 2323 tilios

121 2339 217 2418 quod
233 2339 350 2401 ridens
364 2338 470 2400 tilium
484 2338 520 2400 ln
533 2355 632 2401 cruce
644 2339 840 2416 pendentem
856 2355 930 2400 ma·
984 2341 1087 2403 israel
1114 2341 1232 2402 contra
1266 2340 1383 2401 aestum
1411 2340 1445 2401 et
1472 2341 1589 2401 contra
1607 2326 1776 2403 tenebras.

121 2437 183 2513 gis
197 2435 272 2514 ipsa
295 2436 329 2497 in
344 2441 454 2498 mente
470 2452 569 2514 passa
586 2437 647 2499 est.
667 2437 928 2512 Significativaa
982 2437 1128 2501 Tertiam
1146 2452 1303 2499 auroram
1324 2435 1502 2499 comitatur
1523 2436 1596 2499 dies
1609 2437 1778 2515 iustihca-

118 2535 278 2607 nomine,
299 2533 385 2612 quod
404 2549 527 2595 aurora
542 2534 665 2596 dicitur
681 2534 777 2612 quasi
803 2551 928 2611 augens
982 2536 1094 2609 tionis,
1118 2535 1158 2597 de
1177 2551 1243 2613 quo
1266 2533 1443 2613 Apostolus
1462 2533 1510 2596 ait
1526 2556 1534 2595 :
1550 2535 1646 2597 Sicut
1669 2539 1706 2599 in
1721 2539 1776 2599 dte

120 2648 255 2695 xorem.
271 2634 373 2694 Beata
386 2631 569 2693 Mariaiuit
582 2647 716 2704 aurora,
730 2633 930 2709 quodauxe·
981 2634 1121 2698 lionaeste
1148 2636 1361 2695 ainmdemus
1385 2629 1453 2712 (dd
1481 2633 1575 2695 Rom.
1596 2648 1676 2706 xrn,
1707 2631 1776 2713 13).

117 2731 174 2793 rit
187 2745 299 2792 rorem
309 2730 426 2806 gratim
440 2729 474 2791 iu
484 2730 554 2791 tota
563 2730 729 2791 terrarum
739 2728 926 2792 latitudine.
982 2733 1140 2805 Quartam
1159 2745 1315 2792 auroram
1330 2731 1364 2791 et
1379 2729 1557 2792 comitatur
1571 2730 1605 2791 et
1626 2731 1779 2809 sequitur

119 2827 227 2891 Ilnde
246 2843 321 2889 cum
340 2827 481 2890 dixisset
494 2826 597 2888 David
617 2848 625 2887 :
645 2828 826 2889 Descendit
839 2829 929 2891 sicut
982 2830 1053 2891 dies
1068 2828 1278 2902 aeternitatis,
1294 2828 1336 2889 de
1351 2843 1416 2907 quo
1435 2827 1470 2888 in
1494 2828 1675 2905 Evangelio
1693 2829 1780 2891 dici-

118 2928 249 3002 pluuia
266 2928 303 2986 in
317 2930 425 2987 vellus
439 2922 509 3004 (Ps.
527 2925 577 2997 71,
594 2922 641 3004 6),
657 2924 770 2987 statim
789 2925 929 3003 subJun-
981 2930 1036 2990 tur
1057 2949 1066 2989 :
1087 2931 1131 2990 in
1154 2929 1210 2990 dte
1237 2930 1295 2989 iliu
1317 2940 1388 2988 iton
1413 2940 1470 2988 me
1492 2927 1658 3013 repetitis
1682 2930 1778 3002 quid

123 3022 203 3085 xit:
232 3023 280 3086 nt
314 3023 404 3087 sicut
427 3023 599 3084 stillicidia
623 3023 790 3084 stillantia
820 3039 928 3099 suuper
981 3041 1085 3103 quam
1107 3022 1217 3103 (ioan.
1241 3039 1313 3096 xvi,
1335 3022 1403 3104 23).
1424 3024 1461 3085 in
1476 3023 1584 3101 prima
1598 3040 1719 3087 aurora
1736 3024 1776 3088 de

130 3121 268 3184 unuin
294 3117 488 3200 (Ps.1bid.)
515 3119 612 3181 Prius
638 3120 727 3181 enim
757 3120 928 3183 descendit
981 3123 1066 3186 lecto
1083 3122 1342 3199 adoperandum
1356 3122 1564 3199 properatur.
1580 3123 1776 3185 insecundo

131 3217 243 3294 pluvia
256 3219 291 3280 in
302 3218 438 3288 vellere,
450 3217 546 3291 idest,
562 3218 730 3295 plenitudo
743 3218 926 3282 divinitatis
980 3237 1060 3283 arca
1088 3222 1160 3282 Noe
1188 3219 1348 3281 divinitus
1382 3218 1578 3282 fabricatur.
1608 3222 1646 3282 in
1676 3221 1776 3284 tertia

136 3316 295 3393 agranis
309 3316 345 3378 in
360 3315 479 3389 Maria,
496 3317 528 3378 ot
538 3317 650 3394 priora
665 3332 725 3393 per
736 3316 842 3395 ipsam
854 3334 927 3394 gra-
981 3321 1079 3383 homo
1090 3319 1131 3381 ad
1142 3317 1320 3395 imaginem
1335 3319 1371 3379 et
1383 3317 1636 3380 similitudinem
1650 3319 1709 3381 Dei
1720 3336 1777 3383 re-

137 3413 186 3477 tiae
207 3413 380 3477 stillicidia
407 3414 441 3475 in
468 3415 536 3477 toto
555 3416 721 3476 terrarum
744 3415 824 3478 orbe
848 3420 926 3480 sunt
981 3417 1152 3480 formatur.
1180 3418 1218 3477 In
1241 3415 1360 3494 quarta
1387 3415 1486 3478 stella
1514 3417 1616 3479 maris
1641 3416 1677 3478 in
1691 3418 1782 3481 coelo·

138 3512 265 3576 diffusa.
294 3512 377 3574 item
405 3528 528 3575 aurora
550 3511 672 3574 dicitur
692 3512 788 3589 qnasi
813 3514 925 3576 avium
980 3515 1241 3594 splendificatur.

139 3625 200 3682 ore,
216 3610 304 3689 quod
333 3611 412 3673 tunc
429 3609 560 3672 dulcior
579 3610 613 3673 et
633 3610 769 3673 suavior
787 3611 824 3674 tlt
840 3629 925 3675 con·
1022 3612 1134 3675 Prima
1160 3626 1283 3672 aurora
1315 3609 1424 3672 oritirr
1448 3609 1490 3671 ab
1508 3609 1654 3683 Oriente,
1677 3614 1777 3690 juxta

138 3709 380 3773 centusavium.
979 3710 1061 3772 illud
1077 3708 1445 3787 Evangelicum:i'otde
1457 3722 1561 3770 niune
1574 3713 1778 3772 unusubbu-

169 3810 258 3871 Ares
288 3808 367 3870 sunt
390 3805 575 3885 prophetae:
605 3806 786 3868 concentus
813 3806 926 3870 arium
981 3810 1097 3871 tonum
1111 3805 1313 3870 veniuntne
1326 3806 1598 3879 monumentum,
1614 3808 1777 3881 ortojam

137 3905 207 3967 :unt
221 3905 392 3984 preconia
406 3904 652 3983 prophetarum.
668 3904 812 3966 Proinde
824 3907 926 3968 Beata
979 3909 1049 3968 soie
1062 3903 1181 3985 (Marc.
1195 3918 1266 3977 xvi,
1282 3901 1328 3982 2).
1353 3902 1447 3965 Unde
1464 3901 1595 3966 scilicet
1614 3907 1687 3967 orta
1701 3904 1777 3969 sue·

138 4003 237 4065 liaris
260 4002 385 4067 dicitur
411 4018 555 4075 aurora,
575 4001 678 4075 idest,
706 4001 818 4064 avium
846 4019 924 4078 ora,
981 4004 1033 4065 rat
1044 4017 1178 4064 aurora.
1192 4000 1344 4063 Secunda
1354 3999 1463 4061 oritur
1473 3999 1514 4061 de
1526 3999 1630 4064 latere
1640 4003 1774 4067 Christi.
1863 3990 1867 4003 '

136 4101 215 4178 quod
248 4101 361 4163 omnia
391 4098 628 4178 prophetarum
659 4101 827 4178 praeconia
853 4104 926 4180 ejus
980 4100 1066 4163 Nam
1089 4100 1177 4162 sicut
1209 4098 1289 4161 olim
1317 4097 1409 4160 misit
1435 4099 1523 4160 Deus
1551 4114 1704 4177 soporem
1741 4101 1777 4164 in

136 4198 280 4277 empore
300 4198 378 4261 sunt
404 4196 578 4276 completa.
601 4198 702 4260 Recte
716 4197 819 4273 igitur
841 4198 927 4262 dici·
979 4199 1096 4271 Adam,
1108 4199 1142 4260 et
1154 4197 1231 4260 tulit
1250 4212 1350 4258 unam
1364 4197 1406 4257 de
1420 4196 1522 4259 costis
1541 4199 1624 4275 ejus,
1645 4198 1776 4261 etaedi-

136 4297 195 4371 tur,
208 4299 311 4373 quan
324 4309 458 4359 curma
472 4308 696 4372 concernens,
712 4296 799 4372 quod
817 4297 927 4360 mente
981 4296 1093 4359 dcavit
1113 4311 1188 4357 eam
1210 4294 1247 4357 in
1271 4294 1466 4367 mulierem,
1491 4295 1539 4357 ita
1557 4296 1591 4357 et
1615 4295 1651 4357 in
1676 4312 1776 4359 cruce

136 4392 342 4458 eldesiderio
358 4408 490 4471 semper
502 4392 746 4456 conscendebat
760 4394 795 4455 in
810 4395 924 4469 altum,
979 4411 1066 4456 unus
1087 4391 1229 4454 miiitum
1253 4390 1371 4453 lancea
1397 4391 1485 4453 latus
1506 4395 1579 4471 ejus
1598 4393 1730 4471 aperuit
1743 4397 1778 4457 et

136 4492 250 4572 atejus
264 4491 335 4554 rita
348 4490 637 4568 inelytacunctam
658 4489 803 4554 illustrat
818 4492 928 4554 Eccle·
980 4491 1085 4553 exivit
1105 4488 1242 4566 sanguis
1256 4490 1290 4550 et
1312 4504 1418 4567 aqua:
1441 4504 1484 4550 ex
1509 4490 1628 4567 quibus
1655 4493 1777 4553 Sacra-

137 4590 227 4652 siam.
248 4588 352 4663 Quasi
369 4604 494 4651 aurora
515 4588 728 4651 consurrexit
749 4589 786 4651 in
809 4591 924 4664 altum,
980 4589 1101 4651 mentis
1113 4586 1187 4650 orta
1200 4586 1538 4649 estacclesianertia
1553 4588 1693 4649 oritura
1708 4590 1776 4651 Deo

135 4687 262 4764 mando
294 4685 385 4749 dedit
408 4685 498 4749 nocti
532 4685 728 4759 terminum,
760 4686 826 4749 diei
864 4688 927 4749 ini·
981 4688 1090 4760 Patre,
1105 4685 1192 4747 unde
1206 4683 1646 4761 iacobinilpistola20mne
1655 4686 1777 4749 (iatum

137 4784 225 4847 tium.
980 4786 1149 4861 optimum
1168 4782 1204 4847 et
1223 4797 1324 4845 omne
1346 4785 1474 4845 donum
1492 4782 1688 4857 perfectum
1712 4786 1777 4846 de-

172 4884 254 4946 ltem
267 4896 392 4945 aurora
405 4880 583 4959 multiplex
595 4882 648 4944 est
662 4902 670 4943 :
686 4882 744 4943 list
762 4883 851 4944 enim
870 4898 927 4944 au·
979 4898 1123 4945 sursum
1136 4881 1189 4943 est
1207 4883 1413 4943 descendens
1433 4892 1457 4940 o
1476 4878 1587 4941 Patre
1606 4883 1779 4945 lunnnum

138 4994 208 5041 rora
222 4979 395 5057 temporis,
409 4993 534 5041 aurora
550 4979 677 5051 mundi,
699 4995 822 5041 aurora
843 4997 925 5059 pec·
981 4977 1110 5059 (iacob.
1125 4993 1150 5047 1,
1166 4975 1230 5056 17).
1251 4974 1343 5049 Quod
1361 4997 1369 5037 ε
1387 4977 1510 5038 Ouinio
1527 4990 1634 5051 opero
1656 4980 1779 5043 nostra

138 5075 225 5150 toris,
241 5091 366 5139 aurora
379 5075 470 5139 coeli.
480 5078 611 5139 Aurora
627 5076 786 5154 temporis
807 5078 868 5151 est,
885 5077 926 5139 de
981 5076 1144 5152 operans
1166 5075 1217 5136 est
1236 5076 1332 5135 nobis
1357 5076 1450 5135 vetis
1471 5070 1557 5153 (iob.
1572 5074 1775 5157 xxx111,29).

139 5188 197 5250 qus
224 5174 262 5237 in
289 5173 412 5236 Genesi
439 5172 525 5237 dixit
558 5173 698 5250 angdus
727 5174 770 5235 ad
796 5175 924 5238 iacob:
981 5176 1020 5237 Et
1038 5173 1111 5251 ipse
1132 5171 1233 5233 etiam
1256 5170 1365 5248 inquit
1389 5186 1449 5249 per
1468 5171 1588 5233 isaiam
1610 5176 1778 5237 :Omnem

138 5272 276 5335 dimitte
311 5286 368 5333 nte
394 5272 477 5346 quta
505 5273 585 5345 jam
614 5271 767 5334 ascendit
793 5287 927 5335 eurora
980 5273 1103 5347 tntum
1117 5285 1179 5348 epo
1186 5271 1251 5344 sect
1265 5267 1357 5347 (isai.
1371 5284 1451 5340 nvn,
1466 5268 1530 5349 16).
1542 5271 1780 5343 Quartaoritur

140 5366 230 5447 (den.
251 5384 362 5441 xxx11,
376 5367 446 5448 26).
459 5372 589 5431 Aurora
608 5368 722 5430 mundi
746 5372 798 5433 est
811 5371 928 5433 Eccle-
981 5372 1022 5432 de
1043 5369 1147 5446 stirpe
1168 5367 1271 5429 David
1292 5368 1389 5445 juxta
1413 5366 1494 5428 illud
1523 5369 1777 5446 euangelicum:

140 5467 197 5537 sia,
220 5484 295 5547 quoe
312 5468 482 5544 tamquam
497 5467 588 5528 sidus
603 5466 773 5543 singulare
786 5467 929 5546 refulget
981 5467 1140 5531 Ascendit
1154 5465 1272 5528 autem
1292 5466 1326 5527 et
1343 5469 1467 5542 ioseph
1486 5469 1524 5527 tn
1537 5466 1723 5541 Bethleem,
1740 5469 1779 5530 nt

137 5562 316 5627 morundo.
333 5564 427 5627 Unde
455 5563 510 5625 bic
529 5563 651 5627 dicitur
667 5586 674 5626 :
690 5567 771 5633 oruc
791 5567 843 5628 est
859 5568 928 5629 ista
978 5564 1206 5641 profiteretur
1232 5578 1310 5625 cnm
1338 5566 1457 5625 Marta
1481 5566 1687 5639 despumato
1714 5568 1778 5627 sibi

135 5676 207 5739 mim
234 5662 465 5741 macredine
491 5665 591 5738 eamn
620 5676 753 5727 aurora
782 5676 928 5727 consim-
981 5679 1094 5727 :auore
1108 5663 1328 5740 preminate,
1344 5663 1482 5739 conticui
1504 5662 1594 5723 esset
1614 5664 1656 5723 de
1676 5663 1776 5723 duilio
