3794 6166
100 212 159 326 '55
584 263 760 327 HONORlI
781 264 826 325 111
846 264 995 328 OPERA.
1011 294 1049 309 -
1066 264 1299 329 sandonus.
1727 268 1768 330 56

158 420 274 485 Murus
298 422 465 500 significat
486 423 683 497 castitatem,
709 423 915 486 antemurale
1010 425 1133 487 Hortus
1161 425 1338 488 conclusus
1362 424 1424 487 tuit
1447 424 1483 486 in
1503 424 1682 489 nativitate
1706 424 1770 487 tllii
1809 484 1812 489 .

120 521 228 584 victus
240 521 462 594 sobrietatem,
475 523 578 583 turris
591 521 915 599 humilitatempro-
971 524 1033 596 sui,
1057 523 1144 601 quod
1168 540 1235 585 non
1257 523 1319 585 tuit
1340 525 1507 600 corrupta,
1535 539 1598 585 nec
1621 524 1657 584 iu
1672 524 1773 601 partu

120 619 309 697 pugnacula
327 620 485 681 virtutum
500 621 706 682 varietatem.
732 623 849 681 Murus
865 621 915 681 si·
971 637 1069 698 passa
1094 621 1157 683 tuit
1179 622 1342 696 dolorem3
1371 623 1458 699 quod
1483 622 1579 698 virgo
1604 621 1669 683 tuit
1694 621 1772 683 anta

13 772 17 785 ,
119 717 257 793 gnitlcat
279 718 476 789 castitatem,
503 718 589 795 qnod
611 719 696 779 sicut
720 735 834 778 murus
859 718 917 778 de-
972 722 1113 795 partum,
1128 719 1164 779 in
1177 720 1285 794 partu,
1299 720 1332 780 et
1347 720 1420 797 post
1433 721 1575 795 partum.
1588 720 1693 780 Beata
1704 718 1774 779 Ma·

120 813 226 875 tendit
253 815 424 876 castellum
451 815 491 876 ab
524 816 681 888 inimicia,
708 815 754 876 ita
781 816 917 877 castitas
971 816 1022 877 ria
1038 817 1100 877 tuit
1114 817 1245 891 hortus:
1262 817 1349 894 quod
1362 817 1449 878 sicut
1462 817 1578 877 hortus
1593 816 1775 878 fructificat

119 913 262 989 protegit
276 913 420 973 animam
441 930 460 974 a
482 914 719 975 tentationibus
735 914 918 975 daemonio-
972 915 1007 974 in
1023 914 1136 975 herbis
1150 915 1287 975 etbonis
1303 914 1476 986 fructibus,
1490 914 1536 975 ita
1549 916 1652 975 Beata
1665 913 1774 974 Maria

120 1026 206 1081 rum,
232 1012 265 1072 et
288 1011 329 1072 ab
351 1011 504 1072 omnibus
528 1028 643 1073 eorum
665 1012 808 1083 insidiis,
831 1012 917 1090 quod
972 1028 992 1073 a
1012 1013 1256 1088 suajuventute
1272 1028 1402 1088 semper
1421 1011 1636 1073 fructificavit
1657 1010 1773 1088 inpiis

120 1106 423 1170 daemonesnullum
430 1111 627 1172 intentatum
636 1110 814 1171 dimittunt.
825 1109 918 1171 Unde
972 1109 1128 1186 operibus
1143 1111 1176 1170 et
1190 1110 1302 1170 multis
1319 1108 1509 1170 virtutibus.
1526 1110 1565 1171 Et
1581 1107 1671 1169 sicut
1689 1107 1773 1169 hor·

121 1206 242 1267 Beatus
258 1208 437 1284 Gregorius
450 1231 457 1268 :
470 1226 488 1268 s
503 1209 624 1269 Nullus
639 1209 675 1268 in
687 1208 751 1270 hac
762 1208 831 1268 rita
840 1210 917 1284 jus·
972 1209 1025 1269 tus
1049 1206 1171 1268 colitur
1190 1207 1222 1268 et
1243 1206 1428 1269 custoditur
1446 1205 1488 1267 ab
1509 1205 1701 1279 hortulano,
1726 1205 1775 1268 ita

119 1303 229 1364 torum
243 1306 344 1377 venit,
363 1306 419 1382 qui
434 1322 501 1366 non
515 1305 642 1383 antiqui
658 1305 765 1367 hostis
778 1304 918 1365 insidias
974 1306 1075 1365 Beata
1088 1304 1190 1379 Virgo
1205 1305 1312 1365 Maria
1329 1319 1390 1364 sua
1405 1304 1580 1365 nativitate
1595 1318 1730 1380 semper
1743 1304 1776 1366 et

23 1458 27 1465 ,
120 1416 239 1477 passus
254 1403 307 1463 sit.
325 1420 343 1461 n
359 1404 398 1463 Et
412 1403 569 1464 Salomon
582 1424 589 1463 :
603 1407 681 1477 Fili,
697 1406 861 1464 accedens
875 1405 920 1463 od
974 1403 1048 1463 sine
1063 1401 1309 1463 intermissione
1326 1401 1389 1463 tuit
1402 1401 1567 1463 custodita
1585 1396 1627 1462 ab
1644 1401 1775 1477 angelis

120 1500 326 1560 seruitutem
351 1502 616 1576 Deterrimum
641 1505 797 1562 attineant
823 1500 920 1561 tuom
973 1500 1007 1562 et
1032 1516 1052 1560 a
1082 1499 1207 1577 Spiritu
1239 1500 1371 1561 Sancto,
1403 1502 1450 1560 De
1478 1498 1542 1560 hoo
1570 1498 1669 1561 horto
1695 1497 1777 1560 dicit

119 1597 164 1654 ud
179 1596 405 1658 tentationem
421 1595 536 1677 (Eccli.
556 1613 594 1667 11,
611 1594 655 1677 1).
678 1598 771 1659 Unde
796 1598 828 1658 et
845 1613 920 1658 mu·
974 1598 1079 1659 isaias
1092 1619 1099 1657 :
1112 1601 1196 1659 Eris
1209 1601 1308 1671 otiosi
1319 1598 1441 1659 nortus
1455 1600 1624 1673 irmeneus,
1639 1596 1675 1657 et
1686 1596 1774 1657 sicut

120 1706 178 1751 rus
203 1692 325 1755 dicitur
350 1710 389 1757 eo
415 1696 501 1771 quod
534 1696 673 1757 muniat.
703 1695 920 1771 apertissimo
973 1696 1051 1767 fons
1070 1709 1254 1767 cottonem,
1280 1696 1379 1767 motos
1403 1708 1473 1755 non
1495 1693 1656 1765 deficient
1676 1706 1774 1767 uque

121 1791 258 1853 castitas
278 1792 399 1854 dicitur
413 1811 539 1866 murus,
565 1795 651 1873 quod
671 1794 778 1855 munit
799 1809 919 1870 corpus
975 1789 1032 1871 (ls.
1049 1807 1142 1864 usur,
1158 1790 1222 1870 11).

121 1888 155 1949 et
179 1889 336 1950 animam.
362 1891 402 1952 Et
423 1891 511 1953 siout
535 1908 654 1952 aurum
678 1893 729 1953 est
752 1892 863 1953 carius
887 1894 920 1952 et
1014 1892 1136 1950 Hortus
1159 1890 1307 1965 irriguus
1328 1887 1390 1950 tuit
1404 1887 1507 1950 Beata
1527 1888 1631 1964 Virgo
1654 1886 1773 1958 Maria,

121 1987 300 2062 pretiosius
313 1990 466 2049 omnibus
482 1990 636 2062 metallis,
656 1990 702 2051 ita
715 1991 851 2050 castitas
870 1992 920 2050 est
974 2005 1048 2065 quae
1057 1987 1120 2048 fuit
1130 1988 1269 2062 irrigata
1277 1986 1456 2048 virtutibus
1467 2001 1486 2045 a
1499 1985 1626 2062 Spiritu
1635 1984 1774 2059 Sancto:

120 2084 233 2145 carior
245 2087 278 2147 et
292 2087 459 2164 acceptior
473 2091 541 2149 Deo
559 2088 712 2149 omnibus
728 2087 917 2159 virtutibus,
974 2085 1048 2146 sons
1062 2101 1223 2162 aquarum
1234 2084 1307 2157 tuit,
1322 2084 1408 2161 quod
1422 2083 1508 2145 sicut
1520 2082 1596 2144 tons
1611 2097 1777 2159 aquarum

121 2182 208 2258 quod
222 2183 349 2244 nullum
365 2185 486 2245 bonum
502 2187 552 2247 est
567 2186 738 2263 acceptum
753 2188 832 2257 Deo,
853 2185 919 2244 nisi
974 2184 1075 2245 satiat
1096 2187 1128 2245 et
1151 2182 1329 2257 refrigerat
1352 2196 1492 2259 corpora
1516 2180 1703 2248 hominum,
1729 2178 1777 2241 ita

121 2294 183 2355 per
194 2281 381 2343 castitatem
395 2283 439 2344 sit
451 2284 626 2344 munitum.
973 2283 1075 2343 Beata
1090 2282 1192 2357 Virgo
1205 2279 1312 2341 Maria
1325 2295 1384 2356 per
1399 2278 1567 2340 orationes
1577 2294 1657 2338 suas
1673 2276 1775 2339 satiat

160 2376 339 2438 Castellum
369 2381 479 2442 Beatae
512 2381 628 2443 Mariae
660 2381 723 2442 suit
757 2380 919 2441 munitum
974 2379 1007 2440 et
1019 2379 1195 2454 refrigerat
1207 2378 1336 2438 animas
1351 2378 1572 2453 peccatorum.
1590 2377 1672 2447 Quis
1682 2374 1773 2436 euim

116 2488 212 2534 muro
226 2475 490 2552 inexpugnabili,
505 2479 601 2550 idest,
617 2479 770 2540 castitate
785 2479 918 2554 insupe-
974 2476 1091 2537 devote
1112 2475 1281 2537 invocavit
1301 2490 1385 2547 earn,
1403 2473 1435 2536 et
1448 2490 1514 2535 non
1529 2473 1580 2535 est
1596 2472 1778 2533 exauditus

119 2567 231 2638 rabili,
252 2570 298 2632 ita
313 2573 350 2633 ut
369 2589 540 2650 nunquam
562 2591 697 2634 sensum
719 2577 791 2650 ejus
815 2573 919 2634 libido
974 2572 1015 2632 ab
1035 2574 1093 2632 eal
1108 2575 1181 2648 ipsa
1201 2572 1252 2633 est
1270 2574 1376 2632 mater
1395 2570 1583 2633 dilectionis
1602 2571 1636 2631 et
1651 2569 1778 2631 sancte

120 2666 278 2743 tetigerit,
304 2686 366 2731 nec
384 2672 493 2731 tenuis
511 2672 668 2747 cogitatio
684 2673 827 2732 mentem
842 2671 918 2748 pol·
974 2670 1057 2746 spei.
1074 2672 1113 2730 Et
1130 2669 1312 2730 notandum
1328 2668 1416 2748 quod
1431 2668 1483 2729 bis
1496 2667 1684 2729 nominavit
1697 2667 1781 2728 bor-

121 2763 233 2827 luerit.
251 2768 344 2829 Unde
358 2769 499 2844 legimus
515 2770 550 2830 in
561 2769 701 2830 Genesi:
718 2771 920 2842 Ipsuconte·
973 2769 1043 2828 tum
1055 2767 1262 2843 conclusum;
1277 2768 1364 2845 quod
1375 2767 1454 2829 iecit
1465 2768 1599 2844 propter
1609 2765 1779 2842 duplicem

121 2863 177 2923 ret
190 2866 293 2939 capnt
309 2867 417 2938 tntttn,
432 2869 466 2928 et
481 2868 518 2928 tu
531 2870 750 2928 insidiobetn‘s
764 2873 920 2929 comatico
975 2865 1177 2939 castitatem,
1203 2865 1373 2938 videlicet,
1408 2864 1557 2941 corporis
1583 2864 1616 2925 et
1640 2863 1775 2925 mentis.

123 2963 199 3032 &aas
215 2959 310 3041 (Gen.
326 2979 376 3035 111,
394 2964 458 3044 15).
479 2966 579 3026 Beata
598 2965 699 3040 Virgo
716 2965 823 3025 Maria
841 2981 922 3026 con·
976 2965 1117 3025 castitas
1133 2964 1283 3040 corporis
1296 2964 1345 3024 est
1359 2978 1437 3024 caro
1450 2961 1643 3038 incorrupta
1657 2962 1691 3021 et
1703 2976 1781 3021 oas-

120 3058 215 3121 trivit
235 3061 335 3138 caput
353 3063 531 3139 serpentis,
553 3063 648 3136 idest,
675 3063 920 3138 suggestionem
975 3060 1053 3122 titas
1068 3061 1187 3121 mentis
1203 3062 1262 3128 est,
1281 3059 1310 3119 si
1325 3060 1438 3119 anima
1453 3058 1554 3119 tuerit
1571 3073 1592 3118 a
1609 3072 1781 3118 consensu

121 3155 293 3231 daemonis,
310 3160 397 3237 quod
413 3176 474 3222 nec
488 3162 659 3238 peccatum
672 3161 779 3238 potuit
798 3161 829 3221 ei
842 3160 919 3221 dia·
975 3158 1123 3219 libidinis
1140 3158 1261 3219 aliena.
1282 3158 1428 3234 Utraque
1448 3157 1585 3218 castitas
1605 3171 1780 3216 commen-

120 3250 216 3315 bolus
229 3246 458 3331 suadere'neo
470 3263 541 3337 ejus
553 3259 700 3320 animum
712 3259 754 3320 ad
769 3259 920 3320 delecta·
976 3257 1074 3317 datur
1089 3257 1122 3317 in
1136 3257 1237 3317 Beata
1251 3255 1400 3330 Virgine,
1418 3270 1491 3331 quae
1507 3269 1647 3331 corpore
1662 3252 1696 3314 et
1710 3252 1778 3329 spi·

28 3342 33 3347 ’
121 3349 246 3414 tionem
266 3355 416 3417 illicitam
435 3357 610 3418 inclinare.
626 3357 688 3418 Sed
704 3358 817 3418 tamen
833 3357 920 3417 insi·
976 3355 1043 3416 ritu
1059 3354 1122 3416 tuit
1135 3355 1260 3427 sancta,
1279 3351 1365 3431 quod
1385 3352 1469 3413 nibil
1484 3352 1620 3427 prodest
1636 3366 1778 3412 carnem

123 3447 234 3511 diatus
253 3453 304 3514 est
322 3454 480 3516 calcaneo
502 3459 585 3533 ejus,
603 3455 734 3533 quando
758 3455 793 3515 in
815 3455 921 3516 morte
975 3454 1201 3530 incorruptam
1212 3467 1357 3523 servare,
1372 3451 1406 3511 et
1416 3450 1557 3511 mentem
1568 3453 1629 3526 pe'r
1639 3464 1781 3509 consen·

122 3546 183 3608 tilii
209 3551 261 3610 sui
284 3550 398 3614 dolore
421 3553 587 3631 passionis
609 3552 732 3614 afflicta
756 3554 817 3623 est,
835 3552 923 3614 siout
976 3567 1049 3612 sum
1076 3550 1223 3610 libidinis
1249 3549 1424 3609 inclinare.
1454 3546 1548 3608 Unde
1573 3546 1777 3622 Apostolus:

122 3642 245 3720 legitur
259 3649 294 3708 in
306 3651 506 3725 Evangelio:
525 3655 633 3712 Tuom
644 3654 754 3724 ipsiius
766 3655 922 3712 altimum
975 3652 1104 3711 Mulier
1117 3647 1263 3720 inttnpto
1280 3648 1314 3707 et
1337 3649 1437 3723 uirgo
1454 3644 1580 3722 cogitat
1600 3660 1679 3717 qttae
1696 3644 1782 3706 acret

118 3744 349 3817 pertransibit
360 3749 493 3820 plodite
507 3744 600 3823 (Luc.
614 3762 651 3817 11,
667 3746 734 3826 35).
976 3746 1125 3815 Dornini,
1148 3744 1187 3802 nt
1211 3741 1256 3802 sit
1277 3742 1400 3802 annoto
1419 3753 1564 3815 corpore
1587 3754 1630 3800 uc
1648 3738 1781 3812 spiritu

162 3840 265 3899 Beata
280 3841 388 3901 Maria
409 3843 581 3917 exemplar
599 3843 661 3905 tuit
682 3843 844 3906 castitatis
857 3844 923 3906 vir·
977 3839 1006 3919 (Ι
1019 3843 1093 3902 Cor.
1107 3855 1167 3911 vn,
1184 3837 1250 3917 34).

122 3934 256 4010 ginibus
267 3938 300 3997 et
310 3939 498 4015 conjugatis
511 3939 716 4001 mulieribus,
733 3944 771 4002 ln
782 3958 820 4003 eo
832 3943 921 4003 enim
1015 3937 1228 4000 antemurale
1248 3935 1416 4012 significat
1431 3933 1668 3995 abstinentiam
1685 3933 1782 3995 cibo-

122 4032 209 4109 quod
229 4033 323 4109 virgo
345 4037 474 4111 peperit
490 4036 670 4111 Christum,
694 4039 838 4101 ostendit
851 4040 923 4101 vir·
976 4053 1050 4097 rum
1070 4038 1103 4098 et
1123 4036 1271 4112 potuum,
1289 4033 1375 4110 quod
1400 4032 1486 4094 sicut
1501 4032 1710 4093 antemurale
1727 4032 1782 4094 est

123 4129 257 4204 ginibus
280 4131 514 4194 inaestimabile
541 4135 675 4197 donum.
703 4139 740 4197 ln
769 4153 809 4198 eo
835 4138 921 4215 quod
977 4134 1117 4196 salvatio
1137 4135 1170 4194 et
1187 4131 1347 4211 protectio
1367 4131 1487 4199 turris,
1508 4131 1541 4191 et
1562 4130 1651 4190 muri
1675 4130 1780 4192 totius

123 4224 186 4287 tuit
207 4225 417 4303 desponsata,
446 4230 590 4292 ostendit
608 4233 796 4309 conjugatis
815 4248 835 4293 a
854 4236 921 4294 Deo
977 4233 1089 4304 castri,
1106 4231 1152 4293 ita
1163 4232 1307 4307 parcitas
1321 4230 1354 4289 et
1364 4227 1565 4289 abstinentia
1578 4226 1731 4288 ciborum
1744 4228 1779 4288 et

123 4336 198 4384 esse
218 4323 392 4388 benedicta
416 4329 583 4405 conjugia.
609 4329 702 4391 Unde
724 4331 865 4407 legimus
887 4331 922 4392 in
974 4331 1110 4408 potuum
1122 4329 1218 4390 ornat
1228 4330 1260 4388 et
1270 4327 1413 4403 protegit
1425 4325 1623 4387 castitatem.
1642 4325 1678 4385 Si
1690 4326 1782 4386 enim

123 4421 267 4483 canticis
280 4424 511 4487 cantieorum:
529 4428 666 4488 Hortus
680 4434 857 4490 conclusus
872 4444 920 4502 es,
977 4442 1132 4488 mensura
1152 4427 1187 4486 in
1210 4424 1284 4486 cibo
1305 4427 1338 4485 et
1356 4426 1435 4500 potu
1459 4440 1526 4485 uon
1546 4423 1692 4494 tenetur,
1712 4423 1779 4484 cito

123 4535 226 4582 soror
239 4535 328 4594 uteo,
342 4524 464 4584 nortus
475 4530 654 4586 conclusus
669 4525 778 4605 (Cant.
793 4542 838 4598 ru,
856 4526 918 4606 12).
977 4526 1082 4586 virtus
1096 4523 1257 4585 castitatis
1273 4521 1442 4598 polluitur.
1458 4521 1551 4582 Unde
1565 4520 1687 4582 beatus
1702 4524 1784 4583 Gre-

124 4618 275 4680 Christus
303 4618 485 4696 alloquitur
514 4622 685 4696 Virginem
711 4624 862 4695 Matrem,
890 4626 923 4685 et
978 4622 1091 4698 gorius
1109 4639 1151 4681 :s
1172 4622 1253 4681 Cum
1268 4636 1388 4696 corpus
1405 4619 1440 4679 in
1455 4618 1648 4679 resectionis
1663 4619 1782 4681 deleo-

124 4714 205 4777 dicit
219 4732 291 4777 eam
307 4717 358 4778 bis
374 4733 449 4778 esse
469 4717 602 4802 hortum
617 4720 819 4781 conclusum.
837 4724 924 4782 Hor·
976 4720 1135 4782 tationem
1152 4718 1340 4789 resolvitur,
1363 4732 1441 4778 caro
1456 4716 1523 4777 cito
1542 4716 1584 4776 ad
1604 4715 1781 4778 libidinem

123 4813 177 4873 tus
192 4816 367 4876 conclusus
391 4815 453 4877 tuit
475 4816 510 4876 in
532 4819 748 4894 conceptione
771 4818 833 4878 tilii
858 4820 922 4888 sui,
978 4817 1169 4878 effrenatur.
1183 4833 1201 4875 >›
1217 4817 1256 4876 ut
1267 4814 1425 4876 Dominus
1436 4814 1517 4875 dicit
1529 4813 1564 4873 in
1576 4814 1779 4890 Evangelio:

125 4910 211 4986 quod
229 4928 409 4990 numquam
425 4913 487 4975 fuit
501 4916 639 4991 polluta,
657 4916 713 4976 sed
727 4917 923 4977 annuntiata
977 4915 1151 4976 Attendite
1178 4928 1220 4974 ne
1240 4914 1436 4988 gratentur
1463 4914 1569 4972 cordo
1595 4913 1719 4973 oestro
1744 4916 1782 4973 in

126 5006 190 5067 luit
210 5008 251 5069 ab
269 5010 409 5084 Angelo,
431 5012 516 5073 sicut
535 5014 566 5073 ei
583 5013 687 5073 dixit:
710 5017 797 5074 Ecce
811 5017 925 5074 conci-
978 5017 1119 5086 crapttla
1134 5012 1167 5072 et
1186 5011 1352 5071 ebrietate
1372 5008 1466 5088 (Luc.
1487 5024 1558 5075 xxi,
1583 5009 1651 5089 34).
1671 5012 1782 5082 Quare

123 5109 199 5180 pios
223 5107 256 5168 et
279 5111 399 5181 partos
422 5110 542 5181 titium,
564 5111 597 5170 et
619 5111 795 5171 uocabitur
815 5112 923 5171 Altis·
980 5110 1137 5171 Dorulaus
1158 5107 1298 5168 dixisset
1317 5108 1380 5168 hoo
1398 5107 1548 5178 verbum,
1570 5107 1638 5167 uisi
1658 5108 1784 5169 diffusa

125 5205 207 5264 sinti
227 5204 319 5274 tilitas
341 5202 434 5282 (Luc.
458 5220 481 5277 1,
504 5206 569 5284 31).
596 5207 778 5283 Respondit
800 5207 922 5282 Virgo:
980 5207 1137 5268 comestio
1153 5206 1240 5266 esset
1254 5220 1357 5280 grave
1373 5207 1555 5280 peccatum.

127 5302 297 5366 Qnotnotto
320 5304 380 5374 liet
407 5304 508 5375 istud,
531 5308 694 5377 pilonium
716 5308 834 5365 atrurn
857 5320 925 5366 non
1020 5308 1089 5376 Qua
1108 5304 1141 5364 in
1157 5320 1193 5364 re
1210 5304 1312 5363 Beata
1329 5304 1431 5378 Virgo
1447 5303 1555 5363 Maria
1570 5302 1700 5364 tantam
1716 5304 1787 5365 cibi-

126 5402 309 5475 copnosco?
334 5397 444 5477 (lbid.,
470 5401 537 5479 aa.)
567 5403 607 5461 ut
630 5403 677 5462 ait
702 5402 847 5477 augelus
871 5403 923 5462 ei:
980 5405 1012 5464 et
1027 5405 1121 5478 potus
1133 5402 1240 5462 tonuit
1255 5400 1490 5462 abstinentiam
1504 5402 1537 5462 et
1550 5400 1780 5473 sobrietatem,

128 5498 281 5571 Spiritus
327 5498 473 5559 satietas
507 5501 727 5574 saepto-:annot
771 5504 806 5562 in
841 5501 922 5562 te...
981 5513 1016 5560 ut
1035 5516 1154 5575 corpus
1179 5502 1251 5575 ojus
1274 5499 1433 5559 meruerit
1457 5515 1531 5559 esse
1551 5498 1785 5561 habitaculum

128 5592 238 5672 (lbid.,
252 5595 318 5675 35.)
981 5597 1093 5658 Sancti
1116 5597 1270 5674 spiritua,
1295 5599 1329 5659 et
1343 5597 1444 5659 totius
1466 5596 1639 5658 Trinitatis
1659 5597 1786 5675 hospi*
