3802 6166
105 266 165 331 auu
420 240 428 257 '
539 266 657 329 xxnr.
673 294 714 311 -
728 266 773 327 nv
795 266 1073 330 naorcarrona
1094 268 1318 332 accussrm.
1693 274 1757 337 aro

106 424 251 505 quinon
274 423 441 495 observat.
465 440 526 502 per
549 426 675 488 scalam
698 424 796 489 istam
821 425 900 489 des-
955 427 1048 490 scala
1063 431 1300 506 superterram
1313 428 1554 507 starevidetur,
1566 433 1643 511 quia
1655 450 1752 498 nemo

104 530 227 593 cendit.
955 525 1042 588 banc
1056 526 1181 588 scalam
1196 528 1377 590 ascendere
1391 530 1523 607 poterit,
1545 532 1602 609 qui
1613 533 1650 593 in
1665 547 1755 610 prae-

144 630 274 692 Aliter:
288 631 326 691 ln
340 629 404 691 bac
427 630 518 691 scala
538 630 625 690 varii
649 630 727 691 sunt
748 629 902 691 ordinum
956 624 1042 685 senti
1065 640 1166 701 super
1188 628 1312 687 terram
1327 642 1393 687 non
1409 628 1547 690 steterit.
1566 631 1672 707 Super
1685 632 1761 692 ter-·

104 727 240 803 gradus.
275 726 414 799 Quidam
436 727 642 805 incipientes,
670 728 802 804 quidam
824 743 904 805 pro-
956 736 1027 780 ram
1043 724 1118 793 stat,
1134 724 1265 799 quando
1281 724 1391 785 omnia
1406 725 1538 787 terrena
1563 727 1703 805 despicit
1721 730 1755 790 et

104 825 306 902 gradientes,
334 826 519 903 etquidem
547 825 787 902 pervenientes.
816 825 904 887 lnei-
956 819 1067 878 carnis
1078 819 1244 881 desideria
1256 822 1350 897 fugit.
1365 824 1405 883 ut
1415 822 1460 883 ita
1474 824 1614 899 primam
1630 827 1759 887 terram·-

104 922 234 998 pientes
248 922 282 982 in
295 922 401 997 gradu
417 924 495 983 sunt
511 922 664 992 humiles,
682 921 901 998 progredien-
955 916 1087 989 transit,
1112 918 1291 980 secundam
1314 918 1428 992 vineit,
1446 921 1577 983 tertiam
1598 924 1760 999 acquirit.

104 1022 153 1081 tes
165 1019 200 1079 in
214 1019 320 1095 gradu
330 1020 476 1090 altiores,
490 1019 719 1096 pervenientes
729 1035 810 1081 vero
823 1018 900 1081 sunt
956 1015 1078 1075 Primae
1091 1017 1191 1077 terrae
1205 1014 1291 1078 bona
1306 1016 1457 1095 despicit,
1479 1020 1557 1096 quia
1570 1036 1658 1082 vana
1677 1022 1759 1083 sunt'

103 1116 263 1193 supremi.
280 1117 374 1179 atde
388 1117 461 1179 istis
477 1117 611 1194 quidam
639 1117 773 1179 suntin
800 1116 898 1189 mola,
956 1127 1028 1187 quae
1052 1113 1225 1189 promittit,
1251 1114 1330 1192 quia
1355 1116 1487 1179 vanitas
1512 1118 1697 1181 vanitatum
1721 1122 1755 1182 et

106 1214 243 1293 quidam
259 1215 295 1275 in
310 1230 402 1291 agro,
418 1215 553 1291 quidam
581 1215 617 1275 in
633 1215 729 1276 lecto.
746 1215 834 1275 Mola
850 1215 901 1276 est
955 1207 1066 1271 omnia
1080 1211 1223 1273 vanitas.
1244 1212 1404 1274 Secundae
1420 1214 1519 1277 terrae
1538 1215 1624 1277 bona
1645 1216 1756 1294 repri-

102 1312 220 1373 sreculi
237 1312 506 1387 circuitusager
514 1312 565 1372 est
574 1311 740 1373 audientis
755 1312 899 1373 animus.
955 1307 1025 1378 mit,
1041 1308 1225 1384 (111111111ὶᾶ
1242 1312 1320 1371 sunt
1331 1326 1405 1387 1111ae
1423 1313 1582 1388 suggerit,
1594 1314 1692 1390 tuxia
1711 1314 1755 1375 il·

104 1409 285 1470 nectusest
299 1408 662 1485 diligentisanplexus.
677 1409 902 1471 inmolasunt
954 1403 1011 1476 lud
1026 1424 1034 1464 ε
1050 1404 1259 1478 Mortificate
1279 1410 1567 1471 meliorassem
1583 1414 1754 1484 anteeant

103 1505 256 1566 homines
282 1505 407 1577 saeculi,
430 1506 465 1565 in
484 1520 565 1582 agro
580 1505 731 1567 doctores
745 1505 849 1578 verbi,
865 1506 901 1567 in
953 1515 1061 1575 super
1086 1502 1222 1564 terrum
1245 1501 1385 1580 (coloss.
1401 1519 1451 1579 nr,
1466 1504 1513 1585 5).
1529 1508 1569 1569 Et
1582 1508 1631 1569 sic
1646 1510 1753 1572 tertias

103 1602 189 1663 lecto
203 1600 304 1663 amici
325 1602 450 1679 sponsi.
467 1603 528 1674 Qui
539 1604 615 1664 surnt
626 1603 661 1663 in
676 1602 763 1663 mola
777 1604 900 1664 terram
954 1599 1054 1660 terrae
1068 1598 1257 1676 spiritualia
1278 1602 1400 1677 gaudia
1423 1604 1573 1680 recipiet,
1597 1607 1753 1683 quoniam

102 1700 321 1771 circumeunt,
348 1714 425 1759 nam
448 1700 644 1775 temporalia
658 1700 821 1777 quaerunt.
839 1700 901 1771 Qui
953 1695 989 1755 in
998 1697 1155 1771 praesenti
1164 1699 1313 1760 carnalia
1322 1703 1440 1761 cuncta
1451 1704 1630 1779 superavit.
1642 1704 1751 1766 Unde:

102 1796 136 1857 in
146 1796 446 1872 agrosuntterram
456 1797 579 1868 colunt,
592 1812 669 1858 nam
680 1812 794 1858 semen
807 1797 900 1858 verbi
955 1796 1131 1869 [teredone
1144 1798 1186 1856 de
1199 1797 1297 1857 terra
1315 1797 1351 1859 ct
1364 1800 1406 1859 de
1418 1801 1620 1875 copulatione
1634 1801 1705 1873 tuo,
1720 1804 1755 1863 ct

101 1894 160 1954 Ilei
185 1894 221 1954 in
244 1893 409 1955 audientis
426 1896 537 1956 animo
561 1895 732 1971 spargunt.
750 1894 901 1966 Quisunt
954 1893 1258 1955 celelebrarent
1286 1910 1390 1968 patum
1416 1898 1659 1961 nwnstrcoero
1694 1900 1754 1961 tibi

101 1991 137 2051 in
159 1990 245 2052 lecto
264 1991 449 2067 quiescunt.
477 1992 540 2063 Qui
559 1992 636 2053 sunt
656 1992 692 2052 in
709 1992 807 2063 mola,
824 1992 900 2053 tur·
955 1985 1050 2066 (Gen.
1068 1987 1187 2068 xn,1).

100 2086 223 2149 bantur
251 2104 295 2150 ex
318 2088 552 2150 sollicitudine.
581 2090 642 2160 Qui
665 2089 701 2161 in
723 2090 902 2165 agrotur-
995 2086 1150 2162 Sequitur
1172 2108 1181 2147 ε
1209 2089 1299 2149 thtt
1322 2092 1424 2175 Jacob
1448 2098 1578 2155 scalam
1601 2094 1753 2156 aceretem

100 2183 223 2245 bantrrr
249 2200 292 2246 ex
312 2184 437 2245 labore.
463 2186 525 2256 Qui
549 2185 583 2246 in
609 2186 706 2260 lectu,
732 2185 902 2247 delectan-
953 2194 1059 2257 stepen·
1080 2184 1214 2246 terram
1234 2184 1329 2266 (Gen.
1345 2204 1465 2261 xxviii,
1482 2188 1546 2269 12).
1561 2192 1752 2253 Notandum

99 2282 209 2345 turin
237 2282 358 2359 quiete.
382 2283 472 2344 Inter
490 2298 604 2344 omnes
627 2283 710 2345 istos
732 2285 812 2344 sunt
825 2282 901 2360 qui·
952 2294 1032 2340 vero
1061 2281 1147 2357 quod
1162 2282 1242 2344 dicit
1264 2304 1273 2344 ε
1293 2286 1451 2347 Staretem
1472 2302 1579 2361 super
1600 2289 1746 2351 terrum.

99 2380 176 2441 dam
203 2379 283 2441 boni
310 2380 344 2441 et
364 2380 498 2456 quidam
522 2380 612 2441 mali.
634 2380 728 2442 Unde
752 2380 785 2443 et
808 2380 899 2442 scala
953 2377 1038 2437 Nam
1059 2378 1171 2440 contra
1198 2382 1352 2441 naturam
1368 2385 1401 2443 st
1414 2398 1515 2459 super
1527 2400 1624 2445 usum
1639 2386 1750 2447 carnis

99 2493 201 2555 super
214 2478 338 2539 terram
353 2482 442 2539 stare
456 2476 588 2549 dicitur,
612 2478 669 2539 sed
685 2493 751 2539 non
767 2477 808 2538 ab
823 2493 898 2539 om·
953 2473 1009 2549 qui
1033 2475 1130 2535 natus
1158 2476 1208 2537 est
1235 2492 1279 2538 ex
1301 2478 1450 2554 Virgine,
1478 2495 1579 2557 super
1599 2482 1751 2543 homines

99 2575 197 2637 nibus
218 2575 260 2637 ad
275 2591 376 2636 unum
392 2576 524 2637 virtutis
539 2575 677 2651 gradum
693 2576 897 2652 pervenitur.
952 2570 1024 2631 suit.
1052 2573 1158 2634 Natus
1175 2577 1226 2635 est
1248 2576 1363 2636 contra
1376 2578 1541 2649 naturam,
1558 2580 1636 2655 quia
1652 2581 1750 2641 natus

100 2673 160 2735 His
172 2676 284 2735 autem
299 2673 560 2749 operationibus,
584 2674 679 2750 quasi
700 2673 898 2750 quibusdam
952 2668 1050 2729 estde
1064 2672 1169 2732 matre
1185 2686 1251 2732 non
1263 2671 1304 2733 de
1321 2675 1416 2748 patre
1430 2675 1611 2737 secundum
1625 2676 1749 2737 buma-

100 2772 200 2833 scalae
228 2770 386 2846 gradibus
421 2771 646 2832 conscendunt
676 2771 827 2831 homines
856 2770 897 2832 ad
951 2764 1099 2827 nitatem.
1131 2768 1171 2829 Et
1198 2769 1379 2831 notandum
1403 2771 1562 2848 estquod
1587 2774 1750 2837 natusest

99 2884 240 2945 reginum
255 2869 400 2930 coeleste.
417 2870 457 2930 Et
478 2869 549 2945 ipse
570 2868 722 2929 Christus
737 2883 773 2929 se
786 2868 897 2945 ipsum
952 2865 1073 2938 practer
1097 2866 1261 2937 naturam,
1290 2866 1348 2928 sed
1374 2868 1472 2929 natus
1493 2872 1628 2946 propter
1651 2874 1751 2932 natu-

99 2956 253 3044 praebuit
260 2966 357 3043 quasi
379 2966 503 3028 scalam
519 2966 560 3026 ad
575 2965 695 3027 coelum
710 2966 849 3037 homini,
865 2966 898 3027 et
952 2975 1034 3021 ram·
1063 2960 1263 3039 Obsequium
1288 2963 1352 3025 suit
1377 2966 1506 3041 81111111,
1537 2982 1603 3028 11011
1631 2984 1749 3029 cursus

98 3064 189 3125 viam
214 3063 375 3125 redeundi
397 3064 510 3124 dicens
528 3085 536 3123 ε
552 3066 625 3140 Epo
649 3078 729 3125 sum
749 3066 817 3125 vic.
835 3064 898 3129 Orci
951 3057 1134 3120 nativitatis
1159 3060 1323 3132 humanae,
1348 3063 1453 3124 virtus
1477 3079 1544 3126 non
1558 3065 1655 3137 ratio,
1679 3067 1750 3141 sig-

96 3162 256 3235 separarer
268 3174 337 3233 nte,
361 3176 429 3223 uon
447 3162 598 3222 arnestat
611 3164 648 3222 iu
661 3161 821 3232 tmwbrts,
838 3164 898 3221 scd
951 3172 1030 3217 num
1051 3173 1117 3217 non
1146 3159 1359 3231 consuetudo,
1375 3160 1524 3236 dignatio
1539 3176 1606 3223 non
1626 3164 1748 3224 condi-

99 3262 231 3321 babebit
259 3264 375 3321 lumen
405 3259 502 3329 allec,
533 3258 567 3319 et
593 3272 695 3320 recavo
727 3258 822 3319 corut
853 3261 898 3319 ud
951 3255 1008 3327 tio,
1025 3255 1156 3331 pietatis
1172 3259 1426 3329 sacramentum,
1444 3274 1510 3320 nou
1530 3260 1668 3322 Deitatis
1687 3261 1749 3323 de-

99 3358 246 3418 Patrom
271 3359 340 3418 atsi
365 3370 430 3430 per·
447 3370 504 3417 mo
527 3354 637 3434 (toan.
660 3370 729 3427 arv,
756 3353 801 3433 6).
818 3356 897 3416 llaec
951 3352 1154 3423 trimentum,
1175 3368 1241 3414 non
1268 3370 1442 3416 commune
1465 3356 1522 3417 sed
1544 3356 1661 3429 solum,
1680 3372 1749 3419 non

98 3455 191 3516 scala
206 3455 443 3531 superterram
458 3453 694 3514 staredicitur.
713 3454 771 3513 list
785 3453 896 3514 autem
952 3449 1133 3509 humanum
1147 3450 1205 3511 sed
1229 3450 1389 3512 divinum.
1407 3454 1514 3529 Super
1534 3470 1630 3514 usum
1650 3456 1748 3516 natus
1855 3494 1858 3499 -

97 3552 223 3629 triplex
250 3553 339 3612 terra
354 3554 463 3613 :terra
489 3566 562 3628 quae
588 3551 639 3612 est
665 3548 726 3610 sub
747 3550 894 3622 bomine,
951 3546 1003 3607 est
1015 3545 1056 3607 de
1067 3546 1215 3621 Virgine,
1235 3563 1301 3608 non
1316 3548 1356 3609 de
1378 3550 1543 3625 corrupta,
1556 3551 1748 3627 quiaVirgo

99 3653 189 3714 terra
203 3665 278 3727 quae
305 3648 357 3710 est
378 3648 489 3719 home,
507 3651 598 3709 terra
622 3663 696 3724 quae
720 3648 770 3709 est
798 3662 898 3723 super
952 3642 1013 3703 ruit
1024 3643 1102 3704 ante
1113 3645 1253 3721 parturn,
1264 3646 1296 3705 et
1306 3645 1341 3705 in
1351 3644 1457 3721 partu,
1469 3645 1502 3708 et
1514 3648 1589 3723 post
1603 3649 1745 3724 partum.

99 3745 277 3807 bominem.
293 3747 431 3805 Terram
443 3759 517 3821 quae
531 3745 582 3805 est
596 3743 657 3803 sub
672 3743 817 3814 bomine,
836 3742 898 3803 bo-
953 3739 1046 3802 Unde
1053 3740 1211 3816 scriptum
1221 3743 1274 3803 est
1285 3741 1321 3801 in
1331 3743 1532 3817 Evangelio:
1547 3746 1746 3807 Navtserat

98 3841 424 3902 mocalcat.Terram
438 3840 574 3916 quaeest
588 3839 697 3910 bomo,
715 3838 898 3914 bomopor·
950 3840 987 3898 lu
1011 3841 1122 3899 nwdlo
1149 3842 1272 3910 murts,
1297 3839 1331 3900 et
1355 3843 1457 3902 lesus
1476 3846 1570 3903 solave
1587 3844 1625 3903 tn
1646 3842 1747 3905 terra

97 3940 156 4002 tat.
170 3940 306 3999 Terram
321 3952 395 4015 quae
416 3938 466 3998 est
480 3952 581 4013 super
595 3936 774 4007 bominem,
797 3935 896 3995 bomo
951 3934 1068 4013 (Marc.
1084 3951 1130 4007 vr,
1143 3934 1209 4013 47).
1227 3937 1325 3997 Solus
1340 3938 1413 3999 erat
1433 3938 1468 3998 in
1479 3939 1581 4005 terra,
1595 3940 1674 4017 quia
1686 3956 1746 4002 so-

98 4036 276 4099 desiderat.
293 4034 455 4111 Deprima
468 4034 559 4095 terra
572 4034 731 4109 scriptum
744 4033 794 4094 est
808 4054 815 4091 :
827 4035 898 4093 Do-
950 4032 1002 4093 lus
1021 4032 1093 4093 sine
1108 4033 1243 4108 peccato
1256 4032 1340 4095 vixit
1362 4034 1397 4095 in
1419 4033 1482 4096 boc
1501 4036 1633 4098 mundo.
1652 4038 1746 4102 Unde

96 4136 187 4196 mod
207 4134 260 4194 est
278 4133 376 4193 terra
390 4131 424 4192 ct
436 4131 610 4205 plcllitudo
624 4134 699 4203 ejus
710 4128 779 4208 (Pa.
796 4144 894 4201 nnn,
951 4131 1069 4190 Petrus
1097 4150 1104 4189 ε
1121 4132 1185 4195 Qud
1194 4134 1373 4204 peccatum
1384 4147 1454 4193 nore
1466 4135 1557 4208 fecit,
1578 4150 1641 4196 οοο
1654 4139 1750 4198 dolam

98 4232 145 4309 1).
172 4232 219 4291 De
243 4228 388 4290 secunda
410 4227 483 4299 Job,
501 4243 576 4288 cum
591 4226 795 4288 describeret
818 4242 897 4303 pas·
950 4226 1111 4287 iuventus
1128 4227 1181 4288 est
1202 4230 1239 4287 tn
1263 4242 1324 4289 ore
1345 4232 1421 4301 ejus
1447 4230 1480 4301 (Ι
1504 4231 1593 4293 Petr.
1620 4248 1656 4305 11,
1675 4231 1746 4311 22).

96 4330 225 4389 sionem
244 4325 407 4402 unigeniti
429 4324 498 4396 Dei,
515 4325 586 4386 ait:
606 4329 715 4385 Terra
740 4324 823 4384 data
845 4323 897 4384 eat
950 4324 1025 4384 Non
1040 4323 1074 4383 in
1090 4324 1180 4384 terra
1195 4323 1252 4385 sed
1272 4326 1507 4402 superterram
1533 4329 1622 4390 scala
1645 4330 1747 4403 stetit,

96 4429 137 4487 in
165 4439 292 4485 mortus
318 4425 417 4497 inps
439 4420 525 4500 (lob.
546 4437 592 4493 rx,
617 4420 682 4498 Μ),
699 4420 802 4490 idest,
818 4434 897 4481 caro
951 4420 1028 4495 quia
1048 4419 1140 4479 nulla
1165 4422 1287 4482 nostrae
1309 4423 1421 4483 carnis
1447 4423 1605 4501 iniquitas
1630 4441 1749 4503 corpus

98 4521 223 4585 Christi
243 4520 319 4581 data
334 4522 384 4582 est
402 4520 438 4580 in
458 4520 618 4596 potestate
641 4517 895 4594 persecutionis.
952 4516 1153 4577 dominicum
1165 4519 1364 4593 maculavit3
1380 4521 1458 4597 quia
1472 4522 1535 4583 etsi
1551 4523 1648 4584 bomo
1661 4523 1750 4584 inter

98 4622 140 4681 st
164 4620 198 4679 in
218 4617 338 4679 Genesi
353 4639 360 4677 ε
378 4621 488 4678 Terra
508 4631 546 4678 es
570 4616 605 4677 et
626 4617 664 4676 ln
686 4616 822 4676 torvam
835 4616 899 4676 ldis
952 4614 1102 4676 lromines
1115 4616 1278 4691 apparuit,
1293 4615 1379 4678 inter
1394 4617 1492 4694 liujus
1514 4619 1628 4679 mundi
1641 4621 1749 4682 motus

98 4717 196 4797 (Gen.
211 4731 260 4788 rn,
275 4713 339 4793 19).
355 4717 402 4776 Ι)ο
423 4714 521 4775 tertia
542 4713 621 4773 tiliis
636 4712 740 4773 lsrael
754 4711 896 4773 dicitur:
952 4712 1087 4773 immota
1101 4712 1243 4788 vestigia
1262 4714 1420 4775 servavit.
1444 4714 1540 4775 Stetit
1562 4718 1673 4775 autem
1687 4719 1748 4779 le-

97 4814 163 4875 «Si
180 4812 324 4875 feceritis
339 4811 567 4889 quaepraecepi
581 4809 687 4881 vobis,
703 4809 899 4871 bonaterrae
952 4825 1010 4868 sus
1032 4824 1092 4884 per
1113 4810 1424 4870 manifestationem.
1451 4811 1545 4870 Unde
1570 4811 1691 4872 dicitur
1714 4814 1750 4875 in

98 4910 333 4973 comedetis».
364 4909 477 4969 Prima
505 4912 595 4969 terra
622 4909 672 4968 est
701 4907 899 4968 elementum
953 4906 1133 4981 Evangelio
1149 4927 1158 4966 z
1173 4906 1277 4967 Stetit
1289 4910 1390 4967 Jeme
1409 4910 1448 4968 ln
1469 4911 1581 4970 medio
1600 4912 1751 4985 cumpa-
1841 4900 1844 4907 '

96 5008 242 5078 visibile,
259 5006 404 5067 secunda
420 5021 540 5081 corpus
555 5005 706 5075 mortale,
723 5004 823 5065 tertia
838 5018 901 5064 coe·
953 5009 1066 5065 lorcam
1089 5018 1235 5064 suorum
1263 5006 1378 5064 diceus
1402 5020 1414 5063 .·
1437 5008 1510 5081 Epo
1536 5022 1630 5079 mam,
1647 5009 1750 5071 nolite

97 5108 167 5167 lum
183 5104 367 5181 spirituale.
381 5103 492 5163 Prima
506 5104 597 5164 terra
612 5103 830 5174 mortuorum,
846 5115 902 5161 se·
944 5100 1079 5160 'tirrocrc
1094 5098 1188 5178 (Luc.
1204 5114 1296 5172 xnv,
1311 5098 1378 5179 36).
1396 5101 1493 5164 Stetit
1513 5118 1572 5180 per
1593 5104 1678 5165 lucis
1696 5104 1752 5166 da·

98 5203 207 5266 cunda
220 5201 421 5272 mortalium,
434 5201 532 5261 tertia
544 5200 738 5260 viventium.
750 5198 900 5259 Secunda
954 5197 1089 5258 tionem.
1107 5197 1200 5258 Unde
1215 5197 1336 5274 legitur
1361 5199 1396 5259 in
1423 5201 1603 5277 Evangelio
1623 5202 1751 5263 :Stans

96 5300 280 5365 revertitur
305 5298 346 5359 ad
371 5298 510 5375 primam
538 5313 597 5373 per
621 5312 751 5373 poenam
773 5296 900 5367 mortis,
954 5296 1072 5357 uallem
1092 5298 1308 5369 Jcsusjusslt
1331 5312 1460 5359 ccecvou
1475 5302 1597 5361 asdllrct
1615 5304 1750 5362 adse...

98 5400 156 5461 sed
173 5399 231 5459 illa
250 5396 399 5472 rapietur
415 5394 601 5455 adientium
619 5409 677 5470 per
690 5394 832 5471 gloriam
847 5409 904 5454 re·
957 5391 1051 5469 (Luc.
1075 5407 1169 5463 svin,
1186 5392 1251 5471 40).
1271 5395 1368 5456 Stetit
1382 5410 1441 5471 per
1452 5397 1564 5456 carnis
1578 5397 1751 5473 glorifica-

99 5494 330 5565 surreetionis,
360 5508 458 5569 quam
487 5492 537 5552 illi
561 5493 650 5552 recte
675 5494 821 5567 sperant,
846 5491 902 5567 qui
956 5489 1090 5549 tionem.
1108 5489 1201 5550 Unde
1223 5492 1257 5551 in
1283 5492 1463 5567 Evangelio
1479 5515 1487 5553 ε
1503 5509 1522 5551 ‹
1538 5493 1635 5556 Stetit
1654 5496 1753 5556 ,lesus

100 5612 176 5659 cum
191 5592 262 5655 sint
275 5592 377 5663 terra,
390 5589 664 5659 terramcalcant.
682 5588 775 5651 Unde
785 5589 819 5652 et
832 5588 904 5650 baec
957 5588 992 5648 in
1007 5586 1117 5648 littere
1131 5605 1167 5659 »,
1183 5588 1280 5662 idest,
1300 5588 1336 5650 in
1350 5590 1457 5666 gloria
1479 5590 1750 5653 immortalitatis.
