3794 6166
117 366 159 427 Β
737 356 913 419 Euboan
933 352 981 416 111
1000 348 1149 415 OPERA.
1730 342 1772 413 44

113 525 334 607 presentibus
349 540 447 603 quarn
466 521 588 585 futuris
609 518 797 597 regularem
807 517 910 579 vitam

114 626 285 705 professis,
320 624 354 684 in
387 624 598 700 perpetuum.

157 719 467 795 Religiosamvitam
486 716 684 793 eligentibus
692 712 910 792 apostolicum

115 820 271 883 convenit
292 818 410 879 adesse
428 816 631 894 praesidium,
648 830 690 875 ne
700 812 784 873 forte
797 814 912 888 cujus-

115 918 194 979 libet
206 916 402 978 temeritatis
422 915 576 975 incursus
594 913 652 973 aut
673 927 730 971 eos
749 926 769 970 a
787 924 911 986 propo·

118 1016 183 1077 silo
197 1015 329 1077 revocet
343 1014 401 1076 aut
413 1011 618 1088 robur,quod
634 1009 730 1081 absit,
738 1022 842 1068 sacrae
857 1022 913 1067 re-

118 1113 253 1189 ligionis
289 1112 459 1185 infringat.
496 1110 694 1187 Eapropter,
730 1105 841 1167 dilecti
876 1104 912 1163 in

118 1212 259 1275 llomino
278 1210 351 1279 filii,
372 1208 492 1270 vestris
509 1207 611 1285 justis
635 1200 912 1282 postulationibus

117 1310 297 1373 elementer
313 1307 503 1378 annuimus,
520 1305 554 1367 et
575 1303 747 1381 praefatum
773 1315 912 1360 monas-

114 1408 237 1471 terium
264 1408 394 1467 Sanctae
421 1404 480 1465 Dei
501 1401 678 1464 Genitricis
703 1400 737 1461 et
763 1397 913 1473 Virginis

117 1504 234 1567 alariae
246 1504 286 1565 de
296 1502 390 1572 Alba,
401 1503 509 1577 inquo
522 1500 635 1560 divino
646 1495 824 1573 mancipati
833 1495 913 1557 estis

42 1622 47 1627 ·
117 1600 287 1677 obsequio,
304 1598 364 1660 sub
383 1598 472 1659 beati
492 1596 580 1658 Petri
596 1595 629 1655 et
650 1593 763 1655 nostra
778 1592 912 1668 protec-

118 1700 210 1761 tione
236 1697 436 1773 suscipimus
462 1697 495 1755 et
518 1693 693 1771 praesentis
713 1690 828 1767 scripti
844 1689 915 1765 pri-

118 1795 242 1871 vilegio
270 1794 523 1857 communimus.
548 1793 585 1852 ln
600 1790 715 1867 primis
750 1787 913 1864 siquidem

118 1893 314 1963 statuentes,
331 1894 366 1951 ut
380 1890 461 1951 ordo
474 1888 687 1958 monasticus,
716 1885 773 1962 qui
794 1899 916 1945 secun-

117 1990 197 2053 dnm
220 1992 323 2051 beum
353 1990 386 2051 et
408 1988 496 2049 boati
517 1984 685 2048 Benedicti
707 1982 857 2059 regidam
883 1985 916 2042 et

116 2088 360 2151 institutionem
374 2085 643 2147 cisterciensium
656 2082 794 2144 fratrum
812 2080 846 2140 in
857 2096 917 2141 eo-

118 2186 193 2251 dem
208 2185 410 2248 monasterio
425 2184 595 2245 institutus
608 2196 682 2243 esse
696 2179 913 2255 dignoscitur,

118 2285 288 2365 perpetuis
306 2284 428 2345 ibidem
451 2280 655 2359 temporibus
679 2276 916 2340 inviolabiliter

119 2382 327 2449 observetur.
352 2382 519 2443 Praeterea
536 2393 761 2457 quascumque
777 2392 913 2454 posses-

120 2480 243 2553 siones,
253 2478 564 2559 quaecumquabona
575 2477 662 2538 idem
678 2474 914 2537 monasterium

120 2579 422 2657 inpraesentiarum
434 2578 524 2655 Juste
539 2576 572 2637 et
585 2574 744 2636 canonice
759 2571 913 2650 possidet,

121 2677 182 2739 aut
218 2678 253 2737 in
283 2676 430 2737 futurum
463 2674 676 2736 concessione
703 2671 914 2748 pontificum,

120 2774 299 2851 largitione
318 2788 433 2848 regum
447 2773 501 2832 vel
525 2770 726 2848 principum,
751 2768 916 2830 oblatione

122 2872 284 2942 fidelium,
307 2886 367 2930 seu
394 2870 471 2929 aliis
488 2869 589 2945 justis
608 2868 714 2927 modis
738 2868 916 2943 praestante

122 2969 263 3032 Domino
274 2967 394 3045 poterit
408 2966 561 3044 adipisci,
576 2964 770 3026 firmavobis
785 2964 917 3026 vestris-

122 3084 187 3145 que
207 3063 454 3127 successoribus
479 3064 512 3126 et
533 3063 662 3124 illibata
690 3064 916 3140 permaneant.

90 3164 94 3171 “
124 3166 162 3227 In
174 3163 691 3241 quibuslraecpropriisduximus
702 3162 917 3239 exprimenda

127 3262 317 3336 vocabulis3
330 3262 438 3322 locum
460 3262 495 3321 in
511 3277 575 3337 quo
591 3260 765 3337 praefat-um
785 3277 918 3320 morlas-

123 3361 246 3423 terium
261 3361 360 3422 situm
376 3362 435 3431 est,
450 3376 524 3420 cum
540 3359 694 3421 omnibus
710 3359 917 3436 pertinentiis

126 3459 207 3530 suis,
217 3459 437 3535 grangiamde
448 3458 665 3530 Otterswilre,
678 3474 752 3518 cum
766 3457 918 3517 omnibus

122 3557 332 3634 pertiuentiis
360 3557 453 3631 suis;
481 3557 654 3632 grangiam
687 3556 727 3617 de
763 3554 916 3623 Rastede,

37 3666 41 3675 ’
120 3655 295 3731 grangiam
322 3655 362 3714 de
385 3654 525 3722 Winlcil,
550 3654 723 3729 grangiam
753 3653 793 3713 de
810 3653 919 3714 Oden-

123 3748 231 3810 clreim
244 3749 277 3810 et
295 3749 468 3825 grangiam
483 3749 524 3809 de
539 3751 653 3816 Ouwe,
669 3765 743 3809 cum
765 3748 918 3809 omnibus

125 3846 336 3924 pertinentiis
351 3845 557 3919 earumdem;
568 3846 740 3921 grangiam
752 3845 792 3905 de
802 3846 916 3916 blaise,

963 511 1111 575 decimas
1125 513 1263 588 exigere
1282 512 1336 573 rel
1357 512 1556 591 extorquere
1576 512 1768 589 praesumat.

965 621 1079 682 Liceat
1105 636 1238 697 quoque
1265 617 1514 681 nobisclericos
1535 618 1588 681 vel
1612 617 1718 679 laicos
1732 616 1772 676 li·

965 718 1063 780 beros
1091 719 1124 778 et
1151 717 1321 779 absolutos
1344 734 1364 778 e
1395 718 1507 778 seculo
1532 716 1697 793 fugientes
1727 714 1769 776 ad

967 815 1221 878 conversionem
1242 815 1403 893 recipere,
1420 816 1454 877 et
1474 831 1532 876 eos
1548 814 1674 891 absque
1689 828 1772 874 con-

965 913 1163 976 tradictione
1203 913 1316 990 aliqua
1358 914 1514 975 retinere.
1549 911 1770 973 Probibemus

966 1013 1117 1088 insuper,
1143 1012 1180 1073 ut
1200 1011 1286 1073 nulli
1316 1010 1456 1073 fratrum
1483 1009 1670 1071 vestrorum
1693 1008 1770 1085 post

967 1110 1087 1171 factam
1105 1109 1141 1169 in
1160 1108 1362 1170 monasterio
1388 1108 1499 1171 vestro
1527 1105 1771 1184 professionem

967 1208 1017 1270 fas
1044 1207 1172 1269 sitsine
1197 1206 1326 1269 abbatis
1353 1207 1405 1267 sui
1429 1206 1564 1268 licentia
1586 1204 1627 1266 de
1651 1204 1771 1267 eodem

967 1307 1040 1368 loco
1069 1304 1250 1366 discedere.
1276 1305 1506 1367 Discedentem
1532 1318 1612 1365 vero
1642 1302 1771 1381 absque

968 1403 1191 1466 communium
1207 1403 1393 1465 litterarum
1406 1404 1593 1464 vestrarum
1609 1401 1770 1464 cautione

967 1502 1080 1563 nullus
1094 1501 1215 1562 audeat
1240 1501 1396 1563 retinere.
1422 1499 1513 1572 Quod
1535 1500 1565 1560 si
1586 1499 1662 1576 quis
1684 1497 1772 1561 forte

967 1600 1113 1661 retinere
1138 1599 1401 1676 praesumpserit,
1432 1598 1560 1660 licitum
1585 1596 1681 1658 vobis
1707 1597 1770 1667 sit,

968 1700 1004 1759 in
1019 1698 1108 1775 ipsos
1121 1697 1302 1758 monachos
1315 1697 1368 1758 vel
1383 1711 1561 1757 conuersos
1576 1695 1769 1771 regularem

969 1795 1167 1857 sententiam
1202 1795 1424 1872 promulgare.
1461 1793 1545 1855 Illud
1580 1793 1768 1855 districtius

969 1892 1168 1964 inhibentes,
1185 1909 1227 1953 ne
1241 1894 1348 1955 terras
1363 1909 1421 1953 seu
1446 1890 1616 1968 quodlibet
1638 1890 1770 1952 benefl-

969 1992 1057 2053 cium
1071 1991 1222 2053 ecclesiae
1237 1991 1357 2053 vestras
1372 1990 1528 2051 collatum
1543 1989 1644 2050 liceat
1663 1988 1770 2050 alicui

969 2090 1190 2169 personaliter
1211 2089 1295 2161 dari,
1314 2088 1385 2149 sive
1405 2087 1473 2149 alio
1494 2085 1592 2148 modo
1607 2087 1768 2157 alienari,

969 2187 1093 2264 absque
1108 2187 1382 2249 consensutotius
1399 2184 1538 2263 capituli
1553 2184 1606 2245 vel
1626 2185 1770 2263 majoris

970 2287 1027 2347 aut
1048 2285 1192 2347 sanioris
1213 2285 1317 2362 partis
1333 2284 1447 2361 ipsius.
1466 2283 1502 2343 Si
1517 2298 1591 2359 quae
1605 2298 1688 2344 vero
1700 2283 1768 2344 do-

970 2383 1122 2445 nationes
1136 2382 1188 2444 vel
1197 2380 1520 2443 alienationesaliter
1530 2395 1630 2456 quam
1642 2380 1769 2441 dictum

969 2482 1020 2544 est
1034 2480 1129 2543 factae
1144 2480 1277 2551 fuerint,
1292 2496 1350 2540 eas
1364 2479 1475 2540 irritas
1487 2493 1563 2538 esse
1577 2494 1767 2539 censemus.

969 2580 1017 2641 ild
1034 2580 1105 2640 baec
1125 2579 1225 2640 etiam
1249 2576 1473 2657 probibemus,
1491 2593 1533 2638 ne
1554 2577 1679 2654 aliquis
1694 2593 1771 2638 mo-

970 2677 1097 2739 nacbus
1133 2677 1204 2738 sive
1241 2692 1421 2738 conversus
1460 2675 1522 2737 sub
1558 2674 1769 2752 professione

969 2773 1089 2835 vestrae
1118 2772 1234 2834 domus
1260 2771 1415 2833 astrictus
1447 2772 1520 2833 sine
1542 2787 1709 2833 consensu
1737 2771 1769 2832 et

970 2871 1104 2933 licentia
1130 2869 1258 2932 abbatis
1278 2871 1311 2931 et
1337 2869 1474 2947 majoris
1499 2870 1605 2947 partis
1627 2868 1768 2946 capituli

970 2968 1073 3032 vestri
1101 2985 1160 3046 pro
1184 2968 1295 3046 aliquo
1318 2966 1496 3045 fidejubeat
1517 2967 1570 3029 vel
1591 2967 1633 3028 ab
1655 2966 1769 3044 aliquo

972 3067 1146 3146 pecuniam
1162 3067 1275 3128 mutuo
1295 3065 1439 3143 accipiat
1454 3066 1541 3127 ultra
1552 3066 1696 3142 pretium
1717 3080 1771 3127 ca-

971 3166 1067 3243 pituli
1087 3165 1190 3227 vestri
1213 3163 1420 3242 providentia
1443 3164 1679 3235 consitutum,
1703 3163 1769 3223 nisi

972 3266 1105 3343 propter
1131 3263 1340 3324 manifestam
1365 3262 1481 3323 domus
1500 3262 1621 3323 vestrae
1635 3261 1769 3322 utilita-

971 3365 1049 3425 tem.
1066 3362 1157 3435 Quod
1172 3362 1201 3421 si
1216 3361 1324 3422 facere
1335 3360 1418 3422 forte
1428 3360 1688 3437 praesumpserit,
1699 3375 1768 3420 non

971 3462 1123 3523 teneatur
1156 3460 1337 3521 conventus
1370 3474 1430 3536 pro
1466 3458 1519 3518 bis
1555 3457 1770 3535 aliquatenus

972 3558 1183 3637 respondere.
1210 3557 1350 3618 Licitum
1372 3557 1534 3633 praeterea
1551 3556 1595 3616 sit
1609 3553 1715 3628 vobis,
1732 3555 1769 3615 in

972 3656 1081 3719 causis
1097 3655 1240 3733 propriis
1265 3655 1336 3715 sire
1362 3654 1495 3715 civilem
1519 3654 1589 3715 sive
1610 3653 1773 3714 crimina-

972 3753 1036 3813 lem
1050 3752 1240 3812 contineant
1255 3750 1461 3827 questionem
1482 3748 1622 3811 fratrum
1636 3751 1772 3811 vestro-

973 3865 1046 3910 rum
1059 3848 1258 3911 testimoniis
1278 3849 1337 3920 uti,
1354 3864 1396 3909 ne
1414 3863 1473 3925 pro
1489 3847 1618 3909 defectu
1630 3849 1771 3910 testium

124 3944 298 4019 grangiam
314 3943 354 4003 de
369 3946 463 4015 Hart,
476 3943 650 4018 grangiam
663 3943 703 4003 de
716 3943 921 4004 Lindenliart
968 3949 1025 4024 jus
1035 3947 1182 4009 vestrum
1197 3945 1233 4006 in
1248 3946 1359 4023 aliquo
1373 3946 1483 4008 valeat
1497 3945 1661 4023 deperire.
1670 3948 1770 4007 insu-

59 4082 65 4089 -
122 4040 920 4117 etgrangiamdeScineliart,cumomnibusperti-

123 4138 246 4200 neniiis
260 4138 461 4210 earumdem,
474 4138 648 4214 grangiam
657 4138 698 4199 de
707 4138 917 4209 Eicbeibach,

122 4236 608 4315 grangiamdeBuckeusbeim,
618 4237 792 4313 grangiam
801 4237 920 4299 debin-

123 4334 346 4406 senbrunn'en,
369 4335 402 4396 et
422 4335 595 4411 grangiam
616 4335 656 4396 de
683 4336 917 4408 bietenbuseu,

122 4450 197 4498 oum
217 4432 368 4494 omnibus
383 4433 591 4509 pertinentiis
600 4433 801 4505 earumdem,
818 4451 921 4511 gran-

122 4534 211 4611 giam
223 4532 263 4593 de
274 4531 452 4603 Bretheim,
464 4532 638 4607 grangiam
649 4532 688 4593 de
699 4532 917 4606 Nucboumin,

124 4632 298 4707 grangiam
311 4629 352 4691 de
364 4630 521 4705 Terdigin
536 4630 568 4690 et
580 4631 755 4705 grangiam
780 4630 820 4691 de
834 4634 919 4692 Ber-

124 4728 346 4799 nardiswilre,
364 4743 438 4789 cum
456 4726 608 4788 omnibus
630 4727 838 4803 pertinentiis
858 4744 919 4788 ea-

125 4826 286 4896 rumdem,
303 4842 377 4887 cum
393 4826 508 4903 pratis,
525 4824 645 4896 vineis,
666 4825 777 4894 terris,
805 4842 921 4888 nemo-

125 4920 388 4998 ribususuagiis
403 4925 435 4985 et
450 4923 593 5001 pascuis
604 4923 638 4983 in
648 4922 748 4984 bosco
761 4924 793 4984 et
808 4924 919 5000 plano,

127 5018 162 5079 in
177 5020 273 5096 aquis
289 5021 321 5081 et
335 5021 543 5093 molendinis,
560 5021 670 5082 inviis
694 5023 727 5082 et
741 5022 878 5093 semitis,
889 5024 922 5083 et

127 5115 280 5178 omnibus
292 5116 368 5176 aliis
381 5117 589 5179 libertatibus
611 5119 644 5179 et
658 5118 920 5181 immunitatibus

127 5212 209 5275 suis.
225 5214 311 5274 Saue
322 5213 472 5274 laborum
481 5217 768 5294 vestrorumquos
777 5218 920 5294 propriis

128 5308 283 5373 manibus
298 5312 356 5372 aut
379 5312 562 5388 sumptibus
583 5314 702 5386 colitis,
729 5314 768 5376 de
789 5331 923 5391 posses-

79 5466 82 5473 .
128 5407 277 5471 sionibus
302 5407 423 5469 habitis
451 5413 528 5471 ante
552 5411 734 5472 Concilium
753 5414 919 5487 generale,

128 5505 358 5567 sivedebortis
369 5507 402 5567 et
411 5506 563 5582 virgultis
572 5509 923 5584 etpiscationibusves·

127 5603 190 5667 tris
205 5603 256 5664 vel
272 5602 313 5664 de
340 5603 551 5665 nutrimentis
575 5604 770 5668 animalium
788 5609 921 5670 vestro-

129 5718 203 5764 rum
215 5702 273 5764 aut
287 5700 386 5763 etiam
401 5700 441 5764 de
464 5701 638 5764 novalibus
664 5704 808 5767 nullusa
830 5705 922 5769 vohis

974 4061 1032 4122 per
1055 4044 1252 4105 auctoritate
1272 4043 1462 4120 apostolica
1485 4044 1688 4115 inhibemus
1730 4060 1773 4106 ne

974 4144 1061 4204 ullus
1088 4143 1261 4219 episcopus
1285 4143 1338 4203 vel
1358 4141 1514 4218 quaelibet
1536 4142 1604 4203 alia
1625 4158 1771 4219 persona

974 4242 1015 4302 ad
1028 4241 1171 4319 synodos
1189 4241 1242 4302 vel
1258 4240 1439 4302 conventus
1464 4238 1612 4301 forenses
1640 4257 1702 4302 vos
1723 4241 1772 4301 ire

975 4340 1027 4402 vel
1046 4339 1174 4418 judicio
1190 4338 1344 4399 saeculari
1358 4338 1398 4400 de
1419 4339 1530 4400 vestra
1541 4338 1675 4414 propria
1692 4338 1773 4399 sub-

975 4439 1095 4501 stantia
1110 4437 1163 4499 rel
1176 4436 1440 4514 possessionibus
1459 4436 1579 4497 vestris
1595 4436 1770 4514 subjacere

975 4537 1160 4614 compellat,
1178 4551 1239 4597 nec
1254 4536 1295 4596 ad
1308 4535 1422 4595 domos
1444 4535 1584 4606 vestras,
1598 4551 1701 4595 causa
1717 4551 1774 4596 or-

975 4637 1068 4697 dines
1084 4633 1285 4700 celebrandi,
1306 4648 1425 4693 causas
1440 4633 1616 4703 tractandi,
1633 4634 1686 4693 vel
1703 4634 1772 4695 ali-

975 4750 1057 4812 quos
1070 4733 1251 4795 conventus
1269 4731 1419 4808 publicos
1435 4731 1638 4799 convocandi
1655 4734 1773 4793 tenire

976 4832 1164 4910 prasumat,
1195 4845 1256 4890 nec
1268 4828 1457 4904 regularem
1487 4829 1684 4890 electionem
1713 4831 1775 4891 ab·

975 4930 1061 4992 batis
1075 4929 1179 4991 vestri
1203 4927 1382 5004 impediat,
1407 4928 1465 4988 aut
1488 4927 1528 4987 de
1556 4927 1773 5001 instituend0,

976 5026 1238 5089 velremovendo
1253 5042 1292 5086 eo
1322 5025 1378 5103 qui
1407 5040 1466 5101 pro
1495 5026 1644 5102 tempore
1659 5026 1772 5100 fuerit,

976 5127 1090 5187 contra
1110 5126 1233 5186 statuta
1253 5123 1484 5184 Cisterciensis
1511 5123 1637 5184 ordinis
1653 5140 1689 5184 se
1710 5125 1776 5185 aii-

977 5224 1140 5300 quatenus
1155 5214 1363 5283 intromittat.
1382 5222 1417 5282 Si
1435 5237 1515 5282 vero
1537 5222 1775 5299 episcopusin

977 5325 1071 5399 cujus
1094 5319 1252 5398 parocbia
1277 5319 1392 5380 domus
1414 5322 1524 5380 vestra
1548 5319 1685 5381 fundata
1710 5323 1772 5393 est,

978 5437 1051 5482 cum
1068 5419 1255 5479 bumilitate
1280 5433 1319 5478 ae
1341 5417 1515 5477 devotione
1531 5434 1594 5493 qua
1618 5421 1775 5481 convenit

977 5517 1169 5594 requisitus,
1182 5515 1393 5576 substitutum
1408 5514 1559 5575 abbatem
1573 5515 1773 5579 benedicere

976 5618 1009 5677 et
1024 5615 1090 5675 alia
1106 5630 1179 5691 quae
1192 5614 1234 5674 ad
1248 5613 1392 5674 officium
1407 5612 1595 5690 episcopale
1605 5614 1775 5691 pertinent

978 5713 1070 5780 vobis
1095 5712 1246 5774 conferre
1271 5711 1431 5783 renuerit,
1446 5710 1572 5772 licitum
1594 5710 1639 5772 sit
1664 5711 1772 5775 eidem
