3794 6166
115 248 177 307 543

158 410 281 473 Omnes
314 406 417 483 igitur
448 400 670 477 crucesignati
701 402 736 464 et
767 400 917 463 crucesi-

116 507 244 585 gnandi
258 506 399 568 sollicite
413 504 622 573 moneantur,
646 500 792 577 utquam
810 502 916 576 majo·

117 623 189 669 reru
205 605 358 683 poterunt
373 618 484 664 secum
499 600 622 661 ducant
643 598 770 676 copiam
786 598 917 659 victua-

117 704 201 765 lium
215 706 248 764 et
258 717 428 779 equorum.
445 702 563 761 Datum
579 697 747 771 Laterani,
760 698 834 757 Vlll
846 697 913 757 kal.

116 800 317 873 decembris,
356 798 567 877 pontificatus
603 796 710 857 nostri
739 810 827 856 anno
861 810 917 855 se-

118 900 236 961 cunno.

461 1004 583 1090 titt

157 1151 208 1210 Ait
231 1151 402 1209 Joiiiincm
421 1148 576 1208 aetatem
592 1148 634 1205 ite
658 1144 872 1219 l'iinpiiitictia

410 1270 444 1327 27
459 1284 526 1326 nov.
543 1269 620 1326 titt.

216 1385 463 1451 {blitarelli‚1lnnal.
478 1384 633 1440 cinisum.
651 1382 695 1439 tt',
712 1397 737 1446 p.
753 1379 821 1444 nti]

118 1494 251 1569 indulget
264 1503 295 1552 ut
306 1494 381 1551 boun
398 1492 526 1549 ecclcsiae
542 1506 601 1547 suae
625 1504 641 1545 a
658 1486 916 1561 predecessoribus

313 1583 436 1639 alienata
462 1594 597 1636 revocare
621 1578 720 1650 possit.

158 1691 325 1754 llonorins
337 1690 512 1767 episcopus
528 1704 646 1749 servus
662 1701 833 1747 servornm
843 1684 913 1756 liei,

119 1790 313 1851 salutemet
336 1787 552 1865 apostolicam
568 1784 843 1853 benedictionem,
864 1782 917 1842 ili-

18 1956 22 1961 ,
118 1888 205 1951 lecto
220 1888 289 1948 silio
304 1886 416 1947 abbati
432 1885 471 1946 de
484 1883 701 1961 i'airgailicia.

162 1986 252 2048 Solet
267 2000 416 2047 annuere
430 1983 531 2044 Sedes
545 1980 735 2059 apostolica
747 1978 811 2056 piis
831 1979 916 2040 votis

117 2086 152 2147 et
183 2084 331 2146 lionestis
358 2082 538 2160 petentium
579 2078 732 2157 precibus
768 2077 916 2138 lavorein

117 2182 313 2245 benevolum
331 2180 506 2259 impartiri.
524 2183 571 2241 lix
584 2181 639 2240 tua
656 2192 737 2238 sane
752 2176 916 2238 relatione

117 2280 317 2357 accepimus,
335 2279 423 2358 quod
438 2282 502 2340 Α...
519 2280 552 2340 et
564 2276 698 2354 qniilam
714 2273 915 2349 aliipraeite-

120 2393 270 2441 cessores
291 2379 340 2440 tni
355 2377 506 2455 quaedam
517 2375 603 2437 bona
614 2373 765 2435 ecclesiae
777 2372 818 2433 de
830 2374 917 2433 Van·

117 2470 916 2554 gadiciaingraveipsiusalienaverintecclesiae

118 2574 362 2639 detrimentum.
376 2577 421 2635 Ea
431 2576 575 2651 propter,
588 2572 707 2632 dilecte
724 2570 756 2630 iu
777 2569 916 2630 Domino

117 2670 914 2751 tili,tnisprecibnsguntocoucurreutesassensn,

116 2772 314 2833 aiictoritnte
326 2771 386 2831 tibi
404 2768 618 2845 praesentium
634 2765 855 2840 indulgemus,
881 2767 917 2827 ut

117 2869 337 2931 alienationes
369 2866 544 2942 praedictas
567 2864 628 2925 tibi
655 2862 754 2924 liceat
786 2862 916 2923 sublato

118 2964 353 3042 appellationis
377 2961 547 3023 obstaculo
569 2960 715 3036 legitime
744 2975 914 3021 revocare.

117 3063 209 3125 Nulli
249 3077 329 3137 ergo
366 3060 511 3120 ommino
558 3058 740 3130 homiuum,
777 3059 840 3120 etc.
880 3059 916 3119 Si

118 3160 281 3239 mmmm

158 3262 275 3321 lnitnin
301 3256 456 3319 Laterani
478 3259 506 3317 V
530 3256 692 3317 kalendas
717 3256 912 3327 decembris,

120 3358 330 3435 pinititlcatns
344 3355 449 3415 nostri
464 3371 551 3416 auno
567 3354 723 3415 secnnilo.

118 3684 169 3741 Αιὶ
179 3683 371 3755 episcopani
384 3680 628 3747 Clocorcnsciii,
637 3676 833 3737 iibbnteiiiS.
844 3680 916 3736 Mit-

159 3782 224 3839 riir
245 3782 286 3837 iic
309 3780 478 3836 Kienenos
503 3777 670 3836 altinensis
699 3778 855 3836 dioecesis
883 3775 915 3836 ct

157 3878 436 3937 iri-cliiiliiiconiiin
450 3875 757 3934 elrtloclttttletttettt.

411 3997 445 4052 27
460 4009 527 4051 nav.
544 3995 621 4051 titt.

255 4110 384 4175 [Tlieinen
397 4109 508 4159 Menum.
521 4108 656 4166 Hiberniae,
672 4109 694 4159 l.
706 4125 731 4159 u.
745 4110 781 4175 9.]

118 4217 233 4277 Mandat
244 4217 385 4292 jndicibus
400 4226 430 4274 nt
455 4218 598 4289 inquirant
624 4216 658 4273 ile
680 4224 755 4275 statu
783 4219 915 4276 ecclesiis

332 4308 507 4365 llaioneusis
523 4315 552 4364 et
567 4305 701 4365 celerent.

157 4427 323 4489 Honorias
332 4427 517 4503 episcopus,
529 4425 712 4487 venerabili
725 4426 820 4487 fratri
832 4428 916 4503 epis·

119 4542 201 4605 copo
216 4524 418 4596 Clocorensi,
432 4527 466 4585 et
479 4524 609 4585 dilectis
636 4524 713 4585 liliis
740 4524 850 4588 abbati
880 4529 913 4587 S.

118 4624 234 4687 Mariae
256 4624 296 4683 ile
323 4624 489 4683 liaenenos
514 4622 672 4683 Midensis
699 4621 863 4695 dioecesin,
883 4626 916 4687 et

118 4722 352 4783 arcliidiaiono
365 4718 788 4791 A1·dochaileusi,salutem.

119 4900 308 4969 negotiorum,
333 4905 375 4953 est
402 4896 525 4953 nianima
552 4896 703 4953 caritudo:
728 4898 914 4970 eegiisoniin,

119 4968 172 5027 lnie
190 4985 265 5026 airino
279 4968 379 5024 ialleiis
393 4970 560 5041 agriciilain,
582 4969 609 5024 in
626 4969 742 5024 annilina
759 4970 915 5040 inienuitate

118 5040 170 5099 init
193 5041 353 5097 recollecta.
380 5041 590 5112 lixspeotiibnnt
621 5047 649 5095 rt
672 5039 816 5111 indigeant
841 5040 915 5112 ipnnl

119 5128 204 5181 sepes
217 5110 372 5167 adservetur
387 5110 422 5165 de
437 5112 562 5182 partibas
577 5112 784 5178 tractemundo,
801 5112 851 5167 soil
868 5114 917 5168 ini·

120 5198 228 5241 nttnnni
256 5182 307 5237 init
328 5181 354 5236 ln
371 5180 425 5236 boo
442 5197 516 5237 antio
532 5191 720 5253 epiportatinn.
738 5184 788 5239 list
799 5191 827 5239 et
840 5183 914 5239 alinil

121 5252 348 5315 ini·innnroilinn,
378 5251 509 5308 videlicet
536 5268 622 5325 sititor
648 5255 808 5325 contitutus,
843 5254 915 5311 adeo

119 5342 218 5401 grinte,
235 5322 309 5401 ipnnl
323 5322 387 5392 inpii
401 5323 477 5403 ¹.¹¹¹¹¹⁰
489 5324 573 5378 ninilo
585 5331 703 5395 possunt
716 5326 832 5381 veiinlies
841 5326 916 5381 lirae

119 5400 182 5457 tnii.
204 5406 339 5463 utinen-in
366 5394 505 5449 ninivensis
522 5397 729 5467 crucesignatis
750 5404 778 5453 ct
796 5399 916 5453 criicesi·
946 5422 952 5433 ·

119 5466 243 5545 ginnnlls
263 5466 335 5519 lnnni
356 5462 411 5519 tlile
436 5466 621 5533 oinisnliinns,
636 5467 710 5524 ntde
731 5468 872 5539 praeilictis
885 5484 915 5525 so

119 5540 251 5599 studeant
273 5534 450 5613 prnninniire,
476 5533 511 5589 ile
526 5538 627 5606 ipillnis
639 5538 801 5609 inpartibus
815 5541 916 5596 nostris

121 5612 228 5669 nnllnni
242 5614 385 5665 latroniani
397 5606 546 5663 inniniliinn
565 5607 607 5663 vel
618 5609 765 5678 juvatura.
777 5612 914 5667 tieternin

736 236 914 299 tton'ontt
937 236 983 299 111
1005 238 1156 299 OPERA.

1718 242 1772 303 {il-l

1011 398 1184 461 decedens
1198 398 1240 463 ad
1262 398 1410 464 nostram
1433 402 1654 481 presentiam
1673 402 1774 467 dilec-

969 498 1023 559 tus
1051 498 1142 559 filius
1171 502 1368 576 procurator
1395 500 1552 563 ecelesiae
1567 502 1772 565 Maionensis

970 598 1143 675 proposuit
1163 614 1276 661 coram
1289 598 1395 670 nobis,
1412 600 1501 677 qnod
1517 614 1624 677 quum
1636 601 1679 662 ab
1692 604 1772 663 anti·

970 713 1035 773 qno
1049 696 1165 758 eadem
1178 697 1427 760 ecclesialnerit
1446 698 1665 771 cathedralis,
1681 699 1768 763 boue

970 796 1140 857 memoriae
1167 798 1197 857 J.
1223 796 1312 857 tituli
1337 800 1370 858 S.
1399 797 1565 873 Stephani
1603 798 1641 858 in
1675 801 1768 861 Coelio

971 895 1082 954 Monte
1096 893 1268 970 presbyter
1280 895 1473 963 cardinalis,
1487 896 1544 972 qui
1560 900 1643 957 tunc
1657 898 1690 957 iu
1704 914 1768 975 par·

970 990 1059 1051 tibus
1082 990 1250 1053 Hiberniae
1270 992 1449 1069 legationis
1472 994 1588 1055 olllcio
1610 994 1766 1071 frangeba-

970 1090 1035 1161 tur,
1045 1090 1242 1151 'tuamensis
1254 1091 1551 1168 capituliversutia
1563 1093 1766 1155 circumven-

971 1188 1034 1259 tae,
1051 1187 1278 1250 Maionensem
1293 1190 1472 1251 ecclesiam
1494 1192 1668 1269 tamquam
1695 1193 1765 1253 sim·

970 1285 1089 1362 plicem
1131 1287 1356 1363 parochialem
1406 1288 1614 1365 adjudicavit
1660 1294 1764 1352 contra

970 1400 1100 1445 ornnem
1118 1385 1282 1462 justitiam
1306 1386 1495 1448 Tuamcusi.
1523 1389 1672 1465 Cumque
1695 1406 1765 1464 pro-

970 1498 1084 1543 cessus
1099 1482 1290 1561 lnijasmodi
1310 1483 1428 1545 inisset
1455 1501 1517 1562 per
1543 1485 1763 1549 venerabilem

971 1581 1106 1642 tratrem
1122 1586 1271 1644 nostruin
1295 1582 1540 1645 Annaclianum
1564 1584 1759 1662 episcopum,

971 1682 1004 1740 et
1019 1678 1209 1756 conjudices
1224 1696 1303 1741 snos
1322 1696 1342 1742 a
1365 1680 1449 1741 Sede
1472 1682 1665 1759 apostolica
1682 1683 1762 1744 dele-

970 1778 1066 1854 gatos
1084 1777 1232 1853 legitime
1247 1780 1434 1850 revocatus,
1459 1779 1596 1841 tandein
1620 1782 1761 1843 canonici

971 1876 1183 1938 Maionenses
1198 1876 1472 1939 archidiaconum
1487 1894 1586 1939 suum
1609 1878 1644 1939 iu
1660 1882 1762 1957 pasto-

970 1991 1041 2036 rem
1056 1975 1265 2037 concorditer
1274 1976 1456 2052 elegerunt
1469 1976 1533 2049 Qui
1543 1993 1646 2054 quum
1660 1980 1762 2039 venis·

972 2075 1023 2136 set
1058 2073 1099 2133 ail
1129 2073 1339 2150 praesentiam
1374 2072 1483 2135 felicis
1527 2075 1761 2137 recordationis

972 2172 1156 2234 Innocentii
1172 2187 1265 2250 papae
1286 2171 1526 2249 praedecesoris
1553 2173 1672 2246 nostri,
1694 2191 1761 2251 pro-

971 2272 1145 2355 secuturus
1155 2273 1212 2347 jus
1225 2270 1397 2331 electionis
1408 2287 1479 2332 suae
1493 2270 1679 2344 dumtaxat,
1695 2288 1758 2333 cinn

971 2368 1154 2430 reiterabili
1170 2368 1272 2430 fratre
1287 2369 1399 2430 nostm
1428 2370 1609 2431 ‘l'namensi
1638 2371 1759 2432 archie-

971 2466 1106 2544 piscopo
1121 2466 1262 2545 reproba
1277 2466 1431 2543 pactione
1445 2467 1630 2541 colludens,
1655 2484 1760 2546 passos

970 2565 1021 2627 est
1032 2564 1258 2627 fraudulenter
1274 2566 1414 2642 sopitam
1430 2566 1636 2629 reviviscere
1657 2584 1757 2644 ‹pnes-

970 2664 1106 2735 tionem,
1121 2663 1231 2741 inqua
1246 2663 1331 2725 salso
1346 2667 1598 2741 procuratorem
1618 2681 1655 2728 se
1678 2682 1759 2727 asse-

971 2778 1060 2835 rens,
1083 2760 1124 2823 de
1144 2764 1233 2825 statu
1252 2764 1352 2840 coepit
1373 2763 1524 2825 ecclesiae
1548 2764 1693 2841 litigare,
1718 2765 1756 2824 sic

970 2861 1059 2922 totus
1094 2859 1256 2922 accedens
1281 2861 1323 2922 ad
1358 2861 1526 2923 desideria
1562 2863 1754 2931 Tuamensis

971 2958 1057 3037 quod
1073 2962 1202 3036 partem
1223 2961 1295 3036 ejus
1323 2959 1364 3020 ad
1393 2958 1569 3022 victoriam
1594 2962 1756 3038 procurata

971 3056 1181 3119 consessione
1196 3057 1363 3135 produxit,
1380 3058 1468 3120 ultro
1483 3057 1657 3121 consessus
1680 3075 1754 3135 prae·

970 3156 1048 3219 dicti
1069 3156 1169 3232 legati
1194 3171 1397 3233 processum,
1409 3156 1451 3217 de
1466 3157 1679 3219 revocatione
1698 3172 1752 3217 nou

971 3254 1084 3315 liabita
1105 3255 1281 3315 mentione.
1305 3256 1467 3317 ceterum
1492 3255 1570 3332 quia
1595 3255 1749 3333 pernicio·

971 3370 1042 3413 snm
1058 3353 1157 3413 nimis
1170 3353 1203 3414 et
1217 3352 1413 3414 detestabile
1423 3354 1595 3415 videretur
1617 3353 1752 3429 exemplo

970 3451 1028 3512 tali
1047 3453 1231 3513 commento
1255 3453 1376 3512 statum
1401 3451 1545 3529 alicujus
1565 3451 1749 3514 cntlteilralis

970 3549 1120 3610 ecclesiae
1144 3549 1346 3611 interverti:
1371 3553 1568 3626 procurator
1592 3550 1750 3627 praedictus

971 3647 1109 3708 nnntnm
1133 3647 1328 3725 suppliciter
1352 3648 1481 3715 institit,
1509 3650 1542 3709 et
1566 3665 1640 3709 cum
1663 3646 1748 3707 multa

970 3744 1128 3805 instantia
1149 3744 1359 3821 supplicavit,
1383 3747 1419 3805 ut
1446 3761 1547 3821 snper
1568 3747 1610 3806 iis
1634 3743 1746 3821 aperire

971 3843 1172 3919 provisionis
1183 3843 1381 3919 apostolicae
1397 3844 1529 3903 oculum
1541 3843 1746 3919 dignaremur.

970 3942 998 4001 N
1002 3957 1038 4003 os
1053 3942 1163 4002 antem
1184 3941 1264 4003 licet
1278 3956 1344 4001 uon
1359 3941 1524 4002 immerito
1540 3946 1672 4018 propter
1684 3954 1749 4000 auc-

970 4039 1135 4100 toritatem
1164 4038 1240 4099 latae
1264 4039 1438 4100 sententiae
1466 4038 1621 4101 difficiles
1650 4038 1750 4099 inisse·

970 4152 1043 4195 tuus
1058 4151 1077 4195 a
1091 4134 1255 4211 principio
1276 4134 1486 4211 supplicanti,
1504 4137 1616 4196 tamen
1642 4135 1750 4212 qniase

970 4233 1089 4295 obtulit
1125 4232 1226 4294 claris
1263 4232 1514 4309 probationibus
1546 4236 1749 4298 ostensurum,

970 4331 1054 4409 qnod
1069 4330 1424 4393 Maionensisecclesia
1435 4331 1639 4393 cathedralis
1649 4331 1752 4393 extite-

969 4432 1022 4491 rat
1043 4428 1083 4490 ab
1110 4430 1257 4506 antique,
1290 4429 1322 4491 et
1348 4429 1383 4490 in
1413 4445 1514 4490 causa
1544 4431 1618 4508 ipsa
1643 4430 1754 4507 legatus

971 4526 1757 4605 iueratcircuinvenlus‚ejusqueprocessuspost·

970 4624 1102 4684 inoilnin
1117 4624 1302 4693 revocatus,
1318 4622 1469 4700 quodque
1484 4622 1594 4684 dictus
1606 4624 1755 4685 arcliiilia·

970 4739 1076 4783 contis
1116 4721 1220 4781 salsns
1254 4720 1363 4782 estitit
1392 4723 1601 4798 procurator,
1631 4726 1662 4783 et
1699 4734 1759 4782 cnn

970 4902 1067 4959 sitatis
1082 4899 1156 4972 qnod
1170 4898 1646 4973 anteadventninregisllungnrine
1657 4909 1685 4959 et
1695 4900 1763 4958 ducis

971 4974 1091 5031 Aristiiae
1102 4973 1245 5044 prorisniu
1258 4970 1332 5028 inita
1346 4969 1462 5027 donnino
1478 4972 1643 5043 patriarcba
1657 4981 1686 5030 et
1695 4988 1764 5045 regia

970 5051 997 5100 et
1011 5044 1180 5116 peregrinis,
1196 5051 1224 5099 et
1240 5042 1372 5098 iratribus
1390 5043 1554 5125 Hospitalis,
1580 5052 1611 5101 et
1630 5045 1712 5101 vobis
1726 5042 1765 5117 qni

971 5115 1043 5198 apud
1052 5115 1199 5187 Neapolita
1212 5114 1299 5187 syrte
1314 5120 1390 5180 sunt,
1400 5128 1665 5186 arripereniuscnni
1679 5116 1768 5175 Corra·

970 5187 1046 5249 ilino,
1063 5188 1145 5243 sivos
1159 5191 1346 5257 exspectaret,
1359 5186 1521 5258 pugnaturi.
1538 5189 1607 5243 Post
1620 5187 1767 5244 adventurn

971 5274 1037 5314 vero
1051 5256 1249 5330 praedictorum
1263 5264 1441 5337 irragnatnm,
1456 5256 1485 5312 in
1497 5256 1552 5313 ltoc
1562 5273 1668 5315 ornnes
1679 5262 1768 5315 enain·

972 5331 1207 5385 initornssensnm
1219 5327 1401 5400 praebuimus,
1414 5325 1489 5399 quod
1505 5328 1533 5383 iu
1550 5342 1640 5385 iriniin
1650 5329 1713 5385 lorti
1726 5344 1769 5402 per

971 5416 1049 5481 niara
1065 5402 1093 5456 in
1109 5407 1212 5456 terrain
1228 5398 1379 5470 Babylonis
1401 5400 1650 5481 proficisceremur
1668 5402 1705 5457 ab
1721 5403 1767 5457 ob·

970 5471 1119 5528 sidondnin
1147 5472 1321 5537 llannntain,
1337 5478 1367 5526 nt
1388 5486 1430 5527 sic
1447 5478 1565 5526 cantius
1582 5480 1613 5527 et
1634 5473 1770 5545 provisius

972 5559 1070 5600 verens
1084 5545 1200 5601 ‘leriam
1222 5546 1354 5601 Sanctam
1371 5542 1529 5601 Jerusalem
1544 5549 1613 5599 tunc
1629 5558 1767 5617 praepara-

972 5628 1078 5671 remiis.
