3802 6166
166 308 227 375 ,439
406 355 425 389 ¹.
513 305 720 368 8188111110
742 304 920 367 HONORII
941 304 986 364 111
1008 304 1312 368 PONTIFICATUS
1332 306 1463 371 ANNO.
1505 382 1507 387 ¹
1753 313 1812 372 440

168 468 249 540 pueri
273 473 403 526 sanctem
417 465 561 529 civitetenr
580 466 633 522 soll
660 463 829 522 liberabunt.
852 462 961 522 Pariter
1054 464 1086 522 ln
1099 464 1178 523 italia
1191 479 1292 538 pacem
1300 466 1374 523 inter
1384 464 1560 524 turbulentos
1570 466 1648 525 cives
1657 467 1812 526 conciliare

168 563 330 622 sentiebant
344 564 391 637 qui
411 562 497 637 paulo
519 569 582 635 post
601 561 708 619 obitum
733 561 851 619 lionorii
872 568 960 618 totam
1015 563 1185 628 tentat,sive
1200 562 1228 618 in
1242 562 1382 633 insubria,
1396 562 1444 620 ubl
1459 563 1544 621 civile
1557 562 1663 621 bellum
1682 564 1810 637 vigebat,

168 663 280 720 italiam
303 661 482 733 repleverunt
508 660 709 732 Flageilantes.
733 662 800 731 1888
830 657 961 716 Pontifex
1015 656 1075 714 slve
1090 657 1164 730 apud
1180 661 1407 729 Beneventanus,
1423 661 1485 718 sivo
1498 660 1573 734 apud
1588 662 1745 719 Patavinos
1763 664 1811 735 qui

170 760 277 833 pluries
300 756 380 826 dixit,
397 758 426 815 ln
449 757 509 815 suis
533 758 642 826 litteris,
662 758 703 815 uti
718 755 857 815 videbitur
875 755 959 824 inira,
1014 762 1119 813 statuta
1134 756 1258 814 tulerant
1271 757 1406 816 Ecclesiae
1418 758 1539 815 libertati
1555 758 1642 815 nimis
1656 760 1810 818 contraria.

167 858 283 915 Terram
308 856 442 913 Sanctam
461 869 526 912 esse
549 854 712 912 inlidelibus
731 854 910 922 traditam,‹
933 853 960 909 id
1051 851 1693 928 8888888888888881888888888
1703 857 1812 930 regine

168 953 351 1027 exigentibus
376 953 501 1026 peccatis
529 953 633 1009 nostris
651 975 674 1009 ι,
698 951 753 1010 Sed
780 951 825 1009 bis
848 958 877 1008 et
898 951 961 1008 81118
1015 964 1131 1007 causam
1147 952 1274 1024 suscipit,
1285 960 1314 1009 et
1323 959 1417 1011 tuetur
1429 954 1576 1026 pactiones
1587 953 1624 1010 de
1636 953 1702 1011 dote
1715 955 1810 1011 initas.

167 1051 308 1111 similibus
318 1050 411 1108 verbis
427 1048 508 1108 abusi
519 1058 586 1109 sunt
599 1051 725 1108 sectarii.
1016 1048 1149 1105 Blancam
1168 1063 1281 1120 quoque
1295 1050 1458 1123 Campania
1481 1051 1656 1108 comitissam
1675 1051 1813 1110 adversus

203 1148 285 1208 i'nde
298 1164 356 1206 non
366 1150 458 1206 solum
469 1148 542 1206 bella
554 1158 611 1207 tam
624 1157 741 1207 externa
750 1163 836 1221 quam
849 1148 960 1204 interna
1015 1145 1155 1203 Erardum
1170 1144 1305 1217 defendit,
1316 1162 1380 1221 quse
1389 1155 1450 1205 erat
1463 1148 1568 1206 Sancbi
1580 1151 1659 1222 regis
1675 1152 1813 1207 Navarrae

168 1246 456 1321 pcrtismescebnntur
472 1255 500 1304 et
518 1248 547 1304 ln
560 1247 695 1305 societate
712 1247 787 1304 civili
808 1246 959 1314 novitates,
1016 1257 1105 1301 soror.

167 1346 219 1404 sed
230 1346 302 1402 inter
317 1346 379 1402 ilios
391 1347 438 1417 qni
454 1344 623 1404 videbantur
636 1344 742 1402 bonnm
759 1344 891 1417 persequi
905 1357 963 1400 ma·
1052 1341 1160 1398 Eodem
1176 1356 1262 1412 anno,
1276 1343 1410 1400 institutae
1430 1357 1446 1400 8
1461 1343 1490 1400 S.
1506 1344 1656 1401 Dominico
1668 1346 1812 1418 reiiglosrc

167 1444 227 1501 litia
236 1444 340 1501 erroris
353 1444 488 1516 paulatim
501 1442 634 1516 serpebat
644 1449 673 1500 et
685 1440 878 1516 gradiebatur.
887 1441 962 1498 Talia
1016 1438 1172 1511 disciplinae
1194 1438 1312 1498 formula
1326 1439 1361 1499 ab
1379 1441 1516 1512 lionorio,
1530 1441 1693 1514 Apostolica
1713 1452 1811 1501 aucto-

168 1547 230 1598 ernt
242 1540 361 1614 publlcae
374 1541 414 1598 rei
428 1548 519 1598 status
536 1556 624 1613 quum
642 1539 826 1597 innocentius
841 1541 882 1597 lll
899 1553 959 1595 mo·
1017 1538 1099 1594 ritate
1111 1537 1305 1595 conllrmntur.

169 1637 961 1710 818881888811888811181118188888888881181188.
1052 1636 1174 1707 Repertn
1191 1635 1288 1705 etiam,
1304 1642 1376 1693 teste
1395 1637 1528 1708 baronio,
1541 1652 1660 1710 corpora
1678 1638 1706 1695 S.
1718 1638 1811 1695 Alexii

206 1735 306 1793 Statim
315 1749 349 1792 ac
361 1734 558 1792 Pontilloatum
570 1734 690 1806 adeptus
699 1741 744 1792 est
754 1734 896 1791 Honorius
910 1735 961 1800 ili,
1017 1738 1045 1788 et
1063 1730 1210 1802 Boulinoil,
1225 1733 1253 1790 in
1270 1747 1371 1790 eorum
1390 1735 1523 1805 ecclesia,
1543 1737 1652 1806 ilomre,
1668 1736 1698 1793 in
1713 1743 1812 1793 monte

170 1829 206 1889 de
220 1848 271 1890 sna
285 1833 462 1905 promotione
480 1832 617 1890 certiores
632 1830 696 1889 iecit
715 1847 766 1904 per
778 1831 886 1889 litteras
904 1837 963 1888 tum
1017 1830 1173 1888 Aventino.

171 1930 317 2002 praesules,
334 1938 395 1987 tum
409 1930 559 2003 religiosos
573 1930 660 1999 viros,
677 1938 736 1987 tum
749 1945 833 2004 reges
843 1936 872 1987 et
884 1930 962 2001 prin·
1053 1929 1086 1985 ln
1098 1928 1187 1987 Gallia
1206 1928 1376 2001 repullulare
1392 1929 1455 1988 visa
1467 1937 1511 1987 est
1533 1928 1652 1988 audacia
1669 1930 1809 2003 Alblgen-

57 2088 62 2095 ,
170 2027 265 2099 cipes,
289 2034 317 2085 et
339 2027 608 2100 ierosolymitanum
631 2043 745 2101 regem,
765 2027 840 2100 apud
863 2042 965 2085 omnes
1017 2025 1103 2082 sium.
1119 2027 1192 2083 iiam
1204 2026 1387 2099 ltaymundus
1395 2027 1649 2099 junior‚socletate
1664 2027 1735 2085 inita
1748 2042 1813 2084 curu

171 2131 342 2197 protestatus
363 2139 420 2181 non
445 2139 496 2197 per
517 2134 637 2183 mortem
662 2126 822 2183 innocentii
846 2141 962 2183 omnem
1018 2123 1254 2192 Massiliensibus,
1269 2139 1334 2181 cnm
1355 2125 1604 2182 Avenlonenslbus
1620 2133 1649 2182 et
1669 2125 1733 2181 aliis
1750 2126 1812 2182 lini·

170 2236 235 2279 esse
248 2221 372 2279 ablatam
387 2236 468 2293 spem
481 2222 670 2295 expeditionis
683 2224 891 2281 transmarinae.
967 2256 971 2262 -
1019 2223 1105 2292 timis,
1124 2221 1317 2281 biontlortium
1334 2223 1489 2296 superavit,
1504 2222 1740 2294 apudcivitatem
1753 2223 1813 2280 Bel·

205 2317 250 2376 Ad
264 2319 417 2376 Galliarum
430 2320 581 2392 episcopos
593 2321 750 2393 pracsertim
765 2321 871 2390 scribit,
893 2336 965 2393 quos
1019 2318 1187 2394 liquadrnm.
1208 2321 1269 2389 Quo
1292 2318 1366 2377 iacto
1382 2320 1507 2392 cognito,
1525 2321 1620 2391 plures
1639 2318 1815 2377 delectiones

171 2414 337 2474 adhortatur
350 2423 381 2474 ut
392 2418 520 2474 omnium
537 2417 649 2475 animos
670 2418 803 2475 excitent.
816 2421 852 2476 Et
865 2419 893 2475 iu
906 2426 965 2475 toto
1018 2425 1124 2475 secute
1146 2425 1220 2486 suut,
1242 2416 1310 2475 dum
1334 2418 1426 2490 ipsam
1446 2417 1577 2474 Tolosam
1606 2416 1660 2474 sibi
1676 2417 1816 2474 alienaret

170 2513 218 2570 illo
233 2513 325 2587 primo
340 2529 427 2582 anno,
447 2520 523 2572 totus
544 2521 588 2572 est
611 2514 646 2572 ad
665 2515 857 2588 comparanda
873 2516 964 2574 881181-
1019 2513 1197 2583 idoniortius,
1216 2529 1314 2586 quum,
1338 2513 1477 2572 exhausta
1505 2515 1627 2587 pecunia
1640 2515 1670 2571 in
1685 2513 1815 2572 diversas

170 2609 454 2668 dln'lerraeSanctae.
1020 2613 1157 2670 bellorum
1182 2614 1339 2686 impensas,
1368 2612 1512 2669 civitatem
1541 2613 1658 2685 triginta
1692 2612 1815 2670 millibus

207 2711 318 2766 interea
338 2707 489 2765 defunctus
502 2715 545 2767 est
557 2710 711 2782 imperator
725 2711 962 2784 Constantinopo-
1020 2724 1179 2767 marcorum
1193 2710 1350 2767 mulctavit.

170 2806 276 2862 lltnnus
301 2808 450 2875 Henricus,
472 2807 500 2862 in
521 2808 603 2878 cujus
622 2809 715 2865 locum
739 2811 839 2867 Petrus
868 2824 966 2867 comes
1055 2810 1174 2865 iiaecest
1188 2807 1278 2864 series
1293 2805 1431 2882 iactorupr
1450 2806 1486 2863 nd
1509 2807 1633 2880 primum
1646 2808 1815 2866 Honorillii

171 2902 439 2962 Autissiodorensis.
452 2903 559 2976 (Pierre
572 2904 607 2962 de
617 2906 780 2977 Courtenai)
796 2907 921 2981 eligitur.
1020 2906 1204 2964 Pontillcatus
1216 2919 1322 2961 annum
1339 2904 1613 2976 pertinentiumsed
1623 2905 1815 2977 majestatem,

208 3000 303 3058 livita
326 3002 412 3058 cessit
431 3003 518 3059 etiam
537 2999 592 3059 boc
607 3018 683 3060 anno
705 3006 832 3062 loannes
853 3005 965 3077 Angliae
1019 3012 1049 3062 et
1062 3003 1288 3076 amplitudinem,
1298 3016 1331 3059 ac
1342 3001 1511 3075 dignitatem
1524 3000 1650 3060 historiae
1664 3017 1722 3060 non
1739 3005 1816 3060 inve·

172 3111 232 3155 rex.
261 3098 351 3170 liujus
376 3098 464 3157 illium
495 3101 659 3170 Henricum,
689 3100 783 3159 adbuc
816 3102 965 3174 parvulum
1020 3102 1154 3160 nlendam
1173 3108 1250 3175 puto,
1274 3101 1330 3158 nisi
1352 3102 1380 3157 18
1400 3101 1470 3173 ipsis
1484 3100 1619 3174 genuinis
1634 3099 1817 3158 documentis

172 3193 301 3255 Pontifex
316 3196 415 3269 recipit
433 3197 486 3254 sub
499 3212 550 3255 suo
562 3206 591 3256 et
602 3197 749 3257 beatorum
764 3200 964 3272 Apostolorum
1020 3215 1083 3273 que
1097 3198 1169 3257 inira
1182 3199 1337 3269 tradentur,
1350 3198 1459 3257 scilicet
1473 3200 1503 3255 in
1518 3198 1610 3272 primo
1623 3198 1816 3271 Epistolarum

172 3294 248 3353 Petri
258 3301 286 3351 et
299 3294 378 3351 Pauli
393 3296 551 3368 patrocinio
568 3303 596 3353 et
607 3310 707 3369 regem
719 3296 817 3356 Gallie
831 3296 963 3357 debortn·
1020 3283 1153 3372 sequenti
1165 3298 1248 3356 libro.

108 3426 111 3433 -
172 3398 217 3451 tur
232 3390 267 3450 ab
282 3392 441 3452 invadenda
452 3394 611 3469 anglorum
624 3401 709 3455 terra.
