3794 6166
135 278 194 339 eal

119 439 270 502 -clericis
286 439 486 518 supradictis
501 441 549 506 sic
564 442 600 503 in
621 441 822 504 necessariis
844 444 878 503 et
896 443 932 504 tu

135 537 208 614 ipse
232 537 420 610 subvenias,
444 541 477 601 et
501 539 605 601 iacias
626 539 661 601 in
682 541 740 601 tua
760 540 931 619 provincia

134 634 319 706 subveniri,
331 635 417 712 quod
431 636 507 713 ipsi,
525 636 744 699 subventione
756 637 930 699 caritativa

135 730 270 801 firmati,
290 735 493 810 assumptam
518 751 653 796 cansam
678 734 795 797 fortius
810 751 930 812 prose-

134 830 289 906 quantur.
318 833 437 893 Datum
455 833 620 904 Laterani,
634 835 693 894 Vll
709 833 869 894 kalendas
878 837 931 910 ju·

135 927 184 999 lii,
197 929 408 1004 pontificatus
423 931 529 993 nostri
549 946 637 992 anno
653 930 809 992 secundo.

472 1090 598 1177 ducx

132 1215 186 1274 Ad
200 1215 410 1290 nwptstrum
424 1215 458 1275 ct
472 1215 604 1289 fratres
619 1217 739 1277 doricus
753 1216 930 1289 oospuam

363 1313 700 1388 hierosolymitanae.

428 1425 464 1483 aa
474 1425 537 1499 jun.
554 1426 633 1484 rara.

236 1531 366 1594 [l’heinen
375 1534 486 1583 bionum.
497 1532 641 1596 llnngarira,
650 1534 670 1595 l,
682 1533 720 1594 ld,
730 1547 755 1590 n,
769 1533 820 1598 ri]

130 1630 183 1686 liis
200 1638 452 1687 annuumcentum
473 1644 632 1688 marcarum
655 1632 768 1705 argenti
787 1630 927 1688 redditum

169 1719 205 1774 ab
228 1718 353 1788 Andrea,
383 1720 539 1792 ilungariae
563 1735 644 1793 rege,
672 1735 852 1790 concessum,
878 1737 929 1792 pro

167 1807 296 1865 custodia
312 1809 398 1865 castri
413 1809 535 1882 Margati
550 1808 710 1866 continuat.

172 1916 340 1976 Honorius
382 1918 576 1994 episcopus,
607 1934 724 1979 servus
756 1933 927 1978 servorum

129 2014 203 2084 Dei,
220 2016 296 2085 etc,
313 2013 444 2076 dilectis
460 2015 576 2075 filiis...
592 2016 750 2090 magistro
765 2018 798 2076 et
813 2015 929 2076 fratri-

129 2110 194 2170 bus
214 2110 330 2171 domus
344 2111 518 2187 hospitalis
534 2113 858 2189 Hierosolymitanae,
873 2129 929 2173 sa-

130 2208 234 2269 lutem
249 2210 282 2270 et
298 2209 513 2285 apostolicam
529 2210 806 2271 benedictionem.

173 2309 253 2367 (lum
268 2306 397 2368 anobis
413 2308 543 2385 petitur,
566 2311 627 2369 etc.
645 2311 837 2386 Eapropter,
851 2311 926 2376 etr„

119 2420 239 2478 ,amatve
254 2421 405 2467 assensu.
422 2410 577 2467 Anuurnn
591 2409 722 2469 centurn
740 2423 926 2469 marcarum

130 2503 262 2577 argenti
284 2503 447 2564 redditum
472 2504 565 2565 vobis
580 2520 640 2582 pro
660 2505 809 2567 custodia
825 2507 925 2567 castri

130 2601 244 2671 vestri,
257 2602 342 2677 quod
358 2603 501 2677 Margati
519 2602 650 2674 dicitur,
666 2620 685 2664 a
701 2604 876 2664 carissimo
891 2605 926 2664 in

129 2695 262 2757 Christo
290 2695 360 2757 filio
391 2698 507 2759 nostro
535 2697 667 2759 Andrea
694 2697 819 2760 illustri
847 2715 927 2774 rege

129 2793 313 2869 Hungariae
334 2793 375 2855 de
395 2795 608 2871 proventibus
623 2795 744 2857 salium
764 2797 859 2872 regni
874 2797 926 2858 sni

129 2891 218 2966 apud
230 2891 372 2953 Zolacba
387 2893 442 2969 pia
455 2892 655 2956 liberalitate
665 2910 871 2967 concessum,
884 2896 927 2956 si·

128 2991 187 3050 cut
201 2989 308 3065 ipsum
326 2991 416 3067 juste
435 3006 475 3053 ac
496 2991 634 3068 pacifice
658 2991 825 3064 obtinetis,
843 2994 876 3054 et
890 2993 924 3054 iu

129 3087 279 3164 eJusdem
304 3088 392 3163 regis
414 3088 535 3150 litteris
557 3089 688 3165 plenius
716 3090 923 3161 continetur,

126 3183 269 3247 vobiset
292 3201 352 3262 per
369 3200 429 3246 vos
455 3186 567 3247 domui
586 3189 706 3249 vestrae
728 3187 925 3249 auctoritate

127 3283 794 3360 Apostolicaconllrmamus,etpraesentis
809 3284 925 3361 scripti

126 3380 313 3456 patrocinio
324 3381 577 3442 communimus.
587 3381 635 3443 Ad
647 3383 924 3460 majoremautern

127 3477 178 3539 rei
189 3477 401 3551 evidentiam,
416 3480 564 3542 tenorem
579 3479 764 3540 litterarum
776 3481 924 3557 ipsarum

126 3574 169 3636 de
190 3574 292 3637 verbo
310 3576 351 3637 ad
374 3576 681 3654 verbumjussirnus
703 3577 923 3654 praesentibus

127 3675 295 3735 annotari.
311 3674 373 3746 Qui
384 3675 462 3735 talis
473 3679 524 3736 est
540 3696 547 3735 ε

168 3773 206 3832 In
218 3771 352 3833 nomine
368 3774 497 3834 Sanctae
512 3772 686 3835 Trinitatis
699 3775 732 3834 et
743 3773 923 3837 individuae

126 3869 274 3931 unitatis.
290 3869 440 3932 Andreas
453 3871 511 3932 Dei
523 3871 630 3947 gratia
643 3872 835 3948 Hungariae,
845 3873 924 3934 Dal-

126 3965 249 4039 matiae,
280 3968 432 4039 croatiae,
458 3971 583 4040 Ramae,
611 3969 748 4037 sarviae,
779 3970 921 4043 Galitiae,

125 4063 397 4143 Lodomircaeque
416 4081 477 4127 rex
502 4066 539 4127 in
559 4069 765 4145 perpetuum.
782 4069 921 4129 Muniti-

125 4162 244 4227 centiae
259 4163 383 4240 regalis
397 4164 616 4237 immensitas,
637 4165 715 4228 licet
733 4167 775 4227 ad
790 4166 921 4242 ignotos

123 4261 159 4322 et
180 4261 328 4337 cognitos
345 4260 479 4322 dilatari
500 4262 628 4334 debeat,
645 4262 720 4325 illos
735 4266 845 4325 tamen
865 4265 920 4325 di-

123 4357 212 4419 vinae
228 4352 361 4434 pietatis
379 4358 502 4420 iutuitu
527 4359 665 4434 largiori
683 4361 790 4436 gratia
809 4361 921 4423 lovere

123 4453 222 4517 debet
235 4456 269 4517 et
288 4455 455 4532 amplecti,
481 4472 541 4534 per
561 4473 700 4534 quorum
726 4475 844 4520 manus
867 4463 922 4522 ut-

123 4553 201 4630 pote
229 4552 494 4629 dispensatorum
523 4554 670 4616 fidelium
699 4573 765 4617 non
794 4560 920 4620 tanturn

122 4650 297 4726 largientis
306 4652 742 4726 memoriaecommendatur,
751 4655 807 4715 sed
819 4656 919 4717 etiam

123 4749 410 4812 succrescentibus
438 4766 527 4812 verae
555 4751 728 4828 religionis
758 4752 919 4815 fructibus

121 4846 183 4908 Dei
198 4846 307 4908 cultus
332 4848 541 4910 incessanter
562 4849 731 4912 dilatatur.
757 4852 838 4911 Cum
852 4852 919 4913 ita-

121 4959 199 5021 que,
216 4944 312 5021 prout
326 4960 370 5006 ex
385 4948 547 5024 snsceptae
558 4949 837 5025 peregrinationis
853 4950 920 5010 offl-

121 5042 176 5103 cio
191 5041 396 5115 tenebamur,
420 5043 456 5105 in
472 5046 575 5106 Terra
591 5046 711 5109 Sancta
726 5046 839 5108 divino
854 5062 917 5109 va-

119 5154 274 5201 caremus
289 5140 918 5218 serviti0,etproutanteadidiceramus

119 5238 257 5310 auditu,
293 5239 555 5301 sacratissimum
592 5241 709 5303 domus
744 5243 918 5321 hospitalis

120 5335 236 5398 Sancti
252 5335 416 5399 lobannis
428 5338 585 5415 Baptista
598 5339 639 5401 de
648 5340 835 5404 Jerusalem
854 5342 919 5404 col·

119 5433 245 5509 legium
259 5433 424 5509 largifluis
433 5434 593 5497 virtutum
609 5437 764 5514 operibus
776 5437 918 5515 fragres-

117 5546 206 5603 care,
224 5529 289 5592 fide
309 5533 573 5610 perspiceremus
592 5535 735 5608 oculata,
752 5552 916 5616 nusquam

118 5628 250 5696 melius,
275 5643 374 5705 quam
399 5629 434 5691 in
459 5630 558 5708 hujus
577 5632 694 5695 domus
718 5633 915 5711 suffragium

760 280 992 342 nrrsromn.
1015 282 1094 343 nra.
1117 283 1159 343 rr.
1286 312 1296 339 r
1743 290 1784 348 22
1865 302 1868 307 —

987 443 1108 505 nostrae
1132 442 1321 506 donationis
1344 445 1601 524 eleemosynam,
1629 448 1782 509 animad-

986 540 1781 607 vertimustorecollocandam.Videbamusenim

986 639 1132 714 quotidie
1155 642 1347 702 memoratae
1371 641 1498 714 domus,
1515 644 1552 704 ut
1576 641 1637 705 Joh
1659 644 1691 704 et
1712 645 1781 703 Το-

985 735 1087 805 biam,
1103 753 1284 813 pauperum
1299 738 1430 800 turbam
1454 741 1495 801 ad
1520 756 1555 802 se
1579 740 1782 801 diffluentem

986 836 1142 898 diuturna
1168 836 1360 898 victualium
1387 837 1674 900 administratione
1699 839 1782 898 red-

986 948 1073 1005 cere,
1090 934 1294 996 mortuorum
1315 936 1349 996 in
1367 936 1510 1008 Christo,
1527 952 1666 1013 corpora
1682 936 1782 1012 digna

985 1032 1200 1093 veneratione
1237 1033 1380 1110 sepelire
1407 1050 1415 1094 :
1445 1036 1478 1096 at
1508 1035 1545 1095 ut
1577 1035 1711 1094 renatos
1748 1033 1781 1093 in

986 1129 1115 1190 Christo
1131 1130 1340 1192 Machabaeos
1356 1148 1422 1193 non
1440 1132 1567 1194 tautum
1583 1131 1617 1191 in
1634 1147 1782 1208 pagano-

985 1243 1058 1288 rum
1074 1227 1228 1293 confiniis
1244 1232 1353 1290 castra
1364 1229 1586 1291 munitissima
1603 1229 1779 1298 collocare,

984 1327 1222 1388 verumetiam
1244 1343 1303 1404 pro
1324 1327 1450 1389 Christi
1471 1327 1605 1390 nornine
1628 1327 1782 1403 propria·
1889 1366 1892 1381 .

984 1440 1058 1485 rum
1088 1423 1240 1486 litatione
1277 1440 1495 1501 personarum
1526 1424 1781 1487 Amalechurum

985 1522 1141 1598 impetum
1161 1522 1346 1595 retinendo,
1371 1523 1563 1585 christianae
1583 1522 1660 1583 fldei
1680 1522 1782 1582 serni-

984 1636 1102 1682 narum
1116 1636 1310 1698 propagare.
1324 1623 1393 1683 Nos
1405 1622 1507 1697 igitur
1518 1619 1781 1698 saepedictaedo-

984 1735 1058 1778 mus
1090 1734 1157 1780 nun
1182 1721 1311 1781 tantum
1342 1719 1464 1780 divinae
1496 1720 1629 1797 pietatis
1657 1718 1781 1779 intuitu

984 1816 1192 1889 coadjutores
1221 1817 1309 1877 eitlci
1338 1818 1530 1894 cupienter,
1558 1816 1616 1881 sad
1644 1817 1711 1877 tam
1745 1816 1781 1876 iu

983 1914 1129 1985 Aclrone,
1142 1914 1263 1977 Chrato
1279 1915 1311 1976 et
1326 1916 1476 1991 Margato
1491 1913 1585 1975 nobis
1598 1914 1778 1990 impensas,

984 2010 1122 2071 delicias
1136 2013 1169 2072 et
1193 2011 1336 2072 honores
1358 2011 1508 2072 nolentes
1531 2010 1779 2086 ingratitudinis

984 2108 1155 2184 praeterire
1172 2108 1315 2180 silentio,
1330 2109 1445 2170 nostra
1455 2109 1709 2185 nostrorumque
1719 2108 1781 2167 ba-

983 2222 1101 2266 ronum
1116 2205 1354 2268 deliberatione
1369 2206 1518 2282 legitima
1542 2206 1578 2266 in
1593 2208 1648 2283 jus
1664 2206 1698 2266 et
1716 2222 1778 2266 su-

983 2304 1125 2380 pradicti
1152 2304 1295 2380 hlargati
1324 2303 1410 2382 quod
1436 2305 1528 2365 recte
1555 2304 1590 2365 in
1614 2302 1778 2365 frontibus

983 2417 1187 2479 paganorum
1203 2404 1303 2464 situm
1325 2404 1385 2470 est,
1407 2403 1681 2463 sustentationem
1698 2417 1778 2478 per-

982 2501 1126 2576 petuam,
1147 2499 1189 2562 ob
1212 2501 1435 2563 reverentiam
1458 2501 1558 2561 etiarn
1582 2500 1723 2560 fratrum
1743 2499 1779 2559 in

982 2599 1163 2660 memorato
1179 2601 1289 2661 castro
1313 2599 1604 2670 commorantium,
1622 2597 1778 2674 aquibus

983 2696 1016 2756 in
1031 2698 1147 2759 nostro¹
1158 2697 1299 2759 transitu
1309 2697 1452 2773 benigne
1468 2697 1592 2773 recepti
1604 2696 1727 2757 suimus
1745 2697 1779 2757 et

981 2794 1166 2856 lrorroridce
1192 2795 1396 2871 pertractati,
1421 2795 1462 2856 de
1478 2793 1692 2872 proventibus
1716 2809 1777 2854 sa-

981 2892 1063 2953 lium
1077 2892 1173 2969 regui
1188 2892 1294 2954 nostri
1309 2894 1440 2955 centum
1456 2908 1587 2953 marcas
1599 2907 1730 2968 semper
1742 2891 1778 2952 iu

981 2990 1131 3068 paschali
1145 2993 1293 3068 ternpore
1308 2990 1459 3052 dedimus
1478 2991 1514 3051 in
1534 2992 1673 3066 argento
1687 2989 1776 3066 apud

981 3086 1123 3150 Zolacha
1156 3088 1229 3148 sine
1258 3087 1448 3148 conditione
1478 3087 1716 3165 persolvendas
1745 3088 1778 3148 et

980 3185 1180 3247 contulimus
1195 3185 1230 3246 in
1252 3187 1447 3263 perpetuum
1467 3184 1694 3262 possidendas.
1711 3188 1778 3246 Ve-

980 3299 1054 3345 rum
1081 3283 1159 3361 quia
1178 3283 1229 3344 rei
1255 3285 1357 3358 gestae
1381 3283 1542 3345 memoria
1562 3281 1653 3344 sacili
1681 3282 1777 3359 lapsu

979 3381 1169 3443 mortalium
1194 3381 1321 3443 mentes
1346 3380 1487 3452 deserit,
1509 3381 1575 3441 nisi
1601 3381 1775 3458 scripturae

980 3482 1193 3542 monumento
1222 3478 1490 3548 commendetur,
1520 3480 1553 3540 et
1578 3479 1777 3540 auctoritate

979 3577 1072 3654 regia
1087 3577 1259 3648 solidetur,
1276 3579 1313 3638 ut
1326 3576 1398 3639 haec
1411 3593 1431 3638 a
1446 3575 1542 3638 nobis
1562 3577 1649 3638 iacta
1671 3577 1778 3637 dona·

978 3676 1025 3737 tio
1039 3675 1161 3737 nostris
1179 3677 1433 3752 nostrorumque
1448 3691 1677 3737 successorum
1693 3690 1776 3751 ope·

978 3773 1171 3835 ribussalva
1181 3788 1312 3850 semper
1321 3774 1559 3835 etinconcussa
1568 3773 1772 3851 permaneat,

978 3873 1175 3948 praesentem
1195 3871 1419 3933 concessimus
1443 3871 1597 3948 paginam
1613 3871 1775 3937 secretio.-

978 3970 1026 4029 ris
1036 3968 1139 4043 sigilli
1155 3968 1271 4040 nostri,
1286 3983 1398 4030 aureae
1416 3968 1574 4030 videlicet
1587 3967 1699 4039 bullae,
1716 3984 1775 4028 cu·

978 4068 1106 4128 ractere
1119 4067 1153 4128 in
1176 4068 1369 4144 perpetuum
1380 4064 1581 4129 roboratam.
1654 4110 1679 4151 ᾳ

1017 4167 1134 4226 Datum
1148 4165 1235 4242 apud
1261 4167 1447 4242 Margatum
1471 4180 1530 4242 per
1545 4180 1679 4226 manum
1701 4181 1775 4226 ma-

975 4262 1073 4338 gistri
1098 4262 1282 4337 Huguerini
1312 4264 1399 4324 aulae
1429 4263 1531 4338 regiae
1558 4263 1771 4334 cancellarii,

975 4375 1063 4421 anno
1077 4361 1261 4420 MCCXVIl.
1273 4359 1463 4420 Venerabili
1475 4359 1627 4420 iohanne
1644 4360 1774 4433 Strigo-

976 4458 1096 4528 niensi,
1125 4457 1308 4518 reverendo
1330 4456 1508 4519 Bartholdo
1524 4457 1697 4518 colocensi
1716 4473 1773 4516 ar·
1795 4452 1800 4459 “

976 4555 1198 4631 chiepiscopis
1221 4554 1451 4625 existentibus,
1468 4555 1591 4615 Colano
1609 4554 1773 4630 Quinque·

976 4653 1187 4725 ecclesiensi,
1211 4653 1382 4714 Desiderio
1402 4652 1612 4724 Cenadiensi,
1628 4654 1771 4729 Syruoue

975 4751 1198 4822 Waradiensi,
1220 4751 1391 4812 Willelmo
1412 4750 1643 4822 Trarrsilvano,
1671 4753 1770 4811 Patro

975 4849 1164 4921 (lauriensi,
1194 4848 1337 4910 Roberto
1364 4848 1619 4924 vesprimiensi,
1647 4847 1770 4910 Jacobo

974 4946 1159 5019 Watiensi,
1189 4947 1355 5024 Stephano
1381 4945 1614 5022 zagabriensi,
1643 4946 1770 5007 Thema
1798 4948 1800 4953 ’

974 5045 1127 5121 Agriensi
1142 5046 1246 5107 alecto
1268 5045 1433 5121 episcopis
1449 5043 1609 5106 ecclesias
1626 5044 1770 5106 feliciter

973 5143 1248 5220 gubernantibus3
1260 5147 1278 5206 J
1283 5144 1336 5203 ula
1351 5142 1514 5214 Palatino,
1530 5143 1687 5220 Dionysio
1704 5158 1771 5203 rna-

973 5243 1076 5318 gistro
1089 5243 1350 5303 'lavarnicorum
1367 5242 1400 5302 et
1421 5241 1540 5302 comita
1566 5242 1768 5308 Novicastri,

973 5343 1059 5402 Ocuz
1085 5339 1206 5401 curiali
1228 5340 1364 5411 comite,
1387 5339 1559 5417 Raphavrn
1581 5341 1768 5418 woyvvoda,

972 5440 1126 5500 Bancone
1138 5437 1235 5510 bano,
1253 5444 1285 5500 et
1299 5439 1431 5499 caeteris
1444 5437 1620 5501 comitibus
1634 5439 1769 5499 comita·

971 5537 1024 5599 tus
1038 5534 1237 5598 tenentibus.
1255 5535 1361 5612 Regni
1376 5536 1482 5599 nostri
1495 5553 1583 5599 anno
1598 5538 1685 5598 Xlll.

1011 5633 1103 5716 Nulli
1131 5649 1223 5711 argo,
1246 5635 1322 5708 etc,
1350 5635 1472 5699 nostrae
1499 5633 1764 5698 confirmati-anis
