3794 6166
64 294 127 353 8⁴29
695 287 922 349 liPIS'l'OLAE.
947 287 1024 345 LlB.
1050 288 1089 346 ΙΙ.
1625 322 1629 329 ι
1654 292 1715 350 830

62 455 99 513 et
121 450 244 514 sudore
268 451 418 512 vultuum
440 465 527 527 pane
548 464 608 510 616
623 448 813 520 vescuntur,
829 450 862 510 et
916 444 1038 507 cubilia
1053 468 1060 507 z
1075 448 1277 523 praesentem
1290 448 1445 525 paginam
1461 448 1649 510 secretioris
1659 450 1712 510 si·

63 565 126 627 pro
144 549 268 609 Christi
288 548 424 609 nomine
445 563 507 608 nec
528 547 613 607 mori
632 549 782 608 metuunt
801 563 862 608 nec
916 543 987 620 gilli
1001 544 1118 616 nostri,
1131 560 1242 605 aureae
1255 545 1410 607 videlicet
1429 544 1530 606 bullae
1543 551 1713 609 caractere

63 645 247 707 formidant
261 643 426 707 laborare.
441 646 510 706 Nos
525 644 627 720 igitur
648 643 711 703 fide
731 645 861 706 oculata
916 640 1055 702 fecimus
1078 641 1244 718 insigniri.
1269 644 1399 715 Datum,
1416 644 1478 703 etc.
1500 642 1552 720 (uf
1575 644 1710 723 supra).
1838 646 1850 662 “

63 758 147 804 vera
171 758 246 804 esse
269 742 519 821 perspicientes,
542 757 615 818 quae
639 741 679 802 de
702 742 865 817 magistro,
955 739 1048 799 Nulli
1069 754 1160 815 ergo,
1187 742 1267 811 eto,
1298 743 1419 802 nostrae
1450 741 1717 803 confirmationis

64 843 191 902 sanctas
202 841 319 901 domus
330 840 507 917 hospitalis
522 842 555 900 et
567 834 724 900 fratribu‘s
739 841 861 900 nostris
916 835 1109 912 infringere,
1141 839 1202 898 etc.
1231 838 1265 898 Si
1281 838 1354 914 quis
1376 841 1497 910 autem,
1515 841 1576 900 616.
1594 842 1712 901 Datum

63 939 232 1015 quondam
245 937 378 999 fueraut
391 937 529 998 auribus
542 937 705 1007 intimata,
722 939 754 998 et
766 937 862 998 nobis
917 934 1091 1006 Laterani,
1122 937 1150 994 V
1183 934 1344 996 kalendas
1371 936 1470 1013 julii,
1502 937 1712 1014 pontificatus

62 1035 171 1097 lactas
186 1034 327 1096 delicias
341 1034 375 1096 et
389 1034 532 1096 honores
550 1033 800 1110 ingratitudinis
812 1035 862 1095 si-

61 1132 169 1194 lentio
193 1133 290 1210 quasi
317 1130 570 1193 conniventibus
587 1131 693 1192 oculis
712 1132 862 1193 nolentes

60 1229 248 1306 praeterire,
274 1230 375 1290 immo
399 1245 459 1307 pro
479 1228 717 1306 temporalibus
736 1230 860 1292 aeterna

60 1326 216 1388 volentes
242 1327 378 1398 metere,
399 1328 432 1388 61
455 1326 648 1388 transitoria
673 1327 862 1388 coelestibus

61 1428 281 1495 commutare,
311 1423 426 1486 habita
443 1423 681 1485 deliberatione
701 1424 859 1500 legitima,

60 1536 106 1582 ex
127 1519 291 1581 baronum
316 1522 506 1582 nostrorum
530 1519 671 1582 consilio
695 1520 861 1597 praedictae

62 1617 179 1679 domui
195 1617 364 1695 hospitali,
381 1620 540 1696 quantum
561 1617 657 1679 uobis
672 1633 731 1695 pro
752 1634 863 1681 reme-

61 1715 121 1776 dio
136 1715 258 1777 animae
269 1716 392 1777 nostrae
404 1716 530 1776 donare
538 1715 673 1792 placuit,
686 1716 862 1778 statuimus

58 1812 98 1873 in
113 1816 242 1887 Accon3
260 1812 316 1873 sed
333 1812 374 1873 ad
397 1815 508 1890 partes
529 1813 753 1890 Tripolitanae
769 1816 863 1875 tran-

60 1911 212 1983 seuntes,
229 1910 373 1971 vidimus
387 1910 560 1972 castellum
571 1911 660 1972 Crati
675 1927 795 1987 magno
806 1912 861 1972 la-

59 2007 146 2070 bore
156 2009 189 2070 et
200 2009 497 2085 sumptutauquam
507 2009 606 2069 terrae
615 2009 740 2070 clavem
752 2010 863 2071 Chris·

59 2105 166 2167 tianae
180 2104 330 2176 retineri,
345 2109 377 2166 et
390 2104 468 2182 quia
477 2105 522 2165 ihi
536 2105 678 2181 benigne
689 2108 722 2167 et
731 2108 863 2183 magni-

61 2204 139 2275 fice,
150 2207 186 2265 ut
200 2204 349 2263 nostram
362 2201 607 2277 decuitregiam
618 2202 859 2276 celsitudinem,

61 2299 106 2361 ab
130 2299 279 2376 eJusdem
300 2300 402 2361 castri
426 2299 618 2367 castellano,
643 2300 860 2378 1161161161-

60 2397 188 2459 111116
201 2397 242 2458 16
253 2397 415 2473 Piguano,
432 2399 465 2458 et
475 2397 552 2458 aliis
566 2396 723 2459 fratribus
739 2398 861 2460 ibidem

62 2493 346 2556 commorantibus
371 2495 495 2573 recepti
519 2495 653 2567 fuimus,
682 2496 861 2558 constitui-

61 2609 139 2654 mus
154 2592 312 2670 praedicto
327 2593 436 2654 castro
451 2595 582 2655 centum
594 2608 723 2655 marcas
731 2593 771 2656 de
784 2610 862 2671 pro-

60 2689 219 2752 ventibus
245 2690 366 2750 salium
394 2690 581 2752 nostrorum
606 2691 641 2751 in
671 2692 859 2765 Scolasche,

63 2787 237 2850 annuatim
257 2788 292 2848 in
321 2788 447 2864 pascali
470 2788 634 2866 tempore,
663 2789 700 2849 iu
723 2792 861 2866 argento

61 2886 308 2963 inperpetuum
336 2885 408 2945 sine
430 2885 691 2947 contradictione
712 2887 745 2948 et
771 2887 860 2948 dila-

59 2984 154 3045 tione
178 2981 325 3060 qualibet
340 2983 555 3059 possidendas
576 2986 608 3045 et
630 2983 858 3061 recipiendas3

61 3082 111 3143 fta
137 3081 224 3159 quod
259 3081 388 3143 ratione
416 3081 648 3158 praenominati
686 3082 860 3143 castellani

62 3180 239 3255 sexaginta
262 3179 346 3240 adeo
370 3179 514 3256 proprie,
540 3194 579 3240 ac
604 3180 632 3239 si
659 3179 799 3257 ipsemet
821 3179 861 3240 16

62 3277 200 3361 proprio
236 3277 435 3354 patrimonio
463 3276 674 3348 statuissent,
702 3276 861 3338 fratribus

61 3389 144 3436 vero
156 3374 386 3451 quadraginta.
395 3373 529 3435 Talibus
543 3375 665 3436 etenim
677 3375 862 3453 eleemosy-

61 3487 142 3534 nam
158 3475 305 3534 uostram
315 3471 400 3535 bene
414 3472 579 3533 credimus
589 3472 794 3544 collocatam,
804 3473 860 3551 qui

64 3569 213 3648 quotidie
236 3570 446 3631 innumeram
467 3585 649 3648 pauperum
671 3569 861 3631 multitudi-

63 3684 142 3728 nem
163 3667 327 3734 reficiunt,
349 3668 405 3745 qui
420 3668 647 3744 languentium
663 3667 755 3728 artus
773 3668 860 3729 mol-

63 3764 152 3825 libus
168 3765 383 3827 lectisterniis
396 3765 562 3834 relevent,
579 3765 636 3843 qui
655 3768 859 3827 mortuorum

65 3878 218 3941 corpora,
243 3878 263 3924 6
286 3862 389 3924 Tobia
413 3862 511 3934 docti,
529 3862 629 3939 digna
645 3864 860 3926 veneratione

64 3960 241 4038 sepeliunt,
254 3961 310 4037 qui
325 3960 487 4036 religione
503 3962 638 4022 cunctos
654 3962 858 4038 praecellunt,

63 4058 120 4136 qui
134 4058 345 4135 quotidianos
355 4058 636 4123 amalechitarum
650 4058 792 4120 insultus
809 4059 861 4120 vi-

63 4157 174 4219 riliter
187 4155 363 4232 repellunt,
380 4156 435 4233 qui
451 4158 578 4233 partem
596 4158 708 4218 Terrae
728 4158 859 4218 Sanctae

63 4256 180 4314 contra
199 4253 352 4314 inimicos
374 4253 485 4314 crucis
504 4253 626 4315 Christi
649 4256 683 4314 et
702 4253 861 4330 blasphe-

63 4350 208 4411 matores
223 4349 367 4411 nominis
382 4352 454 4425 ejus
468 4351 618 4427 potenter
632 4350 786 4421 retinent,
804 4350 859 4411 ubi

63 4447 222 4509 Dominus
242 4447 381 4508 salutern
404 4446 541 4508 humaui
561 4448 693 4523 generis
708 4463 767 4524 per
782 4464 860 4509 cru-

62 4561 134 4607 cem
156 4561 250 4606 suam
273 4544 497 4607 venerandam
520 4547 569 4606 est
595 4545 751 4621 dignatus
780 4562 861 4622 ope·

63 4643 149 4717 rari,
174 4643 229 4720 qui
262 4642 365 4704 stolas
394 4658 471 4704 suas
497 4642 611 4705 lavant
644 4644 678 4705 et
706 4643 861 4704 dealbant

62 4741 98 4803 in
113 4741 288 4817 sanguiue.
306 4741 339 4802 et
353 4741 533 4803 secundum
547 4741 679 4802 modum
696 4742 859 4802 transitus

60 4842 142 4902 lesu
156 4838 278 4900 Christi
298 4853 402 4916 regna
426 4839 575 4900 coelestia
598 4841 761 4901 conantur
781 4839 859 4900 adi-

62 4937 158 5015 pisci.
175 4938 214 4998 at
228 4937 264 4998 ut
274 4936 378 4999 111666
394 4935 489 4998 nobis
503 4936 640 5014 praefato
655 4936 751 4998 fratri
769 4940 860 5014 Ray·

61 5033 856 5111 mundodePignano,tunotemporiscastellano,

917 1031 1023 1092 nostri
1037 1046 1126 1093 anuo
1142 1033 1297 1094 secundo.

1225 1194 1408 1281 cccxlv

1007 1328 1059 1387 Ad
1072 1330 1367 1402 archiepiscopum
1384 1330 1622 1391 Turrtlanum.

1207 1441 1244 1498 28
1256 1441 1317 1514 jun.
1336 1442 1413 1500 1218.

1100 1564 1218 1630 [Ughelli,
1232 1564 1306 1616 ltalia
1317 1580 1397 1625 sacra,
1409 1566 1452 1625 ΙΙΙ,
1463 1566 1531 1632 lat]

917 1678 953 1735 b't
979 1677 1107 1738 intendat
1135 1678 1259 1753 (vitali)
1290 1681 1395 1739 Pisano
1424 1680 1659 1756 archiepiscopo,
1682 1691 1714 1741 ut

941 1765 1094 1839 legationis
1109 1767 1235 1826 officium
1251 1769 1279 1825 in
1293 1769 1422 1826 Sardinia
1436 1771 1533 1828 valeat
1544 1786 1689 1829 exercere.

957 1892 1049 1955 Licet
1060 1894 1284 1956 venerabilem
1299 1894 1435 1957 fratrem
1449 1898 1598 1959 nostrum
1617 1899 1715 1960 Pisa-

917 2004 995 2048 num
1011 1990 1307 2067 archiepiscopum,
1322 1994 1355 2053 et
1368 1995 1441 2069 ejus
1455 1994 1629 2055 ecclesiam
1645 2012 1712 2058 nou

916 2086 1056 2147 velimus
1070 2104 1170 2164 super
1179 2089 1299 2150 collato
1310 2089 1373 2149 sibi
1384 2106 1408 2150 a·
1413 2091 1713 2166 praedecessoribus

916 2184 1038 2244 nostris
1069 2185 1244 2261 privilegio
1272 2185 1467 2263 legationis,
1491 2191 1524 2250 61
1547 2190 1710 2265 primatis,

917 2281 1002 2357 quod
1027 2298 1087 2344 nos
1112 2283 1318 2360 postmodum
1338 2285 1619 2359 confirmavimus,
1634 2303 1711 2349 mo-

916 2379 1049 2453 lestare,
1066 2381 1134 2457 pati
1147 2382 1259 2442 tamen
1278 2382 1518 2455 1661611116,
1536 2400 1597 2446 uec
1613 2384 1715 2447 debe-

916 2493 1001 2553 mus,
1018 2478 1055 2539 ut
1076 2477 1236 2541 beneficio
1259 2480 1353 2541 Sedis
1377 2481 1576 2557 Apostolicae
1596 2481 1715 2545 abuta-

916 2577 980 2636 tur.
989 2576 1070 2666 Cum
1080 2576 1183 2652 igitur
1195 2578 1504 2655 certistemporibus
1514 2581 1714 2643 auctoritate

916 2675 1032 2734 nostra
1043 2672 1220 2749 legationis
1231 2674 1374 2736 officium
1382 2675 1417 2736 in
1432 2677 1588 2738 Sardinia
1601 2678 1715 2740 valeat

916 2785 1090 2843 exercere,
1118 2771 1319 2833 fraternitati
1344 2774 1410 2833 tuae
1438 2789 1498 2850 per
1519 2775 1714 2850 Apostolica

916 2867 1039 2944 scripta
1064 2868 1270 2940 mandamus,
1298 2871 1461 2946 quatenus
1485 2887 1559 2932 cum
1585 2872 1710 2933 terram

916 2962 1023 3039 ipsam
1033 2966 1130 3042 juxta
1141 2968 1289 3026 tenorem
1304 2966 1473 3043 privilegii
1488 2967 1638 3030 ecclesiae
1653 2969 1712 3030 Pi-

916 3058 990 3120 sani
1005 3061 1154 3121 concessi
1178 3062 1264 3122 datis
1285 3063 1489 3138 temporibus
1513 3065 1710 3137 visitaverit,

916 3157 1073 3233 quamdiu
1088 3158 1121 3218 in
1133 3158 1249 3218 eadem
1265 3159 1437 3234 provincia
1452 3159 1563 3232 fuerit,
1585 3162 1616 3222 ei
1638 3166 1715 3223 tan-

916 3270 1014 3331 quam
1028 3254 1137 3330 legato
1151 3255 1246 3316 Sedis
1261 3256 1460 3332 Apostolicaa
1483 3257 1642 3330 intendat,
1659 3259 1715 3320 ab·

916 3352 1002 3413 senti
1016 3355 1138 3424 tamen,
1155 3353 1209 3414 vel
1221 3353 1289 3414 alio
1304 3355 1453 3430 tempore
1472 3356 1630 3427 venienti,
1647 3373 1714 3418 161

916 3450 1081 3512 teneberis
1094 3452 1292 3513 auctoritate
1304 3452 1482 3527 legationis
1502 3453 1712 3529 aliquatenus

916 3547 1118 3624 respondere
1133 3570 1141 3608 :
1159 3549 1356 3611 auctoritate
1375 3566 1456 3610 vero
1478 3551 1630 3626 primatis
1644 3567 1716 3612 non

916 3645 989 3721 plus
1014 3647 1122 3721 potest
1142 3647 1177 3706 in
1199 3646 1371 3722 provincia
1395 3648 1584 3719 Turritaua,
1614 3665 1713 3726 quam

917 3742 1112 3819 primatibus
1130 3744 1298 3804 universis
1318 3744 1529 3807 concedimus
1543 3746 1715 3808 canonicae

916 3841 1117 3902 sanctiones.
1137 3843 1255 3902 Datum
1270 3843 1438 3915 Laterani,
1455 3846 1483 3903 V
1502 3859 1608 3905 nonas
1624 3843 1718 3921 julii..

1235 4030 1398 4116 GCCXV

943 4165 992 4223 Ad
1011 4162 1166 4224 abbatem
1184 4165 1364 4225 Chantoeoi
1380 4165 1414 4225 61
1428 4166 1635 4227 Nobiliacen.
1656 4166 1692 4227 et
1756 4175 1759 4189 ·

1135 4262 1316 4321 Castalien.
1340 4263 1490 4334 priores.

1229 4381 1246 4437 3
1255 4380 1306 4451 jul.
1319 4380 1398 4438 1118.

947 4496 1065 4560 [liegest.,
1074 4495 1118 4545 lib.
1130 4497 1162 4557 ll,
1176 4495 1251 4559 epist.
1268 4495 1403 4544 116616.
1414 4496 1578 4547 LaPortedu
1590 4497 1683 4563 Theti]

986 4614 1021 4671 Ut
1029 4620 1134 4671 statum
1144 4612 1274 4670 ecclesia
1283 4613 1469 4686 corrigautet
1479 4611 1642 4670 reforment.

955 4741 1132 4813 Honorius,
1160 4740 1236 4811 ete,
1262 4739 1393 4802 dilectis
1418 4738 1498 4800 filiis
1501 4783 1574 4800 ......
1605 4740 1716 4803 abbati

915 4839 1089 4901 Chautueni
1104 4839 1185 4900 et...
1207 4837 1414 4899 Nobiliacen.
1445 4837 1514 4899 61...
1536 4839 1714 4900 Castalien.

913 4934 1093 5013 prioribus,
1106 4934 1350 4997 claromonten.
1365 4936 1398 4996 et
1410 4935 1618 4996 Lemovicen.
1632 4935 1717 4998 1166-
1815 4935 1822 4957 '

915 5051 1038 5095 06811111.

61 5130 373 5210 aliisquefratribus
388 5131 536 5210 ejusdem
552 5132 653 5194 castri
669 5133 758 5194 Crati
770 5132 857 5193 libe·
954 5130 1716 5204 1111661111Ιί11.1601111666,Ρ.16861616
1819 5109 1823 5115 ¹

61 5231 196 5293 ralitate
217 5230 310 5305 regia
328 5230 476 5306 legitime
499 5230 586 5292 facta
610 5230 745 5292 donatio
765 5231 858 5292 salva
914 5230 1068 5300 hfartino,
1091 5231 1128 5290 P.
1145 5229 1186 5291 de
1200 5229 1348 5300 Visione,
1363 5231 1400 5289 G.
1417 5227 1458 5289 de
1474 5230 1594 5292 Sancto
1609 5230 1716 5294 Nico·

61 5344 194 5405 semper
208 5327 251 5389 sit
263 5330 296 5389 et
308 5328 506 5389 inconcussa
519 5331 721 5405 permaneat,
740 5330 773 5389 et
785 5345 858 5390 nos·
914 5329 978 5400 lae,
996 5332 1032 5390 P.
1051 5327 1276 5396 Meuadorius,
1292 5328 1376 5389 6111.
1392 5325 1433 5387 de
1455 5329 1549 5405 Rupe
1563 5331 1715 5392 canonici

60 5427 638 5490 1116161166116111616666661111
654 5427 859 5503 temporibus
912 5427 1136 5498 Aureliaceu„
1163 5425 1290 5486 ordinis
1307 5424 1419 5486 Sancti
1443 5427 1631 5502 Augustini,
1653 5429 1718 5488 Le-

60 5542 129 5587 161
140 5524 254 5586 161661
265 5523 474 5601 aliquatenus
485 5525 680 5586 retractari:
696 5526 774 5604 quia
786 5542 858 5603 quae
914 5524 1077 5586 moviceu.
1104 5522 1270 5589 dioecesis,
1287 5523 1321 5585 in
1337 5523 1452 5585 nostra
1467 5523 1616 5586 fecerunt
1630 5541 1718 5601 prae·

60 5629 129 5686 lieo
145 5621 222 5684 data
243 5623 329 5693 sunt,
345 5637 440 5684 sacra
455 5638 529 5685 esse
542 5621 662 5686 debent
677 5624 711 5685 61
725 5623 859 5687 inrevo-
914 5623 1020 5685 sentia
1047 5621 1195 5693 recitari,
1223 5621 1310 5698 quod
1337 5637 1411 5683 cum
1438 5637 1552 5683 eorum
1575 5622 1716 5684 ecclesia
