3802 6166
736 302 911 367 uouoau
934 302 978 365 111
999 288 1149 365 orsas.

29 300 180 405 ’ere

1713 306 1769 365 oio

1 443 3 449 ¹
67 552 70 557 Ι
119 462 219 531 (11616,
236 464 438 525 reservando
453 462 548 525 nobis
560 462 754 541 potestatem
767 462 919 525 ecolesiae
975 461 1159 523 venerabili
1179 460 1311 524 tratri...
1330 461 1503 525 colocensi
1518 462 1769 543 archiepiscopo

14 614 19 619 .
118 560 241 623 vestrae
253 562 434 623 secundum
445 560 547 624 cilicii
563 560 668 624 nostri
681 560 826 623 debitum
841 576 921 639 pro-
974 559 1008 620 in
1023 559 1248 638 patriarcham
1264 560 1522 637 aquilegensem
1541 560 1662 633 electo,
1678 561 1768 624 uln-

119 658 266 720 videudi.
280 661 368 721 Sane
379 657 490 720 habita
505 659 712 737 postmodum
726 674 827 736 super
836 662 920 735 ejus·
973 658 1039 719 tem
1055 660 1088 721 et
1096 657 1312 735 apostolicam
1326 656 1607 720 benedictionem.

120 757 196 818 dem
236 757 388 818 ecclesiae
422 756 615 833 provisione
653 773 727 818 cum
760 756 919 819 tratribus
1014 759 1119 828 Quum
1154 754 1240 817 sicut
1272 754 1475 833 accepimns,
1503 754 1649 819 dilectus
1685 757 1769 819 lilius

120 855 243 916 nostris
264 854 415 929 diligenti
427 856 583 924 tractatu,
599 855 750 917 nolentes
769 857 806 916 ut
826 855 919 931 gregi
974 856 1017 914 hi.
1032 855 1245 930 Tergestinus
1259 854 1397 925 electus,
1412 852 1454 915 de
1476 854 1651 916 voluntate
1678 854 1769 916 bonae

118 951 291 1015 Dominico
309 952 447 1016 deesset
464 952 590 1015 diutius
613 968 695 1014 cura
716 952 871 1030 pastoris,
887 952 921 1015 et
973 951 1141 1013 memoriae
1152 953 1205 1012 W.
1218 950 1417 1028 patriarchae
1429 951 1679 1029 aquilegensis,
1692 952 1770 1013 cleri

120 1050 292 1111 credentes
318 1050 457 1112 tirmiter
471 1050 643 1128 praelatam
658 1050 835 1112 ecclesiam
858 1049 919 1111 sub
974 1050 1007 1109 et
1020 1048 1132 1126 populi
1151 1049 1348 1125 Tergestini,
1370 1065 1464 1109 suam
1484 1050 1769 1111 consecrationem

120 1147 269 1227 praedicti
280 1148 523 1226 archiepiscopi
536 1149 698 1225 regimine
708 1148 829 1209 debere
841 1164 921 1225 pro·
974 1145 1151 1217 distulerit,
1169 1147 1247 1223 quia
1262 1146 1294 1208 id
1315 1147 1472 1224 expedire
1498 1148 1688 1209 commissas
1711 1146 1770 1208 sihi

119 1246 231 1318 licere,
252 1261 293 1307 ac
313 1260 332 1307 a
351 1245 572 1323 malignorum
588 1246 723 1323 injuriis
737 1246 919 1308 consistere
973 1242 1124 1305 ecclesiae
1138 1243 1322 1317 videbatur,
1337 1244 1489 1322 idemque
1502 1244 1698 1322 patriarcha
1714 1246 1771 1307 hoc

120 1359 219 1423 posse
236 1359 399 1417 securam,
416 1344 526 1423 ipsum
541 1344 647 1406 eidem
662 1344 812 1405 ecclesia
827 1360 918 1421 prae·
973 1344 1132 1420 tempore,
1148 1342 1214 1404 nisi
1229 1341 1345 1405 luisset
1359 1346 1464 1405 morte
1475 1346 1679 1420 praeventus,
1702 1359 1771 1404 mri-

121 1439 300 1504 tlciendum
323 1441 540 1520 providimus,
560 1443 593 1503 61
608 1441 649 1503 ad
666 1444 738 1519 ejus
753 1456 868 1503 curam
887 1442 921 1504 et
974 1455 1036 1501 nris
1051 1440 1313 1503 consecrationis
1332 1440 1548 1517 impendisset
1562 1440 1690 1503 eidem:
1707 1439 1771 1502 lra-

121 1538 379 1602 sollicitudinem
412 1538 691 1601 transferendum.
727 1540 813 1601 Hinc
848 1538 917 1611 est,
973 1538 1120 1599 ternitati
1136 1540 1214 1610 tuae,
1227 1539 1324 1615 Juxta
1340 1538 1424 1615 quod
1443 1537 1768 1615 praelatuspostula·

119 1636 207 1715 qnod
233 1637 385 1699 eumdem
410 1636 698 1715 archiepiscopum
724 1652 745 1699 a
771 1636 917 1709 uinculo,
973 1635 1769 1712 1116166136,363136616116366313133333133133,

120 1748 187 1813 quo
213 1733 389 1797 tenebatur
412 1733 585 1795 colocensi
611 1733 781 1807 ecclesiae,
808 1732 921 1796 absol·
974 1737 1136 1812 quatenus
1149 1733 1722 1811 electumpraedictumadtedevote
1735 1750 1770 1795 ao

119 1832 248 1905 ventes,
273 1831 315 1892 ad
342 1830 553 1909 saepedictam
577 1831 753 1893 ecclesiam
774 1833 919 1894 vestram
974 1832 1143 1893 humiliter
1175 1831 1396 1903 accedentem,
1425 1832 1492 1893 nisi
1520 1832 1552 1893 ei
1575 1832 1769 1893 canonicum

120 1927 362 2001 transierimus,
389 1931 422 1991 et
446 1928 615 1990 licentiam
637 1928 700 1990 sihi
713 1929 755 1991 ad
770 1945 843 1991 eum
858 1930 921 1991 tri·
974 1930 1052 2006 quid
1068 1928 1216 2000 obsistat,
1235 1944 1302 1989 non
1325 1928 1473 2001 differas,
1490 1929 1594 2006 pallio
1609 1928 1652 1989 ab
1668 1934 1771 2005 Apos-

120 2024 253 2089 buimus
267 2026 473 2098 transeundi,
493 2026 638 2103 palleum
656 2026 720 2088 sibi
735 2026 777 2088 ad
800 2043 919 2088 riomen
974 2028 1074 2090 tolica
1090 2027 1173 2089 Sede
1187 2028 1331 2103 recepte,
1345 2042 1420 2087 cum
1441 2026 1483 2087 ab
1504 2042 1545 2088 eo
1560 2026 1770 2102 616366136-

120 2126 156 2188 et
186 2140 283 2185 usum
316 2124 463 2201 eiusdem
496 2125 647 2186 ecclesiae
677 2125 918 2187 transmissuri.
974 2125 1052 2202 pulo
1078 2124 1279 2203 supradictis
1303 2124 1483 2202 requisitus
1504 2123 1623 2197 tueris,
1645 2138 1765 2185 conse-

121 2222 283 2297 Quocirca
296 2221 488 2284 discretioni
509 2223 629 2284 vestrae
649 2238 708 2299 per
730 2223 920 2300 apostolica
975 2238 1081 2284 crare.
1094 2223 1212 2283 Datum
1227 2222 1384 2284 Laterani
1395 2223 1438 2283 Vl
1458 2220 1625 2283 kalendas
1639 2220 1767 2299 aprilis.

120 2318 244 2396 scripta
270 2317 477 2391 mandamus,
504 2320 668 2396 quatenus
693 2334 767 2380 cum
794 2319 920 2379 honore
976 2318 1188 2395 pontificatus
1200 2318 1307 2380 nostri
1321 2333 1409 2380 anno
1423 2317 1581 2379 secundo.

123 2416 233 2479 debito
256 2416 456 2493 recipientes
482 2416 645 2488 eumdem,
671 2416 735 2477 sibi
752 2418 921 2494 tamquam

122 2515 261 2595 praelato
280 2515 391 2579 vestro
407 2514 440 2575 et
455 2514 579 2592 pastori
592 2514 779 2575 animarum
792 2516 922 2576 vestra-

121 2628 196 2675 rum
229 2612 401 2673 humiliter
435 2612 630 2682 intendatis,
667 2615 739 2690 eJus
774 2611 921 2673 seluibria

122 2710 250 2773 monita
277 2712 311 2773 et
332 2710 499 2787 praecepta
518 2708 729 2785 suscipiendo
742 2709 859 2771 devote
882 2725 921 2771 ac

123 2807 222 2886 plene
256 2807 291 2868 in
323 2806 477 2868 omnibus
502 2806 742 2881 observantes3
772 2806 922 2884 alioquin

5 2920 9 2925 ·
123 2903 333 2976 sententiam,
348 2920 446 2980 quam
463 2902 534 2980 ipse
549 2902 795 2965 rationabiliter
809 2903 922 2966 tulerit

122 3003 159 3063 in
180 3000 336 3073 rebelles,
370 3001 477 3062 ratam
503 2999 709 3073 habebimus
740 3002 774 3062 et
794 3001 922 3063 servari

122 3100 263 3161 tirmiter
271 3114 375 3177 usque
386 3098 428 3160 ad
438 3097 697 3161 satisfactionem
710 3098 920 3175 condignam,

125 3201 262 3261 auctore
277 3196 429 3270 Domino,
446 3196 618 3258 iaciemus.

48 3364 52 3371 ·
164 3332 393 3394 deterioratam
421 3332 562 3393 modeim
597 3330 757 3406 scriptum
787 3331 838 3393 est
863 3330 924 3391 ad·

122 3430 242 3493 uocato
266 3431 299 3491 et
320 3426 594 3490 ministerialibus
614 3428 764 3489 ecclesiae
785 3428 924 3505 Aquile-

122 3528 246 3605 gensis,
268 3542 376 3602 osque
394 3526 636 3589 transmissuri.
657 3526 830 3600 Quocirca,
845 3529 921 3600 etc,

2 3642 4 3647 ·
121 3626 275 3703 usqrtcin
288 3625 398 3687 linem.

40 3836 48 3843 ·
161 3754 205 3814 13
214 3749 684 3826 crrmdermnodumscriptum
697 3749 923 3827 estsuperhoo

122 3847 307 3929 B(ertoldo)
332 3848 503 3910 colocensi
530 3847 781 3925 archiepiscopo
801 3848 836 3908 in
864 3864 925 3925 pa-

1286 2504 1459 2592 CLXXII

1016 2651 1069 2710 Ad
1075 2652 1235 2723 patorem
1251 2648 1382 2709 1163116
1394 2646 1521 2709 1116161
1536 2648 1728 2708 sacristam

1276 2746 1466 2807 Massiliae.

1260 2866 1295 2925 ²⁷
1305 2872 1388 2923 mart.
1405 2864 1485 2925 1218.

1024 2983 1144 3046 [licqost.,
1153 2980 1198 3032 lib.
1207 2982 1238 3039 ll,
1251 2980 1457 3045 epistolarius.
1470 2981 1587 3032 Lal’orte
1596 2979 1633 3031 dn
1643 2980 1737 3046 Thasii]

977 3092 1018 3148 116
1030 3090 1218 3147 instrumento
1227 3086 1339 3161 publico
1353 3086 1532 3145 conficiendo
1549 3086 1627 3160 quod
1642 3088 1778 3161 supplere·

1012 3180 1100 3251 possit
1110 3176 1265 3251 deperditis
1282 3176 1453 3235 authenticis
1473 3176 1589 3250 scriptis
1603 3176 1767 3249 quibusdum

1012 3281 1027 3323 a
1040 3266 1204 3325 sarracenis
1222 3266 1362 3322 incorum
1375 3266 1524 3322 invasione
1537 3264 1703 3322 destructis.

1018 3384 1196 3456 Honorius,
1208 3386 1284 3456 etc,
1297 3383 1426 3445 dilectis
1439 3382 1556 3444 tiliis...
1569 3382 1676 3459 priori
1687 3398 1769 3443 mou·

977 3482 1022 3545 tis
1046 3482 1122 3544 Rivi
1144 3481 1330 3544 Massilien.
1353 3480 1508 3543 dioecesis
1527 3482 1598 3543 et...
1628 3481 1769 3543 sacrista

979 3578 1162 3641 Massiliam.

1019 3680 1087 3739 Sua
1121 3675 1217 3739 nobis
1251 3673 1452 3738 uenerabilis
1480 3674 1585 3737 frater
1623 3676 1766 3737 noster...

977 3774 1160 3837 Tholonen.
1174 3774 1348 3853 episcopus
1359 3772 1588 3836 insinuatione
1610 3776 1770 3835 monstra·

978 3872 1036 3945 vit,
1051 3871 1137 3950 quod
1153 3888 1253 3949 quum
1266 3871 1448 3933 Tholonen.
1462 3870 1581 3933 civitas
1598 3870 1651 3934 bis
1664 3886 1684 3933 a
1698 3874 1769 3932 San-

122 3944 924 4023 triarchamhquilegensemelecto,osquctrans-
978 3968 1110 4032 moenis
1138 3970 1234 4047 capta
1259 3968 1370 4039 fuerit,
1398 3970 1431 4030 eq
1456 3968 1645 4043 destructa,
1673 3968 1768 4031 musta

122 4042 308 4107 mudum·
331 4042 416 4104 Hinc
431 4042 491 4114 θεῖ’
508 4041 595 4120 ‘1¹¹0d
615 4045 648 4104 ῑθ
662 4058 682 4103 ³
694 4042 840 4115 Vi⁰⁰u¹⁰r
860 4058 924 4120 (1¹¹⁰
979 4067 1198 4130 instrumenta
1206 4064 1766 4136 Tholonen.ecclesiaesuntamissa,

122 4140 293 4204 tenebaris
306 4138 490 4209 ,colocensi
511 4138 673 4213 ecclesiae,
702 4138 923 4212 absolventes,
979 4167 1113 4245 propter
1135 4180 1209 4245 (με
1232 4164 1348 4241 gravia
1373 4166 1444 4243 jam
1473 4163 1616 4226 incurrit
1637 4164 1768 4227 ecclesia

123 4238 166 4302 &d
203 4236 415 4316 8aeIlefflcfflm
457 4236 713 4346 &wellensem
748 4238 925 4299 0⁰⁰¹⁰⁸i³m
979 4258 1248 4340 ipsadispendia,
1264 4261 1297 4322 et
1314 4263 1471 4338 graviora
1489 4261 1685 4325 crediturin
1701 4278 1770 4339 pos-

123 4334 370 4408 transierimus,
388 4336 421 4397 et
435 4334 605 4397 licentram
626 4334 684 4397 tibi
708 4334 749 4396 ad
763 4350 836 4398 eam
861 4334 925 4397 tri·
979 4364 1086 4423 perum
1100 4359 1285 4431 incursura,
1299 4360 1365 4421 nisi
1374 4360 1405 4421 ei
1419 4375 1519 4437 super
1527 4360 1591 4421 hoc
1600 4377 1662 4438 per
1673 4365 1769 4437 Apos-

124 4432 257 4497 buimus
272 4431 470 4496 transeundi
498 4432 637 4509 pallium
664 4431 726 4493 tibi
748 4432 926 4495 adnomen

125 4532 159 4594 et
168 4544 265 4593 usum
280 4528 427 4607 ejusdem
440 4526 592 4590 ecclesiae
606 4528 847 4590 transmissuri.

166 4629 286 4692 Datum
299 4624 457 4689 Laterani
472 4626 516 4688 Vl
531 4626 599 4687 hal.
613 4624 731 4703 aprilis
753 4642 840 4688 aune
866 4643 925 4688 se-

452 4838 605 4927 CLXXI

129 4986 489 5059 dearchiepiscopare
506 4983 926 5057 06166316631133313163

257 5085 356 5144 chem
370 5083 633 5158 Aqutteqcasem
646 5080 800 5142 61661363.

419 5201 454 5260 27
469 5209 553 5260 mart.
569 5202 648 5260 lits.

273 5315 405 5382 [Thelser.
422 5318 488 5368 lton.
503 5317 648 5381 hungariae,
658 5316 679 5379 i,
690 5330 716 5368 n.
731 5315 782 5382 aa]

130 5422 247 5486 liandst
273 5424 417 5481 llonorius
439 5431 471 5482 ut
497 5422 730 5497 arelliepiscopus
760 5423 927 5497 cergestino

281 5511 505 5570 consecutionis
517 5526 621 5571 munus
636 5511 792 5587 impendat.

171 5630 339 5695 Honorius
353 5628 528 5707 episcopus
544 5645 660 5691 seruus
671 5644 843 5692 servorum
854 5630 923 5701 Dei,

29 4762 35 4769 -
127 4726 246 4789 cundo.

979 4458 1087 4521 toliere
1103 4456 1198 4519 Sedis
1211 4456 1670 4533 providentiamconsulatur.
1686 4456 1769 4521 Unde

980 4555 1076 4617 nobis
1088 4556 1175 4617 idem
1188 4556 1361 4632 episcopus
1376 4554 1548 4617 humiliter
1561 4554 1767 4633 supplicarit,

980 4656 1016 4717 ut
1025 4670 1126 4732 quum
1136 4652 1245 4715 adhuc
1262 4653 1396 4730 quidam
1416 4653 1597 4730 supersunt
1608 4654 1667 4731 qui
1683 4654 1768 4732 plene

958 4752 1145 4831 ‚neverunt
1172 4750 1213 4811 de
1233 4747 1498 4827 possessionibus
1522 4751 1555 4811 et
1578 4749 1682 4813 rebus
1702 4748 1768 4811 aliis

980 4849 1085 4925 ipsius
1127 4848 1297 4920 ecclesiae,
1321 4847 1509 4921 veritatem,
1539 4863 1584 4910 ne
1621 4860 1769 4927 processu

980 4946 1138 5023 temporis
1149 4944 1354 5023 probationis
1368 4945 1464 5022 copia
1484 4944 1633 5009 fortuitis
1648 4946 1769 5009 casibus

980 5043 1205 5116 subtrahatur,
1217 5043 1393 5121 providere
1408 5057 1509 5119 super
1522 5042 1587 5105 hoc
1602 5044 1669 5122 ipsi
1684 5045 1769 5105 mise

980 5141 1156 5204 ricorditer
1167 5140 1390 5218 dignaremur.
1402 5141 1565 5212 Quocirca
1584 5136 1769 5205 discretioni

981 5241 1101 5301 vestrae
1128 5254 1187 5317 per
1211 5238 1400 5316 Apostolica
1424 5236 1549 5317 scripta
1567 5240 1767 5305 mandamus.

981 5339 1155 5417 quatenus,
1171 5336 1201 5399 si
1215 5339 1266 5398 est
1274 5336 1332 5408 ite,
1345 5334 1441 5409 tales,
1450 5336 1481 5397 si
1496 5352 1533 5398 se
1547 5339 1673 5415 gratia,
1690 5336 1770 5403 odie,

981 5435 1033 5496 uel
1062 5436 1182 5497 timore
1210 5433 1447 5506 subtraxerint,
1468 5434 1511 5495 ad
1538 5435 1772 5512 perhibendum

981 5532 1114 5594 veritati
1142 5531 1367 5594 testimenium
1396 5530 1581 5595 monitione
1611 5536 1772 5611 premissa

981 5644 1237 5707 percensuram
1262 5628 1527 5693 ecclesiasticam
1554 5632 1772 5709 appellatione
