3794 6166
82 321 120 383 al
495 319 551 379 vl.
562 347 604 363 -
617 318 663 379 IN
676 317 977 380 ASSUMP'PIONE
997 319 1150 378 BEATAE
1170 318 1334 379 MARIAE.
1703 322 1744 383 82

83 480 163 542 aute
177 476 362 541 adrentum
376 478 453 539 Filii
467 478 538 550 Dei,
555 477 727 555 pulchrior
741 480 814 555 post
831 478 888 539 ln·
944 477 1052 539 Maria
1079 477 1236 540 decorata
1261 493 1390 541 summo
1414 477 1600 541 honestatis
1624 479 1740 557 splen-

83 577 327 649 rarnationem,
358 576 582 654 pulcherrima
609 579 684 654 post
713 592 808 637 suern
832 592 890 637 as-
943 575 1035 648 dore,
1052 576 1105 637 vel
1121 576 1242 638 amicta
1259 575 1342 648 sole,
1367 576 1454 639 idest
1466 577 1652 639 divinitatis
1670 578 1743 639 cla-

84 675 321 755 aumptionem.
334 674 410 737 Fuit
423 690 503 751 ergo
515 674 616 736 Beata
631 675 738 735 Maria
749 675 887 752 pulchra
942 674 1052 735 ritate.
1068 676 1160 735 Luna
1178 674 1239 735 sub
1259 674 1397 752 pedibus
1411 679 1495 753 ejus,
1520 676 1606 738 idest
1626 678 1743 738 Eccle-

83 776 121 836 ut
135 774 229 846 luna,
245 773 342 849 virgo
355 772 486 835 scilicet
499 773 636 833 humilis
651 774 685 834 θῖ
701 772 865 835 foecunda.
942 772 993 833 sia
1012 772 1155 836 honorat
1166 788 1241 837 eam
1255 774 1414 851 tanquam
1429 775 1603 836 Dominam
1626 775 1740 837 mundi

124 872 245 933 Electa
266 871 307 931 ret
321 874 382 932 eol.
406 869 463 931 Sol
480 871 533 932 est
551 868 624 931 tons
649 870 782 943 caloris,
808 886 887 947 spe-
942 870 1106 946 Reginam
1123 870 1215 933 Coeli.
1232 872 1362 933 Corona
1377 872 1740 934 duodecim'stellarum

82 970 197 1029 culum
226 968 374 1041 luminis,
409 968 551 1030 metator
583 968 752 1044 temporis.
784 970 886 1029 Beata
941 969 991 1028 est
1021 969 1223 1031 universitas
1251 968 1436 1043 virtutum,
1461 970 1515 1032 vel
1538 970 1740 1033 universitas

83 1067 192 1128 Maria
212 1069 264 1129 est
283 1065 389 1128 electa
409 1068 446 1129 ut
464 1066 525 1138 sol,
549 1067 635 1142 quod
656 1066 742 1127 sicut
765 1065 814 1126 sol
836 1067 887 1127 est
940 1066 1134 1141 angelorum
1150 1069 1183 1130 et
1205 1069 1413 1140 Sanctorum,
1427 1067 1484 1145 qui
1508 1068 1664 1131 dicuntur
1677 1085 1739 1131 co-

80 1164 264 1241 lulgentior
295 1164 426 1225 caeteris
458 1163 697 1236 luminaribus,
732 1164 781 1225 sic
812 1164 884 1241 ipsa
939 1179 1022 1225 roua
1036 1166 1147 1227 Beatae
1160 1165 1287 1238 Mariae,
1303 1166 1390 1244 quod
1406 1166 1573 1227 honorant
1586 1166 1694 1244 ipsam
1707 1167 1740 1229 et

79 1262 217 1339 dignior
235 1262 399 1324 creaturis
426 1261 592 1323 omnibus.
616 1261 747 1338 Eligero
774 1264 884 1323 autem
938 1261 1133 1337 gaudentio
1149 1266 1221 1341 ejus
1236 1263 1345 1324 laude.

78 1360 215 1432 dicitur,
235 1360 369 1438 quando
387 1359 428 1421 de
443 1359 557 1422 multis
573 1366 675 1420 unum
690 1361 881 1422 assumitur.
978 1361 1135 1422 Metatrix
1149 1362 1307 1438 temporis
1324 1378 1385 1438 per
1398 1361 1565 1438 pietatem,
1582 1362 1669 1440 quod
1690 1362 1741 1423 si·

78 1458 138 1519 Sic
152 1460 256 1519 Beata
277 1457 386 1520 Maria
407 1458 448 1519 de
463 1458 631 1519 universis
650 1458 700 1520 est
721 1458 827 1519 electa
848 1459 883 1520 in
938 1459 994 1523 cut
1007 1458 1057 1519 sol
1077 1459 1259 1520 ascendens
1278 1459 1413 1521 adducit
1431 1460 1575 1521 calidum
1595 1463 1736 1538 tempus,

78 1556 142 1617 Dei
164 1558 316 1629 matrem,
344 1556 432 1633 quod
458 1556 605 1618 sanctior
631 1557 664 1617 θῖ
689 1556 808 1618 melior
833 1557 883 1618 est
936 1557 970 1617 et
994 1556 1199 1618 descendens
1229 1556 1397 1633 trigidum,
1425 1558 1474 1620 sic
1501 1561 1603 1620 Beata
1630 1559 1739 1620 Maria

78 1654 217 1730 cognita
228 1655 307 1716 aute
319 1654 434 1715 mundi
449 1654 730 1716 constitutionem.
745 1656 820 1732 lpsa
833 1656 883 1717 est
936 1653 1051 1730 dirigit
1076 1658 1203 1716 mentes
1228 1657 1361 1717 nostras
1389 1655 1425 1716 in
1452 1657 1684 1733 prosperitate,
1705 1659 1739 1720 et

78 1750 158 1813 lons
178 1750 303 1813 caloris
324 1768 385 1829 per
403 1752 615 1825 charitatem,
640 1752 810 1829 speculum
829 1752 883 1813 lu·
936 1752 968 1813 et
980 1752 1172 1813 consolatur
1183 1753 1236 1814 vel
1252 1754 1395 1831 protegit
1407 1770 1468 1816 nos
1479 1755 1512 1817 in
1523 1755 1737 1817 adversitate.

78 1850 180 1911 minis
192 1866 252 1927 per
261 1850 483 1921 honestatem,
497 1850 639 1912 metator
650 1851 810 1927 temporis
823 1868 882 1927 per
936 1850 1022 1911 Nam
1057 1866 1131 1913 oum
1168 1851 1318 1917 ascendit
1351 1868 1411 1929 per
1446 1852 1609 1914 aestivalia
1642 1853 1739 1929 signa

77 1947 249 2026 pietatem.
261 1950 350 2009 Fons
365 1948 488 2009 caloris
500 1964 560 2026 per
574 1947 781 2021 charitatem,
794 1950 879 2026 quod
935 1948 1121 2023 proximior
1140 1948 1236 2010 nobis
1258 1954 1310 2012 est
1329 1951 1363 2011 et
1386 1949 1460 2012 ideo
1479 1950 1516 2013 lit
1533 1952 1636 2013 calor.
1657 1952 1738 2011 Cum

77 2046 167 2107 sicut
178 2044 229 2107 sol
242 2045 440 2123 principalis
451 2046 503 2108 est
513 2046 549 2107 in
564 2045 706 2114 fervore,
720 2046 769 2107 sic
778 2048 881 2109 Beata
934 2048 1044 2109 autem
1066 2047 1237 2109 descendit
1257 2063 1318 2125 per
1341 2047 1489 2125 hyberna
1509 2049 1617 2124 signa,
1639 2049 1737 2110 elon·
1805 2038 1809 2043 ’

77 2144 189 2204 Maria
223 2143 408 2205 ferventior
441 2143 551 2207 extitit
575 2145 611 2205 in
640 2143 815 2217 charitate,
848 2146 881 2207 et
934 2146 1033 2219 gatur
1047 2161 1066 2205 a
1082 2144 1177 2207 nobis
1192 2148 1226 2207 et
1240 2145 1315 2207 ideo
1330 2146 1366 2208 tlt
1383 2146 1500 2222 lrigus.
1517 2148 1659 2224 Tempus
1679 2162 1737 2208 ca·

77 2240 228 2303 ebaritas
242 2243 316 2318 eius
331 2241 464 2303 fervens
486 2244 523 2304 ut
541 2242 591 2303 sol
610 2243 801 2304 nullatenus
820 2258 881 2304 ex·
934 2241 1037 2301 lidum
1053 2243 1222 2318 significat
1236 2244 1499 2320 prosperitatem.
1514 2247 1657 2320 Tempus
1671 2244 1736 2304 iri-

75 2339 189 2413 tingui
202 2339 318 2416 potuit.
343 2339 440 2401 Unde
455 2340 635 2402 Salomon:
659 2344 738 2402 Non
762 2342 881 2402 eccae·
934 2339 1047 2413 gidum
1082 2340 1249 2415 siguificat
1281 2342 1527 2403 adversitatem.
1565 2342 1599 2403 Si
1633 2344 1736 2404 Beata

75 2438 209 2513 caretro·
228 2440 266 2499 in
279 2438 379 2500 rrootc
398 2443 540 2499 lucerna
553 2441 629 2511 ajars
645 2437 757 2516 (Prov.
780 2455 878 2507 xxxi,
934 2436 1040 2497 Maria
1063 2435 1161 2497 luerit
1176 2436 1273 2497 nobis
1294 2438 1462 2514 proxima,
1480 2438 1567 2499 idest
1580 2438 1739 2515 propitia,

78 2532 145 2613 18).
166 2536 319 2596 Lucerna
341 2536 393 2598 est
416 2536 564 2598 charitas
584 2552 658 2613 quae
679 2552 746 2597 non
770 2537 881 2598 extin-
933 2534 1064 2610 tempus
1079 2534 1144 2595 erit
1159 2534 1314 2607 calidum,
1330 2535 1417 2597 idest
1430 2535 1648 2612 disponentur
1665 2535 1736 2596 dies

77 2632 194 2708 guitur
208 2632 243 2693 in
257 2634 366 2705 nocte,
383 2634 470 2695 idest
488 2634 523 2694 iu
537 2633 755 2695 tribulatione
774 2634 827 2695 vel
843 2635 879 2695 in
934 2631 1040 2693 nostri
1068 2631 1104 2692 in
1130 2633 1350 2709 prosperitate
1378 2633 1412 2695 et
1438 2650 1531 2711 paco.
1561 2634 1596 2695 Si
1624 2635 1736 2695 autem

76 2729 275 2803 tentatione,
285 2730 384 2811 juxta
404 2731 484 2792 illud
500 2731 628 2794 Cantici
643 2732 877 2794 canticorum:
933 2729 1141 2805 elongaverit
1164 2746 1201 2792 se
1224 2746 1244 2791 a
1268 2731 1364 2792 nobis
1386 2734 1521 2809 propter
1542 2732 1736 2810 iniquitates

76 2831 188 2902 nqraeoe
211 2831 330 2891 mtdtcc
353 2844 422 2891 non
448 2830 640 2903 potuerant
669 2831 878 2907 emtirrpuerc
933 2829 966 2888 et
980 2827 1159 2904 spurcitias
1176 2830 1319 2901 nostras,
1339 2832 1469 2906 tempus
1484 2830 1549 2891 erit
1562 2829 1733 2906 frigidum,

77 2928 297 2999 charitatem,
331 2941 397 2989 neo
423 2928 570 3001 cremara
604 2930 752 2991 odrae-erc
785 2933 880 2991 idam
934 2924 1020 2988 idest
1033 2925 1220 2988 adversitas
1242 2927 1437 3004 praevalebit
1459 2929 1495 2988 in
1519 2927 1626 2989 nobis.
1641 2928 1736 2989 Unde

78 3023 336 3105 (Centrum).
651 3030 655 3037 “
934 3023 1090 3085 Salomon
1108 3046 1115 3084 ε
1132 3027 1211 3086 Non
1226 3025 1357 3086 timebit
1371 3029 1488 3087 dorstad
1502 3028 1737 3102 sacceosripo-

117 3126 222 3200 Aquae
251 3122 363 3184 multe
393 3125 473 3185 sunt
495 3123 608 3185 multae
643 3123 879 3188 delectationes
933 3124 1029 3182 ribus
1043 3124 1135 3183 nivis
1150 3120 1262 3199 (Prov.
1286 3138 1382 3194 mr,
1397 3122 1463 3203 21).
1488 3125 1610 3184 Domus
1624 3124 1736 3186 Bealae

80 3220 254 3283 trahentes
293 3221 334 3282 ad
372 3221 579 3297 lasciviam3
622 3222 761 3284 llumina
803 3225 880 3285 sunt
933 3218 1050 3280 Mariae
1073 3220 1124 3283 est
1144 3220 1358 3296 congregatio
1382 3220 1564 3297 bonorum3
1586 3222 1737 3284 nixsunt

81 3318 301 3380 adversitates
338 3318 510 3381 trahentes
547 3320 588 3380 ad
623 3320 876 3399 impatientiam.
934 3316 1085 3377 homiues
1098 3318 1249 3393 perversi
1259 3319 1316 3396 qui
1327 3318 1414 3380 siout
1423 3319 1483 3381 nix
1493 3319 1534 3380 do
1546 3319 1736 3381 coelestibus

85 3420 189 3495 Aquae
214 3416 327 3479 multra
360 3433 428 3478 non
463 3414 644 3495 potuerunt
682 3420 879 3497 extinguere
933 3414 1066 3482 cadunt,
1091 3415 1168 3476 dum
1188 3415 1336 3478 coelestia
1353 3416 1584 3491 contemnunt3
1608 3416 1735 3492 hlgora

80 3514 279 3576 charitatem
298 3516 410 3577 Beate
435 3516 563 3588 Mariae,
583 3516 668 3595 quod
696 3517 788 3578 nulle
810 3534 878 3579 un.
933 3511 1021 3570 nivis
1049 3513 1126 3573 sunt
1152 3513 1402 3588 persecutiones
1429 3514 1603 3574 malorum.
1631 3515 1735 3575 Beata

79 3626 179 3689 quam
215 3612 392 3674 delectatio
428 3613 536 3691 potuit
572 3630 646 3674 eam
691 3629 876 3691 superare,
933 3608 1040 3669 Maria
1067 3624 1134 3669 non
1164 3609 1260 3670 timet
1280 3609 1392 3670 domui
1423 3626 1493 3671 suae
1515 3626 1534 3670 a
1556 3611 1736 3685 frigoribus

79 3724 139 3771 nee
162 3709 302 3772 flumina
321 3709 503 3772 obruerunt
534 3711 645 3783 illam,
671 3712 750 3789 quia
776 3713 877 3775 nulrae
933 3705 1032 3777 nivis,
1048 3706 1135 3769 idest
1148 3722 1263 3769 omnes
1275 3706 1354 3768 boni
1371 3710 1443 3785 ejus
1463 3708 1737 3786 muniminepro-

79 3806 298 3870 adversitates
311 3809 490 3887 potuerunt
515 3809 690 3871 einocere.
713 3813 791 3873 Haee
813 3827 877 3873 au.
932 3804 1009 3865 tecti
1045 3820 1113 3866 non
1146 3805 1265 3869 timent
1292 3806 1541 3883 persecutiones
1571 3807 1736 3869 malorum

78 3906 143 3967 tera
154 3906 294 3967 numina
306 3905 360 3969 vel
372 3905 591 3970 adversitates
610 3908 789 3971 voluerunt
805 3926 877 3970 eam
933 3901 1081 3965 dicentes
1096 3925 1104 3963 ε
1117 3906 1186 3965 Sub
1196 3905 1294 3965 taron
1304 3908 1508 3980 praesidium
1518 3908 1736 3981 conhcptmus

80 4002 232 4076 obruere,
246 4003 379 4083 quando
400 4004 485 4081 rugit
504 4004 539 4066 in
561 4006 771 4082 AEgyptuma
793 4007 878 4069 facie
933 4001 1055 4063 salicta
1068 4004 1133 4062 Del
1148 4003 1350 4065 Genttrioem

80 4101 232 4175 Herodis,
264 4102 298 4163 et
320 4103 452 4180 quando
473 4103 557 4165 vidit
582 4104 686 4165 fllium
720 4122 816 4166 suum
842 4106 877 4168 in
973 4099 1737 4178 EstergoelectaBeataMariaquatenussplen·

79 4200 182 4261 Gruce
195 4200 406 4277 pendentem.
934 4195 1029 4256 deret
1041 4198 1073 4257 et
1085 4196 1211 4258 caleret
1220 4199 1256 4258 ut
1265 4197 1331 4259 sol:
1343 4198 1737 4276 splendoretpersapien-

116 4296 297 4375 Speculum
313 4298 448 4359 luminis
467 4314 529 4375 per
548 4298 765 4374 honestatem,
790 4301 876 4378 quod
935 4294 1026 4365 tiam,
1040 4294 1165 4356 caleret
1180 4310 1241 4372 per
1254 4296 1461 4368 charitatem,
1478 4297 1564 4373 quod
1590 4298 1735 4375 Spiritus

79 4394 164 4456 sicut
183 4394 235 4455 sol
263 4394 433 4458 illuminat
452 4397 645 4459 nniversam
664 4399 800 4471 terram,
828 4400 877 4461 sie
933 4392 1736 4468 Sanctussupervenitineam'‚etvlrtushltissimi

79 4492 145 4554 vita
157 4494 272 4554 Beatae
293 4493 410 4555 Mariae
432 4494 557 4573 inclyta
575 4497 712 4558 cunetas
732 4496 878 4560 illustret
932 4489 1142 4552 obumbravit
1156 4490 1734 4569 illi.AudiMariaminterrogantem

80 4590 257 4651 Ecclesias.
288 4590 382 4654 Unde
406 4592 679 4655 Ecclesiasticus:
709 4596 805 4656 Sicrd
828 4602 879 4658 sol
932 4604 976 4649 ex
995 4586 1160 4665 sapientia
1176 4592 1367 4656 =0u⁰²²wd0
1377 4591 1438 4664 ῖῖθΐ
1451 4593 1557 4659 illd&
1572 4594 1735 4664 diffiniam
1865 4598 1869 4609 '

79 4690 195 4750 ortena
207 4690 338 4751 mundo
361 4693 398 4751 th
418 4690 599 4753 altissimis
621 4695 695 4763 Dei,
718 4696 770 4755 sr‘c
784 4698 878 4757 horrca
932 4691 1050 4749 cirtam
1063 4703 1132 4749 raon
1144 4692 1330 4765 cognosco?
1344 4687 1438 4768 (Luc.
1446 4705 1470 4760 1,
1484 4688 1550 4766 34).
1564 4688 1649 4749 Audi
1661 4704 1736 4751 res-

79 4788 234 4848 mdlcrts
258 4790 389 4862 speclea
420 4791 457 4849 tn
481 4790 727 4852 oruamentum
755 4795 878 4853 doacus
932 4786 1130 4864 pondeutem
1145 4803 1188 4848 ex
1203 4787 1365 4849 charitate
1386 4791 1497 4848 :dccc
1514 4790 1638 4848 oraculo
1662 4793 1735 4850 Do-

80 4884 269 4961 auaeOEccl.
289 4900 383 4954 xxvr,
398 4884 465 4965 22).
489 4888 591 4958 Quasi
615 4888 759 4950 diceret:
784 4891 877 4953 Sicut
931 4888 1019 4946 arrival
1046 4886 1109 4958 tint
1134 4889 1220 4947 milvi
1242 4888 1432 4946 secundum
1460 4887 1604 4947 ambram
1637 4887 1736 4951 taccam

81 4994 97 5040 ε
116 4978 129 5043 l
152 4980 319 5045 illuminat
340 4984 532 5045 universum
556 4985 717 5047 mundum
744 4989 876 5064 quando
932 4984 1026 5062 (Luc.
1044 4999 1067 5055 1,
1081 4981 1148 5056 38).
1163 4984 1249 5045 Audi
1264 4983 1463 5059 sapientiam
1475 4984 1511 5047 in
1528 4986 1736 5048 hierimita-

83 5082 130 5140 θεῖ
144 5080 177 5141 iu
196 5080 352 5153 excelsis,
375 5080 422 5143 ita
447 5083 575 5161 species
593 5083 689 5145 bonae
714 5086 875 5159 mulieris,
932 5082 994 5154 ria,
1013 5082 1132 5160 inquit,
1150 5083 1376 5144 consecrabas
1399 5087 1517 5145 omacio
1537 5088 1642 5146 verbo
1663 5090 1736 5148 lacco

84 5174 165 5239 idest
179 5179 339 5241 honestas
352 5180 429 5243 vitae
443 5183 553 5244 Beatae
573 5183 688 5245 blariae
703 5186 752 5245 est
767 5184 801 5245 in
821 5200 879 5246 or·
931 5182 1112 5253 conserens
1130 5182 1166 5240 iu
1189 5182 1291 5241 corde
1312 5194 1375 5241 arco
1394 5178 1488 5260 (Luc.
1511 5198 1548 5254 11,
1568 5183 1632 5262 19).
1648 5184 1735 5245 Audi

85 5278 271 5338 ramentum
286 5276 404 5339 domus
415 5294 495 5351 suae,
510 5280 595 5340 idest
610 5280 777 5342 Ecclesiae.
792 5282 877 5343 Hinc
931 5278 1128 5339 charitatem
1149 5276 1184 5337 iu
1206 5292 1246 5338 ea
1263 5299 1271 5337 ε
1286 5281 1490 5356 Μαρηῖίῖθθῖ
1513 5284 1633 5343 aniana
1655 5297 1735 5344 anco

85 5374 130 5433 θεῖ
147 5374 247 5463 etiam
263 5375 349 5451 quod
370 5378 515 5437 loannes
532 5378 615 5441 vidit
629 5379 664 5437 in
679 5380 876 5457 Apocalypsi
930 5379 1127 5447 hornarum,
1154 5377 1188 5437 et
1211 5379 1381 5439 carrdtoov‘t
1407 5380 1554 5453 spiritua
1578 5396 1677 5442 alacres
1697 5384 1735 5442 iu

85 5470 250 5534 mulierem
270 5473 425 5535 amictam
445 5475 525 5546 solo,
551 5477 584 5537 θῖ
604 5476 683 5536 luna
704 5476 763 5537 sub
779 5478 876 5554 pedi·
931 5480 1001 5536 lico
1015 5476 1162 5537 solutari
1178 5490 1253 5538 arco
1271 5474 1365 5554 (Luc.
1384 5493 1409 5549 1,
1426 5477 1491 5557 46).
1512 5480 1612 5540 Recte
1632 5479 1736 5553 igitur

85 5564 139 5629 bus
151 5573 236 5649 ejus,
254 5571 287 5632 et
302 5570 336 5631 in
350 5572 458 5650 capite
477 5576 549 5651 ejrrs
565 5590 687 5635 corona
705 5574 876 5637 stellarum
931 5574 1155 5634 Beatahlaria
1175 5574 1419 5637 diciturelecta
1442 5578 1478 5637 ut
1501 5577 1548 5637 sol
1575 5579 1734 5653 quantum
1778 5648 1783 5658 .
1851 5580 1856 5587 '

84 5662 263 5731 duodecim.
300 5669 422 5732 bivilier
451 5672 572 5733 amicta
607 5672 678 5734 sole
704 5674 755 5735 ost
775 5674 876 5735 Beata
932 5672 972 5732 ad
986 5671 1196 5749 splendorem
1212 5673 1406 5746 honestatis,
1421 5675 1507 5752 quod
1521 5674 1606 5735 sicul
1619 5673 1667 5735 sol
1684 5676 1735 5734 est
