3802 6166
131 274 188 337 cit

167 437 215 500 nd
232 438 302 497 llaec
316 435 411 497 vobis
426 434 622 497 auctoritate
634 433 847 511 praesentium
867 434 923 495 iu-

128 538 318 613 dulgernus,
346 538 382 597 ut
414 551 487 594 cum
517 534 625 595 Graeci
650 549 754 611 usque
782 532 822 596 ad
851 532 923 595 haec

127 638 276 713 tempora
300 634 445 694 decimas
469 632 598 693 solvere
624 632 760 693 minime
782 646 925 694 cousue-

126 735 195 797 rint
210 732 358 793 laborum
370 732 569 803 vestrorum,
586 746 668 808 otios
687 730 832 809 propriis
847 746 923 792 ma-

128 833 237 901 uihuS,
263 835 321 891 aut
343 829 528 906 sumptibus
549 829 658 892 colitis
677 830 718 891 de
739 828 924 907 possessio-

127 930 225 991 nibus
247 928 369 990 habitis
386 931 463 990 ante
478 929 662 989 Concilium
684 928 850 1003 generale,
870 926 923 987 vel

126 1029 167 1089 de
176 1030 362 1089 vestrorum
374 1027 568 1088 animalium
581 1026 801 1096 nutrimentis,
813 1024 924 1085 nullus

126 1144 144 1187 a
171 1126 265 1187 vohis
290 1125 435 1187 decimas
462 1126 614 1201 exigere,
642 1124 693 1186 vel
725 1125 924 1201 extorquere

125 1227 315 1303 praesumat.
350 1224 464 1286 Liceat
490 1240 619 1300 quoque
650 1222 742 1284 vobis
770 1222 922 1293 clericos,

124 1324 178 1385 vel
199 1323 319 1395 laicos,
345 1323 420 1395 ete,
445 1337 553 1397 ccsqnc
568 1339 579 1382 .·
594 1321 748 1382 retinere.
772 1318 925 1381 chrisma

124 1438 216 1493 vero,
230 1422 338 1481 oleum
352 1423 514 1491 sanctum,
527 1422 601 1490 etc,
618 1434 724 1493 risone
739 1436 750 1478 :
765 1418 837 1479 sine
852 1433 925 1494 pra·

124 1521 227 1582 vitate
239 1520 351 1595 aliqua
364 1517 534 1579 exhibere.
549 1519 629 1578 Cum
642 1518 752 1578 autern
768 1516 924 1592 generale

125 1616 352 1685 interdictum,
383 1617 458 1681 etc„
492 1630 600 1688 arsulae
629 1631 639 1674 :
672 1613 785 1674 divina
816 1612 924 1675 officia

126 1712 307 1775 colelnare.
318 1713 396 1773 Paci
408 1728 538 1789 queque
547 1714 579 1773 et
589 1710 833 1788 tranquillitati,
846 1711 922 1781 etc,

124 1827 232 1885 aesone
259 1830 271 1871 .·
303 1810 424 1871 audeat
456 1825 625 1872 exercere.
661 1809 808 1871 Obeunte
844 1826 924 1870 vere

125 1910 169 1973 te.
190 1914 266 1980 etc„
293 1924 400 1981 cespite
420 1926 431 1968 :
451 1909 631 1969 secuudum
654 1910 756 1969 Derun
778 1909 811 1968 et
836 1906 923 1969 beati

125 2007 241 2069 Basilii
279 2006 427 2082 regulam
461 2006 682 2083 providerint,
721 2004 920 2081 eligendum.

124 2107 256 2167 Electus
270 2107 380 2166 autem
403 2120 462 2181 pro
477 2104 708 2165 benedictione
723 2103 764 2163 ad
789 2104 922 2180 episco-

125 2220 202 2281 pum
216 2204 440 2264 ‹lioecesauuur
456 2202 613 2263 accedat:
630 2202 686 2279 (μή
701 2202 730 2261 sl
745 2202 775 2262 ei
792 2200 924 2262 duxerit

125 2301 374 2373 denegandum,
409 2300 515 2360 eidem
547 2299 652 2361 electo
681 2316 739 2375 pro
768 2297 925 2359 bencdic-

123 2400 225 2461 tionis
263 2414 400 2458 intruere
443 2398 642 2469 obtinendo,
684 2412 923 2474 quemcumque

123 2496 294 2565 maluerit,
325 2496 525 2557 catholicum
550 2495 643 2556 adire
670 2494 851 2556 antistitem
878 2494 923 2554 li-

125 2596 267 2655 centiam
299 2594 334 2654 iu
366 2595 571 2671 perpetuum.
609 2594 775 2654 Praeterea
809 2608 922 2653 omues

124 2692 294 2753 libertates
309 2694 341 2752 et
359 2691 595 2762 immunitates
613 2693 689 2762 otc,
709 2705 838 2764 aesque:
854 2690 924 2767 pri-

124 2789 247 2863 vilegio
258 2789 510 2849 commuuimus.
523 2788 737 2848 baceruimus
746 2802 838 2862 ergo,
846 2787 920 2855 etc„

126 2900 235 2959 acsqace
259 2903 270 2945 :
292 2884 490 2946 omnimodis
509 2882 692 2961 protutura,
714 2883 806 2944 salva
828 2884 922 2944 Sedis

124 2982 324 3059 Apostolicae
340 2982 536 3043 auctoritate
550 2984 583 3043 et
593 2982 627 3042 iu
641 2981 808 3060 praedictis
821 2981 923 3041 cccle-

125 3080 185 3141 siis
212 3080 477 3141 dioecesanorum
501 3079 731 3156 episcoporum
762 3079 921 3140 canonica

120 3179 264 3255 justitia.
302 3177 336 3237 Si
370 3194 433 3254 qua
464 3177 564 3253 igitur
590 3177 624 3237 iu
660 3175 817 3247 loturum,
845 3177 920 3248 ete,

123 3292 230 3350 cascere
241 3294 251 3336 :
265 3275 413 3352 suhjacet
425 3274 554 3335 ultioni.
566 3274 699 3335 Cunctis
709 3274 831 3345 autem,
844 3275 920 3345 etc,

123 3390 230 3449 usone
245 3392 256 3435 .·
269 3372 451 3435 inveniant.
465 3376 580 3433 Arnen.

163 3475 282 3534 ltatuur
322 3471 477 3533 Laterani
514 3486 572 3547 per
610 3486 743 3530 manum
784 3468 921 3530 Rauerii

123 3572 248 3633 salicta}
280 3573 438 3631 Romnum
465 3568 622 3629 Ecclesiae
655 3565 922 3627 vicecancellarii

122 3672 165 3730 IV
190 3669 351 3730 kalendas
377 3667 550 3737 februarii,
575 3666 691 3727 indict.
715 3668 785 3735 Vll,
809 3660 923 3725 lucar-

123 3769 268 3829 uatiouis
288 3766 467 3827 Dominicao
483 3780 571 3826 auno
588 3764 789 3833 MCCXVlll,
813 3762 923 3839 ponti-

122 3866 240 3927 ticatus
262 3880 341 3927 vero
363 3864 488 3926 domiui
503 3862 643 3925 Honorii
659 3864 758 3938 Papae
773 3863 819 3921 lli
833 3875 921 3920 anuo

122 3963 279 4024 secundo.

463 4110 584 4198 onix

140 4268 192 4328 Ad
210 4267 413 4326 Alidensem
429 4264 462 4324 cl
476 4266 692 4341 Brea-pensem
712 4264 898 4337 episcopos.

417 4406 453 4462 30
464 4405 524 4478 J'au.
543 4405 621 4463 1218.

121 4532 260 4599 [ltavnuld
273 4530 386 4582 Annales
398 4528 571 4590 ecclesiastici,
584 4529 615 4578 ad
628 4542 689 4578 ann.
701 4528 770 4585 lais,
784 4528 858 4591 tgbtl.
869 4527 920 4591 id]

120 4651 276 4724 l'ropesitis
291 4647 452 4721 insignibus
465 4645 604 4719 hiphonsi
615 4646 741 4701 victoriis
751 4644 786 4701 ud
797 4653 921 4701 conster-

184 4749 283 4797 natum
294 4746 372 4796 metu
383 4737 494 4794 hostem
510 4734 728 4808 opprimendum
741 4733 855 4791 excitat.

161 4879 245 4937 Ecce
268 4877 395 4951 tempus
418 4874 650 4949 opportunum,
678 4871 713 4932 ut
741 4868 918 4940 credimus,

122 4973 163 5034 ad
184 4972 423 5047 insurgendum
448 4973 563 5031 contra
592 4985 664 5042 ecS,
695 4968 814 5047 quibus
841 4970 921 5029 estis

122 5071 329 5141 circumdati,
350 5074 531 5145 Agareuos,
552 5085 625 5129 curu
648 5067 808 5128 miraculo
830 5066 921 5128 illius

120 5169 281 5239 victoriae,
306 5184 405 5245 quam
428 5166 588 5227 Dominus
603 5166 810 5227 exercituum
832 5180 921 5225 auno

120 5282 209 5327 istinc
220 5266 335 5343 quisito
351 5264 481 5325 coelitus
494 5263 706 5331 ministravit,
724 5262 832 5323 adhuc
847 5278 921 5324 esse

121 5364 301 5427 credantur
315 5362 459 5434 attoniti,
484 5364 517 5422 et
537 5361 842 5436 crucesignatorum
863 5360 921 5420 in-

121 5478 233 5534 cursu,
251 5461 306 5537 qui
322 5462 466 5533 stragem
477 5460 673 5520 asseruntur
687 5458 805 5519 secisse
818 5458 921 5519 maxi·

120 5578 209 5625 ruam
235 5559 270 5620 iu
285 5557 405 5619 ditibus
426 5556 629 5631 eororudom,
644 5556 798 5618 dicautur
810 5556 921 5634 pluri·

121 5677 210 5722 rnrrru
225 5656 347 5723 animis
360 5655 575 5717 cormteruati.

747 274 922 334 bosonii
945 272 990 335 111
1011 275 1159 335 OPERA.

1718 276 1771 336 til?

1019 434 1296 513 Etlicetdiguum,
1308 450 1347 497 ac
1356 435 1586 497 necessarium
1596 434 1771 513 videretur,

978 534 1014 595 ut
1025 536 1161 611 propter
1179 535 1242 596 hoc
1257 534 1296 596 ad
1319 552 1379 597 vos
1393 534 1564 597 destinare
1579 534 1725 613 legatum
1738 539 1775 601 da

978 634 1093 695 nostro
1112 632 1216 695 latare
1239 631 1449 707 deberemus3
1470 635 1549 712 quia
1576 638 1690 697 tamen
1714 636 1774 697 du·

978 730 1067 791 bium
1093 730 1188 795 uobis
1211 734 1293 803 erat,
1322 732 1432 794 utrum
1456 732 1492 793 in
1517 734 1684 795 movenda
1712 735 1775 797 illis

978 844 1099 905 girerra
1122 845 1238 905 regum
1264 831 1403 891 consilia
1429 831 1694 901 concordarent,
1719 850 1775 893 uos

977 928 1088 988 tamen
1114 930 1292 1004 pensantes
1328 928 1536 1005 prudentiam
1576 930 1775 991 venerabilis

978 1025 1093 1088 fratris
1115 1026 1221 1089 nostrl
1242 1026 1483 1104 archiepiscopi
1507 1028 1674 1099 Toletani,
1699 1030 1777 1090 odo-

979 1140 1048 1185 rem
1072 1124 1227 1198 nominis,
1267 1127 1362 1201 cujus
1385 1126 1446 1186 etsi
1476 1124 1567 1187 lama
1592 1126 1716 1187 dudum
1737 1128 1774 1189 ad

979 1239 1039 1283 nos
1066 1224 1232 1300 praecouio
1254 1226 1347 1285 tauto
1374 1223 1559 1300 pertulerit,
1587 1227 1622 1286 ut
1644 1226 1774 1302 profusa

979 1322 1013 1381 iu
1024 1325 1097 1399 ejus
1107 1322 1262 1383 laudibus
1274 1322 1452 1393 videretur,
1464 1325 1675 1385 uuuctamen
1687 1325 1774 1385 illam

979 1436 1113 1481 avaram
1139 1421 1174 1481 iu
1204 1420 1328 1481 eisdem
1362 1420 1585 1497 comperimus
1612 1422 1774 1491 extitisse,

978 1534 1077 1595 quum
1089 1517 1248 1589 scientiae,
1261 1516 1580 1594 circumspectionis,
1593 1520 1774 1587 modestia,

979 1616 1172 1689 honestatis,
1196 1632 1235 1677 ac
1255 1616 1362 1677 omnis
1382 1615 1556 1677 industriae
1581 1616 1681 1692 louge
1705 1618 1774 1693 plus

979 1732 1075 1792 quam
1091 1714 1153 1775 illa
1169 1714 1329 1785 retulerit,
1346 1713 1573 1774 invenerimus
1592 1714 1627 1773 iu
1644 1715 1774 1787 eodeur;

978 1814 1009 1874 ei
1034 1828 1118 1874 oritis
1143 1810 1334 1890 hujusmodi
1360 1811 1516 1871 duximus
1538 1811 1774 1887 imponendum

979 1911 1155 1987 legationis
1170 1910 1325 1979 otllcium,
1343 1908 1449 1971 eidem
1464 1909 1505 1969 ad
1523 1908 1556 1967 id
1568 1924 1630 1985 per
1651 1914 1775 1971 vestras

979 2009 1168 2086 provincias
1178 2008 1399 2080 concedendo,
1412 2009 1449 2069 ut
1458 2023 1560 2085 quum
1569 2007 1611 2068 ad
1622 2024 1774 2083 guerram

978 2108 1045 2168 illis
1079 2106 1275 2168 movendam
1307 2107 1456 2184 ipsorum
1484 2122 1601 2181 regum
1635 2106 1774 2167 consilia

978 2206 1268 2279 concordaverint;
1289 2205 1360 2281 ipse
1380 2204 1473 2282 quasi
1495 2205 1699 2266 alterJosue
1720 2220 1773 2263 vos

978 2304 1152 2382 praecedat,
1174 2303 1258 2365 etad
1275 2303 1453 2364 eruendam
1466 2302 1655 2363 deillorum
1672 2302 1773 2362 maui-

977 2403 1039 2463 bus
1061 2404 1199 2471 terram,
1227 2417 1326 2479 quam
1354 2400 1572 2477 prophanatis
1594 2400 1656 2461 Dei
1680 2416 1772 2461 sauc-

976 2500 1097 2563 tuariis
1111 2500 1259 2561 detinent
1272 2500 1477 2575 occupatam,
1501 2498 1632 2559 animos
1648 2502 1770 2559 vestros

977 2599 1127 2666 aeteruis,
1146 2600 1178 2660 et
1201 2596 1438 2673 temporalibus
1454 2595 1602 2674 praemiis
1622 2596 1769 2656 incitatos

977 2697 1157 2757 secundum
1184 2694 1293 2755 datam
1319 2693 1382 2753 sibi
1412 2710 1432 2754 a
1466 2696 1533 2754 ileo
1566 2692 1767 2769 prudentiam

977 2796 1119 2865 moueat,
1152 2792 1356 2863 exlnutetur,
1390 2794 1421 2851 et
1448 2791 1567 2866 erigat,
1593 2806 1716 2867 vosque
1737 2790 1766 2848 in

977 2910 1061 2965 eam,
1079 2891 1193 2969 ejectis
1208 2888 1338 2951 ancillae
1352 2888 1441 2961 liliis,
1463 2889 1520 2965 qui
1533 2888 1684 2949 haeredes
1700 2903 1765 2947 esse

977 3007 1051 3052 curu
1089 2990 1168 3050 tiliis
1195 2986 1308 3049 liberae
1343 3002 1410 3047 uon
1443 2989 1625 3057 merentur,
1662 2986 1763 3045 divino

977 3089 1152 3151 comitatus
1183 3086 1310 3147 auxilio
1333 3084 1533 3157 introducat,
1561 3086 1623 3146 etc.
1656 3086 1761 3143 Dabuu

976 3186 1153 3258 Laterani,
1193 3187 1238 3246 lll
1273 3182 1406 3245 kalend.
1440 3182 1536 3255 febr„
1564 3182 1760 3259 poutitlcatus

977 3284 1080 3347 uestri
1100 3299 1189 3345 aurio
1211 3281 1368 3344 secundo.

976 3616 1028 3675 Ad
1039 3616 1240 3675 diodericum
1253 3614 1546 3686 aielricpiscopmn
1564 3610 1753 3671 lhlclonnn.

1283 3740 1368 3799 lteb.
1387 3741 1466 3799 tata.

1070 3859 1174 3923 [bobbo
1184 3856 1306 3909 collectio
1316 3858 1402 3915 Cone,
1415 3863 1435 3905 t.
1447 3856 1490 3913 xl,
1504 3870 1530 3919 p.
1542 3854 1598 3907 Μ.
1612 3866 1639 3904 n·
1649 3854 1684 3919 a]

977 3966 1118 4026 Primatus
1133 3967 1161 4023 lu
1182 3965 1381 4036 llispalcusem
1398 3962 1578 4035 metropolim
1598 3958 1751 4019 conceditur.

1016 4084 1183 4147 Ilouorius
1219 4083 1411 4159 episcopua,
1448 4097 1566 4141 servus
1601 4089 1752 4141 servorum

976 4176 1751 4256 Dei,venerabilitratriarchiepiscopo'soletaue

976 4283 1115 4343 salutem
1131 4282 1164 4341 et
1175 4278 1390 4357 apostolicam
1403 4276 1676 4339 benedictionem.

1015 4377 1212 4456 Apostolicae
1224 4376 1319 4438 Sedis
1335 4375 1525 4450 benignitas
1540 4372 1674 4450 provide
1686 4381 1751 4445 peu·

976 4494 1054 4537 sans
1073 4478 1188 4537 merita
1212 4474 1431 4550 singulorum,
1446 4472 1501 4543 iis,
1516 4488 1599 4549 quos
1614 4470 1682 4547 plin
1695 4466 1749 4525 ter·

975 4590 1053 4635 vere
1075 4576 1109 4635 iu
1136 4590 1196 4635 sua
1222 4572 1396 4633 devotione
1411 4569 1593 4645 cognoscit,
1615 4570 1748 4642 urajorsu

975 4672 1148 4733 cousuevit
1169 4670 1310 4746 gratiam
1332 4667 1491 4729 exhibere
1515 4666 1551 4727 ut
1575 4682 1640 4727 nim
1663 4662 1747 4721 solun

976 4769 1051 4830 illos
1079 4785 1098 4830 a
1122 4768 1249 4829 devertis
1276 4765 1463 4827 devotiores
1497 4763 1632 4830 elliciat,
1657 4765 1746 4817 corun

976 4869 1076 4930 etiam
1092 4867 1224 4927 illorum
1237 4864 1389 4941 exemplo
1405 4862 1580 4923 indevotos
1591 4860 1632 4921 ad
1647 4855 1692 4918 sui
1705 4850 1746 4910 dc-

976 4968 1141 5028 votioucru
1157 4965 1304 5025 inducat.
1321 4964 1405 5023 lliuc
1426 4963 1488 5029 est,
1504 4959 1591 5037 qarod
1607 4950 1746 5019 attenden-

976 5068 1025 5125 tes
1046 5063 1248 5124 uobilitatem
1270 5060 1420 5122 ecclesiae
1448 5059 1630 5127 Teletauas,
1656 5045 1748 5115 iutuitu

977 5162 1160 5239 spiritualis
1173 5160 1369 5229 devotionis,
1387 5174 1485 5234 quam
1499 5156 1540 5217 ad
1553 5152 1748 5234 spostolicae

977 5261 1095 5321 Sedcm
1115 5257 1478 5333 lraberediguosci1ur3
1496 5256 1647 5317 volentes
1666 5252 1750 5313 tacere

976 5358 1118 5434 gratiam
1134 5357 1312 5434 specialem
1327 5357 1362 5415 iu
1381 5354 1576 5431 Hispaleusi
1592 5341 1751 5427 metropoli,

977 5474 1016 5518 ac
1028 5460 1101 5534 ejus
1113 5456 1230 5533 provin
1240 5456 1285 5516 :ia
1298 5476 1305 5514 ε
1320 5454 1426 5515 eidem
1437 5453 1591 5514 ecclesiae.
1604 5440 1754 5530 praesentis

977 5554 1094 5631 scripti
1107 5552 1283 5631 privilegio
1293 5556 1350 5631 jus
1361 5551 1577 5613 concedimus
1593 5546 1756 5629 primatia:

978 5654 1172 5725 statuentes,
1189 5654 1223 5714 ut
1236 5650 1372 5729 prmlata
1389 5650 1584 5727 metropolis
1607 5649 1648 5710 ad
1664 5642 1759 5709 cuns·
