3802 6166
122 298 184 359 297

118 456 273 536 templari
289 456 402 522 nolitis
418 458 540 536 quanto
559 456 630 521 zeto
645 459 805 521 Dominus
817 463 915 523 Jcsns

119 556 271 618 Christus
290 556 407 633 diligat
425 572 580 634 sponsam
600 573 707 628 suam,
730 558 916 620 Massilien.

117 654 276 717 videlicet
290 654 475 727 ecclesiam,
497 656 636 717 matrem
655 658 917 734 vestram,quam

119 771 188 816 non
212 754 319 815 solum
340 754 497 832 tanquam
519 754 642 831 ingrati
662 755 724 817 11111
747 755 916 833 spernitis,

120 853 293 914 sedetiam
309 854 345 913 ut
359 853 504 930 privigni
520 854 628 916 attilii
648 855 763 926 alieni,
780 858 918 916 extenso

120 952 206 1013 collo
222 952 255 1013 et
269 953 379 1013 erecta
393 952 522 1013 cervice
537 953 691 1030 persequi
706 953 789 1014 adeo
806 952 918 1029 impu-

119 1051 239 1112 denter
262 1051 296 1111 et
318 1051 466 1126 graviter
488 1067 556 1112 non
579 1051 715 1120 timetis,
742 1051 827 1129 quod
851 1050 919 1111 mei

119 1166 180 1211 vos
197 1148 239 1210 ad
256 1149 486 1226 paenitentiam
501 1150 560 1211 Dei
585 1149 815 1212 misericordia
828 1149 920 1211 velut

121 1248 266 1309 Niniven
287 1248 489 1324 expectaret,
511 1248 690 1310 formidare
712 1248 853 1326 possetis
877 1264 920 1309 ne

122 1346 291 1408 civitatem
304 1346 449 1408 vestram
463 1346 556 1408 furor
570 1345 777 1408 subverteret
788 1346 919 1408 Domini

122 1445 209 1506 sicut
224 1445 401 1506 Sodomam
419 1447 452 1506 et
466 1448 672 1507 Gomorram.
689 1448 831 1507 Gravem
846 1444 921 1522 qui-

122 1542 199 1604 dem
218 1541 420 1604 venerabilis
443 1541 556 1605 fratris
576 1543 680 1605 nostri
702 1543 866 1621 episcopi,
888 1544 921 1605 et

122 1641 319 1702 dilectorum
338 1641 482 1702 illiorum
500 1643 562 1717 Ug.
581 1642 751 1719 praepositi
770 1642 803 1703 01
823 1642 920 1719 capi·

122 1739 185 1802 tuli
198 1740 381 1800 Massilien.
396 1740 582 1816 recepimus
595 1740 823 1817 quaestionem,
838 1756 920 1817 quos

124 1854 185 1901 vos
199 1837 264 1914 ipsi
278 1838 379 1915 impie
395 1839 629 1916 persequentes
644 1839 678 1900 et
693 1838 921 1915 possessiones

124 1952 166 1999 ac
185 1937 252 1998 alia
274 1936 360 1998 bona
382 1953 496 1998 eorum
518 1953 578 2014 per
600 1934 793 1999 violentiam
816 1953 920 1998 occu-

122 2039 253 2113 pantes
267 2050 354 2096 nova
367 2035 506 2113 pedagia
522 2037 555 2097 et
570 2034 726 2098 collectas
739 2036 855 2097 contra
865 2038 921 2112 Jus

122 2149 309 2207 commune,
327 2149 389 2195 nec
408 2150 475 2195 non
493 2134 526 2195 et
544 2134 659 2195 contra
675 2134 798 2195 statuta
819 2149 923 2210 gene-

122 2233 207 2295 ralis
219 2231 368 2304 concilii,
385 2233 525 2310 rippam,
541 2232 666 2309 portus,
683 2232 755 2294 vias
771 2231 921 2308 publicas

121 2330 157 2393 et
177 2346 353 2392 commune
375 2330 483 2392 forum
504 2331 572 2391 tam
596 2329 693 2406 burgi
715 2346 813 2408 quam
835 2330 922 2391 ciri-

123 2429 205 2491 tatis
229 2428 377 2505 ipsorum
405 2428 595 2490 hominibus
621 2427 791 2490 inhibetis.
818 2430 923 2489 Sano-

124 2527 237 2590 tuaria
268 2526 400 2587 Domini
427 2530 595 2603 tamquam
623 2525 817 2587 orthodoxae
845 2524 922 2587 fldei

122 2625 336 2702 corruptores
361 2640 428 2686 non
461 2623 585 2702 absque
610 2624 786 2686 manifesta
812 2624 924 2701 suspi-

125 2723 221 2785 cione
256 2721 432 2800 pravitatis
463 2722 631 2785 baereticae
659 2722 808 2794 violatis,
839 2721 922 2784 locis

126 2819 231 2882 sacris
251 2822 283 2881 et
301 2820 424 2881 Christi
446 2820 609 2882 ministris
644 2819 868 2897 blasphemias
890 2820 923 2881 01

126 2932 278 2979 enormes
303 2918 446 2995 injurias
466 2917 658 2994 irrogando.
681 2919 797 2995 Nuper
822 2917 923 2979 etiam

124 3015 213 3076 sicut
226 3031 269 3075 ex
283 3014 446 3076 dictorum
460 3014 618 3091 episcopi,
634 3016 695 3091 Ug.
709 3013 878 3093 praepositi
890 3015 923 3077 et

125 3112 267 3190 capituli
286 3111 420 3189 lugubri
443 3112 606 3174 relatione
630 3112 779 3174 dolentes
803 3112 924 3174 didici-

124 3228 211 3282 mus,
230 3211 265 3271 in
279 3212 406 3273 tantam
425 3210 590 3271 insaniam
606 3210 816 3287 prorupistis,
836 3210 922 3287 quod

123 3309 300 3371 induentes
309 3308 520 3387 tyrannidem
530 3309 646 3370 contra
656 3311 771 3380 Deum,
782 3308 817 3369 in
829 3324 924 3385 quos·

123 3407 201 3469 dam
217 3407 438 3485 presbyteros,
453 3408 622 3479 diaconos,
639 3407 672 3467 et
683 3406 770 3467 alios
783 3406 923 3467 clericos

123 3504 274 3568 vestibus
292 3506 398 3568 sacris
413 3505 556 3577 indutos,
574 3519 690 3567 cruces
707 3505 741 3565 01
755 3503 925 3565 eucharis·

125 3605 208 3666 tiam
227 3603 425 3676 deserentes,
444 3603 608 3665 violentas
627 3618 745 3663 manus
763 3600 923 3679 usquead

125 3702 325 3763 effusionem
351 3701 525 3777 sanguinis
550 3701 728 3779 injecistis
750 3701 785 3761 et
809 3700 924 3761 tractis

125 3799 352 3862 irreverenter
368 3799 522 3861 crucibus
537 3799 631 3876 ipsis,
648 3800 682 3860 et
695 3798 870 3875 prostratis
888 3798 924 3859 in

125 3898 263 3971 terram,
287 3903 437 3959 sanctam
459 3897 695 3959 eucharistiam
714 3896 751 3957 in
773 3896 924 3957 0111011111

126 3996 363 4058 contumeliam
378 3995 610 4068 conculcastis,
630 3995 801 4073 sacrisque
815 3995 924 4056 vesti-

126 4092 190 4154 bus
200 4093 347 4162 laniatis,
360 4093 534 4155 ecclesiam
545 4094 652 4154 sancti
666 4093 837 4154 Laurentii
848 4093 924 4153 dum

126 4194 164 4253 in
177 4208 217 4252 ea
232 4191 481 4253 celebrarentur
490 4192 649 4269 mysteria
661 4191 786 4259 divina,
797 4190 832 4250 in
846 4206 926 4252 con-

126 4291 286 4367 temptum
301 4290 371 4358 Dei,
388 4290 422 4351 et
435 4289 622 4350 animarum
634 4290 820 4351 vestrarum
835 4288 928 4366 peri-

129 4389 252 4459 cnlum,
267 4388 394 4449 violare
407 4403 492 4448 ausu
507 4386 636 4448 nefario
649 4386 923 4464 praesumpsistis3

128 4488 163 4549 et
181 4487 223 4547 iis
239 4485 392 4547 omnibus
410 4501 476 4546 non
491 4484 650 4557 contenti,
667 4484 822 4562 praelatos
837 4484 928 4561 epis-

129 4600 249 4662 copum
274 4586 307 4645 ct
329 4582 530 4661 capitulum,
554 4583 694 4645 clericos
719 4582 752 4645 et
774 4582 927 4645 homines

128 4682 321 4746 eorumdem
335 4681 477 4743 diversis
490 4681 596 4743 modis
609 4681 756 4757 affligere
772 4696 839 4743 non
854 4697 928 4742 ces-

127 4781 220 4843 satis.
237 4781 320 4853 Quia
335 4780 439 4857 igitur
456 4779 547 4841 zelus
566 4795 626 4841 nos
645 4779 788 4842 comedit
809 4779 927 4841 domus

127 4880 201 4952 Dei,
223 4881 256 4941 01
275 4894 376 4955 super
395 4894 456 4939 nos
476 4876 654 4955 opprobria
673 4877 928 4955 exprobantium

132 4977 198 5039 sibi
211 4977 344 5049 cadunt,
358 4978 460 5038 tantae
476 4975 741 5053 praesumptionis
754 4975 928 5037 audaciam

133 5075 258 5138 clausis
274 5074 379 5136 ocutis
394 5073 600 5152 pertransire
614 5073 775 5147 nolentes,
793 5074 931 5135 univer-

129 5174 223 5236 sitati
237 5174 357 5235 vestrae
373 5189 432 5250 per
447 5171 637 5249 Apostolica
652 5171 776 5249 scripta
790 5171 930 5233 tirmiter

129 5279 355 5361 praecipiendo
373 5279 579 5351 mandamus
601 5280 763 5355 quatenus
777 5278 817 5339 ab
837 5279 930 5356 ipso·

130 5396 206 5442 rum
222 5379 380 5457 episcopi,
399 5380 459 5454 Ug.
477 5377 658 5455 praepositi,
679 5379 713 5439 01
729 5377 880 5454 capituli,
898 5379 931 5439 01

130 5478 304 5540 11011ιί110111
328 5491 463 5538 suorum
488 5475 773 5537 molestationibus
798 5477 929 5552 penitus

131 5576 341 5648 desistentes,
361 5574 401 5636 de
420 5574 525 5636 illatis
545 5573 609 5635 sibi
629 5572 772 5643 damnis,
794 5589 930 5650 posses-

133 5673 285 5737 sionibus
299 5672 438 5747 invasis,
455 5673 489 5736 et
507 5671 583 5735 aliis
598 5671 741 5734 diversis
755 5672 929 5749 gravami-

757 299 987 362 EPISTOLAE.
1010 301 1090 363 LIB.
1114 302 1138 361 1.
1228 301 1233 309 ’

1710 302 1772 363 298

972 460 1068 523 nibus
1083 460 1251 537 irrogatis,
1268 458 1489 533 contumeliis,
1504 459 1538 522 01
1552 460 1686 538 injuriis
1701 461 1772 523 eis·

972 558 1057 631 dem,
1074 559 1175 620 immo
1193 562 1271 631 Deo,
1291 575 1388 637 quem
1407 559 1556 635 graviter
1571 558 1769 633 offendistis,

973 658 1007 718 in
1026 658 1118 734 ipsos
1146 658 1194 720 ita
1219 658 1368 735 plenarie
1392 656 1587 719 satisfacere
1611 674 1772 735 procure-
1876 710 1881 715 .

972 756 1027 828 tis,
1045 756 1130 833 quod
1151 756 1313 818 exhibitio
1335 755 1574 817 satisfactionis
1597 756 1772 832 condignae

974 854 1079 931 cnlpae
1092 855 1234 915 redimat
1246 854 1450 931 qualitatem.
1468 856 1537 916 Nos
1551 855 1639 915 enim
1651 854 1772 917 dilecto

975 953 1043 1014 tilio
1063 954 1177 1014 nostro
1196 953 1380 1014 Bertrando
1398 952 1486 1014 tituli
1504 953 1693 1014 sanctorum
1708 955 1771 1015 Jo-

974 1052 1095 1113 hannis
1105 1052 1138 1113 et
1151 1051 1246 1112 Pauli
1261 1051 1453 1129 presbytero
1469 1051 1644 1123 cardinali,
1661 1054 1771 1128 Apos-

974 1150 1048 1211 licae
1069 1150 1163 1211 Sedis
1182 1150 1303 1226 legato,
1321 1149 1446 1212 nostris
1463 1149 1581 1211 damus
1595 1149 1715 1211 litteris
1736 1150 1772 1211 in

975 1248 1150 1321 mandatis,
1167 1249 1213 1320 nt,
1227 1248 1357 1310 nisivos
1375 1248 1549 1325 praeceptis
1567 1247 1690 1309 nostris
1706 1264 1771 1309 cu-

974 1347 1130 1408 raveritis
1149 1345 1299 1418 obedire,
1315 1347 1536 1409 temeritatem
1553 1347 1698 1408 vestram
1715 1360 1774 1423 per
1792 1410 1797 1421 ,

975 1446 1352 1508 excommunicationem
1375 1446 1409 1506 in
1431 1461 1592 1522 personas
1611 1446 1644 1507 et
1662 1445 1773 1507 inter-

975 1543 1098 1605 dictum
1109 1545 1145 1604 in
1155 1545 1290 1616 terram,
1306 1543 1437 1606 sublato
1448 1543 1681 1620 appellationis
1691 1542 1773 1604 obs-

974 1642 1097 1711 taculo,
1117 1643 1254 1704 auctore
1269 1642 1420 1713 Domino,
1437 1641 1549 1703 taliter
1572 1640 1719 1717 corrigat
1741 1641 1775 1704 et

975 1741 1125 1817 castiget,
1143 1740 1229 1817 quod
1244 1741 1354 1802 vestra
1370 1740 1532 1801 eorrectio
1553 1738 1628 1800 aliis
1648 1739 1773 1801 similia
1860 1736 1863 1741 '

975 1839 1198 1918 praesumendi
1226 1837 1400 1899 audaciam
1430 1837 1631 1899 interdicat:
1647 1838 1766 1899 scituri

976 1939 1062 2017 quod
1078 1939 1107 1998 si
1121 1953 1181 1998 nec
1196 1936 1245 1998 sic
1260 1936 1423 1998 vinxeritis
1437 1953 1456 1997 0
1469 1937 1561 1997 tanta
1575 1936 1774 1997 temeritatis

976 2037 1115 2098 audacia
1131 2035 1274 2107 resilire,
1291 2035 1492 2111 pontitioalis
1512 2034 1685 2109 dignitatis
1706 2034 1773 2096 110-

976 2151 1073 2207 11010,
1098 2149 1162 2211 qno
1184 2134 1232 2194 sic
1252 2133 1344 2194 alnrti
1363 2121 1546 2205 videmini,
1561 2132 1774 2193 denuntiabi-

977 2249 1049 2293 mus
1064 2247 1123 2294 vos
1139 2248 1212 2292 esse
1228 2230 1419 2308 privandos

1016 2331 1134 2392 Datum
1151 2329 1316 2400 Laterani,
1339 2328 1438 2391 tertio
1458 2327 1619 2389 kalendas
1642 2328 1771 2401 rrrartii,

976 2428 1187 2506 pontificatus
1202 2427 1314 2489 nostri.
1323 2442 1412 2488 011110
1428 2426 1545 2504 primo.

1280 2558 1469 2731 cmm

1018 2837 1070 2895 An
1083 2836 1251 2895 1100011100
1267 2833 1301 2894 01
1314 2833 1502 2908 capitulum
1517 2835 1731 2908 thcttcrracs

1159 2933 1401 2994 Nontomensis
1417 2932 1584 2993 ulcerosis.

1267 3089 1303 3146 28
1316 3087 1386 3145 tebr.
1402 3088 1482 3146 tarr.

1018 3196 1126 3260 [liegest.
1142 3194 1188 3245 lib.
1199 3196 1219 3255 l,
1232 3195 1308 3260 epist.
1319 3194 1375 3245 293.
1390 3197 1448 3246 btss.
1460 3197 1496 3246 La
1508 3196 1585 3246 Porta
1594 3194 1629 3245 du
1640 3196 1734 3259 Thell]

978 3360 1013 3418 Ut
1037 3359 1207 3433 magistrum
1228 3360 1258 3416 P.
1275 3358 1311 3416 de
1326 3358 1394 3431 Capi
1416 3359 1562 3427 clericum,
1578 3357 1624 3415 cui
1642 3359 1719 3431 Papa
1746 3356 1776 3413 in

1015 3448 1141 3520 ipsorum
1158 3448 1291 3516 ecclesie,
1305 3445 1488 3520 prebendam
1499 3461 1586 3519 quum
1600 3446 1774 3503 1101101000-

1013 3543 1065 3606 ret,
1082 3537 1290 3611 assignaverat,
1307 3534 1701 3593 10010001011110111111111111.

1018 3705 1197 3777 Honorius,
1225 3704 1301 3776 010,
1330 3703 1460 3764 dilectis
1489 3702 1567 3763 titiis
1593 3702 1778 3765 1100011001

979 3805 1124 3882 capituto
1139 3803 1305 3879 Nigetlen.
1322 3801 1518 3863 Not-'ioman
1535 3799 1701 3862 dioecesis.

1020 3903 1165 3965 Dilectus
1181 3902 1270 3962 tilius
1286 3901 1444 3976 magister
1457 3902 1494 3961 P.
1509 3899 1549 3961 de
1563 3898 1654 3976 Capi,
1672 3897 1777 3960 cleri-

979 4018 1049 4075 cus,
1085 4018 1147 4062 sua
1180 3999 1276 4062 nobis
1309 3998 1535 4060 insinuatione
1568 3997 1777 4071 monstravit,

980 4100 1156 4180 quodcum
1174 4097 1267 4160 vobis
1283 4097 1473 4158 dederimus
1492 4097 1528 4157 in
1549 4095 1725 4167 mandatis,
1743 4096 1780 4157 ut
1812 4106 1816 4114 ’

980 4199 1131 4261 eumdem
1141 4197 1176 4258 in
1186 4195 1383 4257 canonicum
1393 4192 1777 4273 reciperitisetsratrem,

980 4314 1040 4359 vos
1053 4296 1085 4356 id
1103 4294 1236 4356 efficere
1252 4310 1318 4355 11011
1335 4293 1490 4364 curastis,
1508 4292 1585 4354 11001
1600 4306 1701 4368 super
1714 4291 1779 4353 1100

980 4412 1000 4456 0
1024 4393 1155 4455 dilectis
1181 4392 1260 4452 tiliis
1286 4390 1405 4452 abbate
1429 4388 1536 4452 sancti
1556 4388 1720 4452 lobannis
1743 4388 1780 4449 in

981 4492 1096 4555 Vineis
1113 4491 1146 4553 et
1160 4489 1296 4567 collegis
1317 4488 1422 4566 ipsius
1441 4487 1572 4551 fueritis
1589 4486 1707 4547 moniti
1722 4485 1778 4545 di-

981 4583 1777 4667 ligenter,hujusmodiexcusationisobstaculum

982 4687 1235 4766 praetendentes,
1257 4686 1343 4763 quod
1369 4700 1445 4746 cum
1464 4683 1555 4744 nulla
1577 4682 1613 4742 in
1632 4679 1776 4743 ecclesia

982 4789 1093 4849 vestra
1114 4783 1293 4863 praebenda
1312 4781 1457 4853 vacaret,
1470 4795 1529 4841 vos
1547 4778 1589 4840 ed
1611 4778 1780 4855 recipien-

983 4885 1060 4947 dum
1082 4884 1227 4960 aliquem
1253 4883 1288 4942 in
1314 4880 1522 4950 canonicum,
1548 4893 1615 4939 non
1638 4879 1781 4938 vacante

984 4981 1173 5061 praebenda,
1203 4979 1314 5041 dicitis
1343 4994 1409 5039 non
1437 4976 1555 5049 teneri,
1585 4990 1686 5053 super
1717 4974 1782 5037 troo

984 5079 1257 5143 consuetudinem
1278 5078 1311 5138 et
1330 5076 1480 5153 quantam
1501 5073 1689 5151 privilegia,
1706 5088 1781 5151 qnae

984 5171 1782 5250 contraboe,tenorediligenterinspecto,facere

984 5294 1051 5339 non
1078 5274 1269 5343 creduntur,
1298 5271 1557 5350 superficialiter
1584 5268 1778 5346 allegantes.

985 5380 1065 5438 Cum
1090 5374 1194 5450 igitur
1215 5372 1302 5450 quod
1325 5372 1365 5432 de
1385 5369 1522 5447 quaelato
1545 5368 1706 5444 magistro
1728 5366 1782 5443 pie

985 5474 1181 5551 incepimus,
1212 5470 1355 5531 nolimus
1384 5468 1575 5545 relinquere
1605 5464 1784 5541 imperiec-

983 5575 1065 5645 tum,
1082 5587 1135 5645 ne,
1150 5569 1236 5647 qnod
1251 5568 1349 5643 absit,
1366 5567 1454 5629 idem
1467 5566 1524 5645 qui
1536 5565 1594 5626 diu
1606 5561 1784 5625 scholasti·
1883 5606 1890 5621 .

985 5671 1033 5735 cis
1057 5667 1256 5748 disciplinis,
1280 5666 1367 5729 sicut
1389 5662 1590 5742 accepimus,
1601 5659 1780 5733 insudavit,
