3802 6166
194 313 254 374 103
660 307 837 371 uehonti
858 307 904 368 111
925 306 1075 369 OPERA.
1091 333 1130 351 ·-
1144 304 1379 369 subitonus.
1787 306 1851 370 lot

195 474 382 545 vatione,et
390 470 719 535 continuacastitatis
727 466 992 532 conservatione.
1049 466 1182 545 qrrando
1204 482 1302 529 nemo
1325 466 1448 545 poterit
1466 465 1610 544 operari.
1640 466 1847 545 operemini,

197 575 233 633 ln
269 572 555 649 eleemosynarum
582 567 774 645 largitione,
798 567 876 645 quie
905 565 994 628 oculi
1049 565 1126 642 quia
1139 581 1240 643 opera
1256 565 1388 626 illorum
1404 565 1590 642 sequuntur
1605 564 1694 627 illos.
1711 565 1761 627 Ad
1777 566 1850 628 haec

195 673 268 748 ejus
290 671 324 731 in
340 684 520 748 pauperem
542 665 775 744 respiciebant,
797 681 858 728 nec
880 663 995 727 oculos
1048 664 1114 725 duo
1127 664 1238 742 posuit
1251 663 1412 725 Dominus
1426 678 1486 725 vos
1508 663 1673 733 custodes,
1695 664 1738 724 ad
1761 665 1850 741 vigi-

196 784 275 831 suos
298 766 541 829 transvertehat
568 781 587 827 a
610 779 767 842 paupere.
796 763 857 825 Sed
883 763 994 823 sciens
1049 763 1184 824 laudum
1203 762 1236 825 et
1250 761 1291 823 ad
1314 761 1660 838 circumspiciendum.
1675 765 1729 824 Ad
1755 765 1849 841 etgi-

85 850 92 857 ’
196 867 296 928 etiam
315 866 400 944 quod
421 863 602 927 loeneratur
624 863 764 925 Domino
780 862 836 940 qui
852 861 993 922 misere·
1048 865 1200 933 tescdum,
1218 860 1398 922 secundum
1414 858 1499 936 quod
1513 860 1586 937 ipse
1600 859 1649 921 ait
1661 861 1846 938 Apostolis:

195 969 250 1027 tur
270 962 419 1041 pauperi,
438 978 572 1023 manum
594 977 689 1022 suam
711 960 842 1037 aperuit
855 959 946 1037 inopi
962 962 995 1020 et
1055 960 1197 1036 l'tgitate
1211 959 1245 1022 et
1268 960 1367 1022 orate
1385 959 1423 1020 ut
1442 973 1512 1021 rzou
1524 959 1665 1022 intretis
1679 962 1717 1021 tu
1730 960 1848 1022 teutu-

196 1062 324 1141 palmas
353 1077 431 1122 suas
453 1060 602 1123 extendit
626 1059 668 1121 ad
685 1073 883 1136 pauperem.
910 1057 994 1129 Quia
1050 1059 1179 1120 tionem
1192 1056 1310 1136 (Marc.
1333 1071 1405 1130 nv,
1420 1055 1486 1137 38).
1503 1058 1850 1133 Adctrcumsstctcn-

195 1175 262 1220 non
278 1159 351 1221 erat
371 1173 498 1235 pauper
510 1158 551 1220 in
569 1159 638 1219 tota
653 1155 734 1218 urhe
752 1155 810 1234 qui
825 1170 892 1217 nou
907 1155 995 1217 esset
1048 1159 1146 1227 dttttt,
1175 1155 1358 1217 secundum
1387 1155 1474 1233 quod
1507 1154 1604 1217 nobis
1639 1155 1791 1233 loquitur
1814 1156 1847 1218 in

197 1241 338 1334 scriptus
360 1257 394 1317 in
416 1255 604 1327 matricula,
627 1253 714 1318 sicut
731 1252 855 1329 legitur
877 1251 913 1314 in
928 1254 995 1313 Le-
1049 1253 1222 1315 Ezechiele
1238 1275 1245 1314 ε
1261 1257 1329 1316 mu
1351 1256 1512 1326 henricis,
1535 1255 1791 1328 spendetorem
1816 1255 1849 1317 tc

196 1355 314 1432 gemla.
345 1357 382 1416 In
406 1354 617 1417 abstinentiae
645 1351 888 1422 observatione,
917 1350 995 1429 quia
1029 1340 1127 1414 dedt
1146 1355 1264 1414 demut
1286 1355 1399 1414 lsrael
1428 1350 1560 1429 (Ezech.
1586 1367 1642 1424 111,
1667 1350 1733 1431 17).
1762 1354 1848 1429 Ergo

196 1469 378 1515 conversus
391 1454 441 1514 est
452 1451 494 1513 ad
510 1453 614 1511 Deum
626 1451 662 1511 in
676 1451 744 1512 toto
759 1448 858 1512 corde
873 1463 944 1510 suo.
957 1450 995 1510 iu
1050 1448 1079 1510 si
1094 1449 1245 1512 custodes
1256 1449 1347 1521 estis,
1370 1449 1507 1526 vigilate
1533 1450 1566 1511 et
1589 1449 1847 1528 circumspicite.

193 1550 465 1628 jejuniismultis,
481 1547 516 1610 in
528 1548 654 1625 vigiliis
666 1549 699 1611 et
711 1548 746 1609 iu
756 1546 919 1610 charitate
929 1562 995 1608 non
1050 1549 1080 1608 N
1082 1564 1124 1609 on
1138 1548 1225 1610 enim
1240 1546 1350 1625 posuit
1363 1563 1423 1610 vos
1437 1547 1597 1609 Dominus
1611 1549 1648 1610 ut
1660 1548 1845 1621 douniatis,

197 1648 286 1710 ficta.
307 1649 344 1709 ln
367 1647 524 1710 continua
544 1646 797 1708 conservatione
819 1644 994 1714 castitatis,
1050 1646 1107 1707 sed
1134 1647 1171 1709 ut
1189 1645 1345 1723 vigiletis.
1372 1647 1446 1707 Non
1470 1647 1507 1709 ut
1529 1645 1641 1708 stolidi
1668 1647 1846 1721 maneatis,

84 1739 90 1748 '
198 1745 276 1824 quia
291 1744 437 1807 accinxit
451 1743 646 1806 tortitudine
659 1742 789 1805 lumbos
802 1758 881 1804 suos
895 1758 995 1803 assu·
1050 1745 1107 1806 sed
1123 1745 1159 1807 ut
1173 1744 1304 1822 providi
1318 1743 1606 1821 circumspiciatls.
1625 1745 1702 1807 Non
1714 1747 1751 1807 ut
1765 1745 1850 1808 dor·

199 1858 292 1904 mens
310 1857 427 1902 zonam
442 1841 615 1919 pelliceam
630 1843 664 1902 et
675 1840 844 1916 cingulum
858 1840 996 1902 castita·
1050 1843 1172 1917 miatis,
1187 1841 1265 1920 quia
1279 1842 1336 1920 gui
1353 1841 1533 1913 donuiunt,
1549 1844 1648 1905 nocte
1664 1843 1847 1915 dormiunt,

197 1939 241 2002 tis
271 1940 312 2002 de
344 1938 480 2001 renibus
511 1938 591 2000 llliae
627 1939 660 2000 et
693 1937 815 1999 lumbis
842 1938 993 2000 Joanuis.
1050 1940 1153 2018 etqui
1172 1939 1257 2001 ebrii
1283 1940 1371 2012 sunt,
1397 1940 1494 2001 necte
1512 1937 1598 2000 ebrii
1626 1941 1722 2016 sunt;
1738 1941 1851 2003 sedet

199 2037 341 2099 Lumbos
356 2036 552 2114 praecinctos
571 2035 689 2098 hahuit
707 2034 796 2097 Elias
808 2035 850 2097 ‹le
863 2052 928 2113 quo
943 2035 996 2096 le·
1050 2037 1208 2114 vigiletis,
1225 2037 1302 2115 quia
1318 2037 1374 2116 qui
1390 2053 1487 2099 mane
1501 2037 1717 2114 vigilaverint
1730 2039 1775 2100 ad
1788 2055 1850 2102 sa-

198 2136 288 2212 gitur
306 2136 341 2197 in
363 2134 532 2211 Regibus:
555 2137 615 2196 Vtr
631 2137 763 2209 puceu
783 2134 887 2196 estet
906 2147 995 2196 zotta
1049 2134 1220 2213 pientiam,
1237 2135 1409 2198 invenient
1428 2135 1533 2197 illam.

194 2237 334 2311 pedwea
345 2234 518 2294 ncctrsctus
530 2234 671 2295 renibus
686 2229 745 2310 (lv
758 2233 837 2308 lteg.
852 2246 875 2302 1,
891 2230 937 2311 8).
1090 2233 1244 2309 Legimus
1276 2232 1362 2313 quod
1397 2236 1544 2296 loannes
1576 2234 1706 2297 audivit
1731 2251 1849 2299 vocem

238 2331 440 2394 Praecinctos
454 2328 588 2393 lumbes
610 2328 726 2391 habuit
745 2331 891 2392 Joanues
907 2331 996 2406 Bap-
1050 2331 1149 2393 unius
1171 2330 1291 2410 aquilae
1312 2331 1458 2394 volantis
1480 2348 1540 2410 per
1559 2333 1705 2394 medium
1727 2334 1849 2397 coelum

197 2431 287 2502 tista,
304 2428 344 2490 de
359 2445 424 2506 quo
436 2427 560 2504 legitur
576 2427 663 2506 quod
676 2426 751 2489 erat
760 2426 903 2489 vestitus
918 2426 994 2503 pilis
1049 2431 1082 2493 et
1100 2429 1241 2492 dicentis
1261 2451 1269 2491 ε
1295 2432 1368 2502 Vre,
1389 2445 1455 2503 vae,
1481 2445 1536 2492 cre
1557 2431 1792 2495 habitantibus
1812 2436 1849 2495 tn

199 2527 414 2599 camelorum,
442 2529 475 2587 et
496 2540 580 2586 zona
601 2524 742 2601 pellicea
761 2525 850 2586 circa
865 2524 994 2585 lumbos
1049 2529 1149 2590 terra
1167 2524 1283 2606 (Apoc.
1305 2542 1380 2601 v111,
1401 2530 1464 2609 13),
1491 2528 1587 2606 qnasi
1615 2528 1769 2592 diceret:
1789 2534 1849 2594 Vae

200 2641 289 2696 suos,
306 2622 714 2698 etsoannesnvangelista
729 2638 824 2698 quem
836 2623 994 2683 Dominus
1048 2625 1195 2704 praelatis
1219 2625 1465 2703 negligentibus
1494 2627 1529 2687 in
1550 2628 1652 2689 terra.
1679 2629 1739 2689 Vas
1766 2646 1849 2692 suc-

199 2723 366 2786 volentem
385 2721 511 2782 nubere
525 2736 545 2781 a
564 2719 689 2797 nuptiis
704 2720 887 2794 revocavit,
905 2722 995 2781 Pau·
1048 2724 1236 2787 cessoribus
1250 2725 1493 2801 Apostolorum,
1512 2725 1541 2786 si
1555 2726 1756 2788 mercenarii
1771 2730 1849 2790 sunt

199 2821 252 2883 lus
281 2836 411 2898 quoque
437 2818 494 2897 qui
520 2817 561 2879 de
590 2833 651 2879 sua
682 2816 876 2893 virginitate
910 2818 957 2880 ait
984 2838 992 2879 ε
1048 2821 1191 2884 dicendi.
1206 2821 1464 2900 Vaepastorihus
1478 2823 1601 2889 ovium.
1618 2824 1647 2885 si
1669 2824 1759 2887 inter
1778 2825 1850 2889 hae·

204 2922 281 2981 Voto
300 2932 418 2980 omues
437 2918 592 2979 horutncs
605 2929 681 2977 esse
698 2915 788 2977 stcut
808 2929 864 2977 me
879 2918 995 2991 ipsum
1049 2919 1109 2983 dos
1120 2923 1199 2984 sunt
1208 2921 1404 2983 collocandi.
1420 2923 1479 2985 va
1503 2921 1560 3000 qui
1579 2921 1748 3000 sapientes
1771 2926 1847 2987 sunt

87 3004 90 3013 '
159 3094 163 3101 Ι
200 3016 231 3098 (Ι
245 3019 318 3078 Gor.
339 3031 398 3086 vu,
427 3012 473 3093 7).
499 3012 701 3075 Praecinctos
726 3013 857 3076 fortiter
879 3013 995 3076 habuit
1048 3019 1084 3081 in
1096 3018 1202 3081 oculis
1217 3018 1299 3092 suis,
1315 3019 1348 3081 et
1363 3034 1476 3081 coram
1498 3020 1686 3098 semetipsis
1696 3022 1848 3099 pruden-

198 3116 272 3194 ipsa
285 3117 438 3177 Susanna
454 3127 527 3189 quae
542 3110 643 3188 elegit
666 3111 777 3188 potius
796 3111 944 3174 incidere
958 3112 993 3174 in
1048 3117 1110 3189 tes,
1126 3117 1156 3178 si
1184 3132 1245 3194 per
1269 3115 1468 3194 sapientiam
1492 3116 1592 3196 hvrjus
1619 3118 1736 3181 mundi
1759 3120 1846 3198 apud

198 3229 317 3277 manus
343 3211 525 3278 hominum,
541 3225 640 3288 quarn
666 3224 806 3288 peccare
829 3209 864 3271 in
889 3211 994 3272 Deum
1048 3217 1152 3277 Deum
1174 3214 1267 3276 stulti
1286 3215 1364 3277 sunt
1386 3213 1574 3293 reputandi.
1590 3217 1648 3279 Vre
1668 3216 1727 3296 qui
1745 3218 1849 3296 justi·

198 3329 306 3375 suum.
340 3309 383 3372 Hi
408 3310 516 3372 motus
549 3308 626 3369 sunt
653 3308 796 3386 populus
821 3307 995 3371 Jebusaeo-
1049 3312 1150 3374 tlcant
1163 3311 1301 3389 implum
1327 3328 1387 3391 pro
1413 3313 1605 3375 muneribus
1629 3315 1662 3377 et
1678 3315 1847 3393 justitiam

196 3427 282 3484 rum,
295 3425 377 3488 quos
389 3405 506 3480 David,
520 3405 621 3468 etiam
631 3405 764 3468 civitate
773 3405 913 3481 devicta,
926 3422 993 3468 non
1044 3410 1127 3489 justi
1142 3408 1299 3473 auferunt
1319 3410 1361 3472 ab
1375 3427 1427 3484 eo,
1456 3411 1496 3485 si,
1518 3411 1604 3474 sicut
1627 3413 1769 3477 devorat
1787 3415 1849 3478 sti-

196 3509 303 3588 potuit
317 3508 357 3570 de
372 3507 444 3585 ipsa
459 3504 639 3582 expellere.
666 3505 803 3581 Semper
816 3503 906 3566 enim
931 3506 993 3566 Je—
1048 3510 1160 3587 pulam
1170 3508 1260 3585 ignis
1272 3508 1306 3570 et
1326 3509 1418 3571 calor
1433 3509 1574 3571 flammae
1592 3511 1846 3585 exurit,aeterno

195 3608 330 3670 busaeus
343 3605 472 3668 habitat
491 3603 526 3664 in
548 3604 638 3666 terra
659 3605 788 3675 nostra,
806 3618 880 3680 quae
896 3601 992 3664 nohis
1047 3606 1125 3684 igne
1138 3606 1215 3667 suut
1229 3606 1455 3668 comburendi.

196 3707 310 3784 spinas
333 3707 366 3766 et
388 3701 529 3765 tribulos
555 3716 622 3761 non
647 3699 769 3761 desinit
791 3701 991 3777 germinare.
1087 3706 1228 3780 Magnus
1249 3703 1425 3780 suffragio,
1457 3704 1534 3783 qtria
1558 3720 1618 3781 per
1641 3707 1845 3769 saeritlcium

196 3806 237 3865 Et
249 3802 324 3863 ideo
343 3800 427 3861 hene
452 3797 663 3859 dictumest:
679 3797 810 3859 Beatus
824 3800 882 3872 pot
896 3799 995 3860 tene·
1046 3800 1134 3863 beati
1151 3801 1302 3862 Silvestri
1314 3802 1348 3863 et
1359 3800 1529 3863 orationes
1545 3817 1627 3880 quas
1642 3802 1765 3868 obtulit
1779 3808 1846 3867 Deo

196 3901 244 3962 hit
258 3900 291 3962 et
306 3898 420 3960 allidet
430 3896 519 3968 filios
532 3908 613 3955 srcos
627 3896 672 3954 ad
683 3895 824 3968 petram
837 3892 908 3973 (Ps.
922 3896 991 3967 136,
1047 3915 1107 3978 pro
1122 3898 1271 3960 Ecclesia
1285 3899 1319 3960 et
1333 3899 1452 3976 populo
1475 3899 1539 3961 sihi
1563 3890 1742 3965 commisso
1766 3902 1847 3965 bee-

196 3997 242 4077 9).
256 3998 296 4058 Et
310 3995 387 4073 quia
403 4008 469 4055 non
482 3990 606 4053 suflicit
620 3990 749 4052 lumbos
764 3991 888 4053 hahere
902 4007 992 4069 prae·
1047 3997 1186 4058 titlcavit
1200 3997 1294 4057 illurn
1309 3999 1407 4057 Deus.
1431 3997 1524 4059 Unde
1538 3997 1573 4058 in
1598 3997 1684 4060 libro
1698 4000 1843 4079 Sapien-

196 4095 335 4163 cinctos,
361 4092 428 4153 nisi
454 4092 487 4153 et
509 4090 656 4151 lucernae
679 4105 818 4167 eperum
844 4105 992 4152 accensae
1047 4095 1102 4157 tiae
1128 4116 1136 4155 ε
1163 4098 1242 4156 Non
1267 4095 1320 4156 cst
1356 4096 1518 4156 inventus
1545 4099 1678 4159 similis
1711 4101 1762 4161 itlt
1787 4100 1845 4175 put

196 4191 384 4255 habeantur
398 4190 432 4250 in
448 4185 611 4258 manibus,
628 4186 993 4265 sicdebemusoperum
1047 4193 1270 4256 cortserccrct
1301 4198 1409 4270 legem
1434 4196 1574 4256 Bacchi
1603 4193 1720 4273 (ticeli.
1748 4213 1843 4279 xmp,

196 4292 385 4353 nostrorum
407 4288 563 4350 lucernas
588 4286 781 4359 accendere,
805 4288 840 4351 ut
863 4302 992 4365 nequa-
1046 4289 1113 4370 20).
1129 4290 1338 4352 Sacritlcium
1357 4291 1505 4352 nostrum
1526 4293 1577 4353 est
1591 4292 1704 4355 anima
1731 4296 1845 4358 nostra

197 4405 296 4470 quam
315 4404 373 4450 eas
396 4400 559 4465 ponamus
582 4383 643 4445 sub
667 4384 790 4457 modio,
818 4385 875 4446 sed
892 4400 994 4462 super
1047 4388 1190 4451 contrita
1205 4403 1304 4466 quarn
1325 4388 1481 4450 debemus
1496 4404 1627 4467 semper
1640 4390 1676 4452 in
1691 4393 1846 4455 manibus

196 4486 445 4557 candelabrum,
458 4486 494 4547 ut
506 4482 555 4545 sie
565 4480 642 4558 igne
657 4481 991 4556 charitatisardeant,
1047 4486 1182 4557 habere,
1200 4489 1233 4547 ct
1248 4485 1494 4548 immaculatam
1507 4490 1574 4550 Deo
1594 4488 1729 4551 otlerre.
1752 4492 1847 4554 Unde

196 4592 232 4653 ut
257 4602 358 4667 opera
387 4583 502 4647 nostra
523 4579 658 4642 luceant
686 4579 838 4642 omnibus
866 4581 922 4659 qui
956 4582 992 4644 in
1047 4585 1082 4647 in
1104 4584 1393 4663 psalmeznntma
1417 4600 1496 4647 mee
1522 4587 1738 4650 tussionibus
1759 4592 1847 4653 uwts

195 4685 392 4751 domosunt.
1046 4697 1185 4758 seraper
1197 4680 1346 4761 (Psll8,
1360 4680 1444 4762 109).
1460 4684 1500 4744 Et
1514 4683 1633 4746 iterum
1647 4685 1683 4745 iu
1696 4687 1847 4763 psalmo:

236 4787 437 4861 Opastores
459 4776 584 4849 ovium,
611 4775 807 4852 operemini,
827 4775 905 4854 quia
932 4793 992 4838 re·
1047 4783 1264 4855 Sacrtttctum
1296 4784 1367 4843 Dco
1402 4782 1549 4855 spiritus
1577 4786 1846 4859 corttrtbutatus,

196 4898 298 4960 gnum
309 4881 368 4941 Dei
379 4876 547 4941 nonestin
564 4888 731 4946 sermone,
747 4874 803 4934 sed
819 4874 854 4934 iu
869 4875 993 4938 virtute
1047 4894 1108 4941 cer
1127 4879 1317 4940 solstitium
1341 4879 1375 4941 ct
1400 4880 1630 4953 hzcrnututum,
1646 4884 1753 4956 Deru,
1776 4898 1847 4946 nou

196 4994 345 5058 operum.
361 4973 560 5054 Operemini,
573 4971 651 5050 quia
661 4987 776 5033 omues
790 4971 993 5034 adstabimus
1047 4979 1213 5049 despicies
1227 4974 1298 5056 (Ps.
1315 4976 1365 5050 50,
1389 4975 1451 5056 18).
1470 4979 1624 5054 Legimus
1641 4979 1743 5041 etiam
1758 4980 1846 5060 quod

196 5080 273 5140 aute
288 5072 434 5138 tribunal
450 5070 584 5142 Christi,
601 5071 636 5132 ut
650 5070 790 5146 recipiat
812 5072 994 5149 unusquis·
1047 5073 1113 5134 tria
1135 5073 1213 5133 sunt
1235 5088 1357 5149 genera
1382 5072 1605 5136 sacrificandi.
1626 5076 1768 5147 Quidam
1790 5093 1850 5138 sa-

197 5191 260 5255 que
286 5170 468 5235 secundum
494 5183 590 5228 strum
614 5167 772 5229 lahorem.
790 5169 991 5245 operemini,
1048 5171 1199 5233 criticaut
1211 5171 1245 5233 in
1263 5186 1374 5243 carne,
1387 5170 1521 5249 quidam
1534 5172 1570 5232 in
1587 5173 1697 5247 corde,
1710 5175 1848 5252 quidam

197 5274 274 5353 quia
290 5272 325 5332 in
341 5267 428 5330 labio
440 5265 640 5326 aeneoerant
654 5264 788 5341 specula
803 5265 991 5343 mulierum,
1047 5269 1083 5331 in
1104 5284 1214 5345 opere.
1234 5268 1286 5329 llli
1306 5268 1499 5331 sacrillcant
1512 5269 1546 5331 in
1566 5286 1667 5333 carue
1689 5274 1747 5351 qui
1762 5290 1849 5351 quo-

196 5373 229 5433 et
241 5373 274 5432 in
288 5367 377 5430 labio
394 5360 623 5442 praedicatoris
638 5361 733 5424 dehet
750 5379 825 5426 esse
838 5364 994 5441 splendor
1047 5366 1128 5431 tidie
1157 5367 1354 5444 crucifigunt
1388 5383 1527 5444 corpora
1559 5384 1619 5431 sua
1648 5385 1723 5432 cum
1753 5371 1849 5433 vitiis

196 5464 411 5547 operationis.
425 5454 626 5538 operemini,
643 5458 722 5537 quia
742 5475 809 5522 non
824 5461 993 5525 auditores
1047 5465 1081 5528 et
1106 5465 1395 5542 concupiscentiis,
1425 5465 1511 5528 sicut
1537 5466 1617 5529 dicit
1641 5469 1847 5545 Apostolus:

196 5566 293 5643 legis,
317 5561 373 5623 sel
397 5559 541 5621 factores
555 5557 641 5635 justi
663 5557 742 5620 sunt
764 5559 851 5635 apud
875 5562 990 5622 Deum.
1047 5563 1284 5626 «Mortificate
1298 5579 1432 5626 earnem
1446 5567 1594 5629 vestrum
1616 5581 1692 5628 cum
1707 5568 1799 5631 vitiis
1813 5571 1850 5633 et

197 5658 386 5744 operemini
407 5658 485 5720 dum
506 5656 579 5718 dies
597 5657 658 5731 est,
687 5655 766 5735 quia
790 5656 902 5723 veniet
925 5674 993 5723 nox
1047 5661 1365 5739 «concupiscentiis
1393 5678 1436 5726 ne
1459 5664 1648 5727 dominetur
1671 5666 1847 5744 peccatum
