3802 6166
737 365 913 468 noscitu
935 368 980 428 ΙΙΙ
1002 366 1151 429 ΟΡΕΒΑ.

439 527 611 616 CCXVII

205 781 257 839 rid
270 782 565 855 crolrirpiscopum
589 783 786 845 Totctarunn
805 784 839 845 et

350 878 591 955 ,cremonenses
603 884 690 952 cjtts.

406 1044 439 1100 ta
459 1042 528 1101 icbr.
556 1044 635 1101 1217.

124 1156 197 1219 [cod.
218 1156 264 1207 let.
285 1156 358 1216 3935,
377 1173 403 1225 p.
423 1158 475 1208 10³.
494 1160 551 1209 blss.
572 1158 748 1224 bibliotheque
769 1156 920 1221 nationale]

123 1394 240 1454 Mandat
264 1403 294 1454 ut
321 1397 435 1454 solvent
461 1397 633 1470 vigesimum
661 1396 920 1455 ecclesiasticorum

160 1492 348 1557 proventuum
367 1501 417 1558 pro
430 1489 514 1543 Terra
533 1488 635 1545 Sancto
653 1486 732 1559 juxta
752 1486 860 1547 littores
878 1484 921 1541 eis

160 1572 242 1631 datas
258 1572 294 1632 ab
309 1575 475 1632 Innocentio
487 1578 527 1633 111
547 1574 757 1651 predecessore
772 1590 835 1632 suo.

166 1799 246 1859 cnm
281 1798 388 1862 felicis
426 1802 666 1865 recordationis
709 1804 921 1867 innocentius

125 1896 456 1971 papa,praedecessor
468 1901 590 1972 noster,
601 1899 695 1961 nobis
711 1900 832 1961 dudum
853 1901 920 1960 suis

20 2048 24 2061 ,
126 1990 254 2053 dederit
269 1993 388 2054 litteris
403 1995 437 2055 in
452 1997 671 2074 praeceptione
687 2014 747 2075 pro
763 1998 921 2059 vicesima

125 2089 428 2152 ecclesiasticorum
463 2096 703 2170 proventuum,
732 2112 836 2172 usque
879 2095 920 2157 ad

124 2185 306 2248 triennium
330 2189 458 2265 integre
482 2191 516 2251 in
532 2193 643 2254 Terrae
661 2194 790 2255 Sanctae
813 2193 924 2253 subsi-

125 2282 217 2344 dium
228 2284 440 2360 coniereoda,
453 2289 572 2349 vestris
588 2291 620 2351 et
635 2290 839 2352 subditorum
853 2307 923 2352 ves·

125 2382 252 2443 trorum
278 2383 461 2446 redditibus
487 2385 678 2461 diligentius
708 2388 919 2464 computatis,

126 2479 235 2556 parati
262 2480 380 2542 essetis
417 2499 519 2559 usqne
550 2484 591 2545 ad
620 2484 741 2547 festum
775 2486 922 2546 omnium

128 2578 323 2638 Sanctorum
337 2580 488 2655 proxime
498 2583 569 2658 jam
584 2584 788 2643 transactum
797 2583 837 2643 de
847 2599 924 2644 ves-

125 2675 189 2735 tris
201 2676 301 2737 certis
316 2677 499 2738 redditibus
514 2681 638 2740 certam
652 2696 813 2741 summam
829 2681 924 2755 vige-

127 2771 220 2833 simae
246 2776 455 2849 proventurae
481 2776 521 2837 de
552 2776 634 2853 ipsis
662 2778 786 2839 nuntiis
819 2778 925 2839 dilec-

127 2872 236 2930 torum
248 2870 392 2932 tiliorum
403 2872 555 2948 magistri
566 2874 775 2935 dominorum
790 2876 921 2937 Militiae

127 2967 254 3043 Templi
269 2970 301 3030 et
323 2968 443 3045 prioris
464 2969 638 3048 hospitalis
654 2973 923 3049 Jerosolprnitani

127 3063 163 3123 in
190 3064 348 3126 Toletana
377 3068 548 3142 provincia
582 3070 856 3142 constitutorum,
884 3087 924 3133 ac

128 3162 276 3223 cantoris
299 3166 332 3225 et
355 3166 583 3227 archidiaconi
616 3170 776 3229 Zamoron
803 3169 923 3245 quibus

128 3257 192 3319 boc
215 3258 302 3320 idem
328 3263 553 3337 prraedecessor
572 3265 784 3327 commiserat
806 3266 923 3328 decla-

128 3371 216 3427 rare,
239 3372 279 3417 ac
295 3358 377 3433 ipsis
398 3360 561 3437 usquead
582 3360 650 3421 kal.
672 3362 752 3422 Maii
774 3363 924 3439 proxime

120 3456 302 3530 sequentes
318 3456 391 3517 sine
406 3457 600 3520 distlcultate
615 3475 654 3521 ac
669 3460 829 3522 dilatione
841 3477 926 3538 qua-

127 3550 220 3623 libet,
236 3554 303 3613 tarn
317 3553 359 3614 de
376 3554 459 3631 ipsis
476 3556 576 3617 certis
596 3558 811 3633 proventibus
827 3574 924 3636 quam

128 3648 229 3709 etiam
257 3650 298 3710 de
323 3652 460 3713 incertis
492 3654 685 3715 vicesimam
718 3656 925 3730 integraliter

129 3746 300 3816 exhibere,
325 3753 498 3811 monentes
527 3750 704 3827 diligenter
727 3754 924 3815 auctoritate

127 3845 317 3919 apostolica
330 3848 363 3907 et
376 3845 557 3908 eillcaciter
572 3848 764 3911 inducentes
775 3851 921 3921 abbates,

128 3940 273 4016 capitula
296 3943 328 4007 et
351 3942 506 4015 decanos
523 3961 651 4006 necnon
676 3948 761 4008 etin
783 3948 923 4024 singulis

128 4037 248 4097 vestris
274 4038 410 4114 synodis
442 4041 651 4104 sacerdotum
674 4046 706 4105 et
732 4045 817 4105 alios
844 4046 923 4107 uni-

126 4148 244 4193 versos
259 4134 294 4194 in
309 4136 429 4197 vestris
452 4138 652 4201 dioecesibus
667 4143 873 4215 constitutos,
889 4146 925 4205 ut

127 4228 164 4291 in
178 4229 295 4292 diebus
317 4248 417 4309 super
434 4234 497 4296 boc
522 4236 716 4299 ordinandis
732 4255 752 4299 a
773 4240 923 4311 vobis,in

128 4327 269 4403 singulis
284 4329 475 4392 civitatibus
488 4334 599 4395 essent
613 4337 721 4412 parati
733 4338 924 4413 predictam

127 4427 474 4501 summamvicesimae,
486 4432 731 4507 pertriennium
740 4436 921 4508 annuatim,

125 4523 253 4585 nuntiis
276 4525 454 4587 antedictis
475 4529 624 4604 plenarie
650 4531 779 4593 solvere
804 4549 925 4594 secun-

125 4621 204 4682 dum
219 4622 379 4684 terminos
392 4626 599 4697 constitutos,
615 4628 762 4690 dolentes
774 4646 839 4691 non
852 4647 925 4707 pos·

126 4736 240 4781 sumus
255 4736 321 4782 non
343 4722 473 4794 mirari,
489 4724 575 4800 quod
592 4724 698 4787 bostis
713 4726 850 4787 bumani
864 4744 924 4803 ge-

125 4818 227 4889 neris,
245 4819 302 4895 qui
321 4819 418 4881 bonis
438 4821 591 4883 insidiari
611 4823 767 4902 operibns
784 4842 850 4887 non
865 4826 925 4889 de·

125 4914 223 4985 sistit,
238 4919 438 4991 promotioni
454 4919 554 4997 bujus
564 4921 721 4983 salutaris
736 4924 860 4999 negotii
875 4924 923 4984 sic

125 5027 196 5072 suae
209 5014 428 5089 malignitatis
441 5016 648 5079 obstaculum
666 5020 773 5095 potnit
793 5038 924 5098 praepa-

123 5123 212 5177 rare,
228 5112 314 5186 qnod
334 5116 550 5188 quorumdam
571 5118 717 5178 vestrum
731 5122 808 5180 vota
823 5136 923 5195 super

125 5209 323 5268 executione
339 5211 446 5285 ipsius
466 5214 591 5288 negotii
608 5214 716 5276 divisa
732 5217 810 5277 sunt
826 5221 923 5293 prout

124 5305 318 5380 accepimus
338 5307 372 5366 in
383 5307 527 5381 diversa,
544 5311 663 5387 quibus
683 5330 784 5390 super
802 5314 876 5385 boc,
893 5316 922 5376 si

123 5403 236 5464 datum
261 5407 350 5464 esset
374 5408 483 5477 abeo,
498 5423 556 5469 cor
570 5426 672 5469 tinum
688 5413 721 5472 et
733 5411 844 5473 anima
859 5412 921 5474 de-

124 5501 218 5562 beret
238 5516 312 5561 esse
332 5518 410 5562 unm
435 5505 519 5564 Nam
542 5507 628 5568 sicut
642 5509 749 5571 dictus
764 5511 923 5587 roagister

124 5600 218 5680 prior
232 5602 265 5661 et
280 5602 397 5660 cantor
409 5603 442 5662 et
456 5602 712 5667 archidiaconus
736 5608 831 5669 nobis
851 5608 921 5669 suis

124 5697 245 5767 titteris
257 5696 464 5773 intimarunt,
477 5699 556 5765 licet
565 5701 720 5766 diceretis
735 5721 849 5769 omnes
862 5724 921 5770 vos

1714 356 1770 421 268

974 530 1007 590 in
1021 530 1084 589 boe
1097 526 1137 588 ad
1154 523 1373 588 obediendum
1385 522 1518 599 paratos
1529 519 1689 593 existere,
1706 519 1772 598 qui·

973 626 1048 687 dam
1070 626 1181 686 tamen
1198 624 1344 684 vestrum
1365 637 1401 682 se
1421 635 1480 697 per
1499 619 1693 697 hujusmodi
1718 619 1773 681 lit-

974 728 1062 785 teras
1078 739 1144 783 non
1163 720 1282 782 debore
1299 719 1384 794 cogi,
1410 734 1471 779 nec
1483 734 1581 795 posse
1596 717 1638 777 ad
1652 717 1774 778 vicesi-

975 838 1060 881 mam
1072 820 1220 897 pecuniae
1230 819 1420 879 memoratae
1432 816 1626 879 solvendam
1636 814 1774 875 tirmiter

974 918 1177 980 asserebant.
1201 916 1268 978 niti
1296 915 1461 983 dicebant,
1482 912 1567 991 quod
1590 928 1665 973 enm
1689 929 1773 989 qrrae-

974 1017 1061 1077 dicto
1077 1015 1173 1077 modo
1188 1014 1329 1076 libenter
1343 1013 1526 1083 solverent,
1549 1011 1608 1071 sed
1632 1010 1771 1071 clericos

975 1115 1008 1175 in
1023 1113 1091 1173 suis
1104 1110 1508 1174 dicecesibusconstitutos
1524 1124 1562 1170 eo
1585 1109 1686 1169 modo
1708 1124 1770 1169 non

975 1209 1211 1288 compellerent
1231 1209 1272 1270 ad
1304 1207 1508 1278 solvendam,
1532 1206 1610 1283 quia
1636 1221 1712 1268 cum
1739 1206 1771 1266 in

974 1308 1144 1385 rescriptis
1180 1323 1245 1368 nou
1281 1306 1469 1368 continetur
1497 1303 1657 1381 expedire
1688 1304 1770 1380 quod

976 1406 1010 1466 in
1027 1406 1167 1483 pecunia
1187 1405 1354 1465 solverent
1372 1406 1556 1474 numerata,
1568 1417 1627 1463 eos
1645 1401 1687 1462 ad
1712 1402 1772 1463 boc

975 1520 1094 1579 cogere
1107 1519 1173 1565 non
1188 1503 1342 1580 poterant
1357 1518 1417 1562 nec
1428 1500 1591 1562 debebant
1601 1522 1609 1573 ;
1620 1500 1680 1560 sed
1692 1499 1774 1560 dice

975 1600 1055 1665 baut
1078 1601 1164 1679 quod
1186 1600 1380 1663 collectores
1396 1598 1623 1661 discurrerent
1647 1613 1710 1674 per
1725 1597 1773 1657 al-

976 1699 1067 1771 deas,
1083 1702 1114 1761 et
1132 1699 1253 1760 ibidem
1264 1699 1333 1759 tam
1348 1698 1388 1757 de
1404 1698 1473 1757 suis
1489 1713 1589 1773 quam
1601 1695 1644 1757 de
1659 1694 1772 1755 subdi-

975 1798 1083 1858 torum
1099 1796 1292 1868 redditibus,
1301 1796 1335 1855 in
1346 1795 1468 1866 tritico,
1486 1794 1632 1869 siligine,
1650 1792 1771 1854 bordeo

977 1895 1011 1956 et
1024 1895 1103 1955 vino
1116 1895 1148 1956 et
1160 1894 1236 1955 aliis
1251 1892 1413 1955 fructibus
1428 1894 1460 1953 et
1475 1890 1613 1953 decimis
1634 1894 1668 1952 et
1682 1890 1773 1953 obta-

975 1992 1123 2056 tionibus
1136 1992 1348 2069 quotidianis,
1364 1990 1556 2051 vicesimam
1572 1990 1621 2050 eis
1635 1990 1772 2050 mauda-

975 2093 1050 2153 rent
1076 2090 1217 2151 fideliter
1242 2087 1404 2151 exbiberi.
1420 2088 1510 2148 Talis
1539 2087 1673 2164 quidem
1707 2087 1772 2148 col-

977 2188 1073 2250 lectio
1091 2186 1253 2263 dispersio
1271 2186 1380 2263 potius
1389 2185 1573 2255 videbatur,
1595 2200 1672 2245 cnm
1696 2184 1771 2262 ipsis

976 2284 1209 2349 collectoribus
1231 2285 1271 2344 ad
1297 2299 1461 2360 expensas
1485 2284 1697 2343 necessarias
1717 2282 1769 2342 vix

977 2383 1167 2446 suillcereut
1190 2381 1386 2456 colligenda.
1408 2382 1489 2440 curn
1506 2381 1595 2440 enim
1611 2380 1766 2441 'toletana

978 2481 1147 2559 provincia
1167 2495 1226 2557 per
1248 2480 1313 2540 duo
1338 2479 1381 2541 sit
1400 2494 1502 2553 regna
1522 2477 1620 2553 longe
1641 2477 1766 2554 lateque

977 2579 1109 2651 dillnsa,
1125 2594 1166 2639 ne
1186 2577 1250 2638 duo
1274 2576 1388 2638 clerici
1406 2577 1439 2637 et
1460 2575 1525 2636 duo
1547 2575 1683 2647 iratres,
1697 2590 1769 2636 vero

977 2675 1335 2754 etiamquinquaginta,
1353 2674 1411 2734 vix
1425 2672 1466 2733 nd
1482 2673 1707 2749 colligendam
1719 2672 1767 2733 vi·

977 2774 1134 2835 cesimum
1152 2773 1257 2849 ipsam
1280 2771 1471 2851 suiticerent
1492 2786 1551 2847 per
1572 2771 1688 2831 aldeas
1705 2771 1768 2830 sin·

977 2870 1073 2945 gulas
1090 2868 1321 2941 discurrendm
1339 2884 1413 2927 cum
1430 2866 1531 2943 igitur
1544 2868 1676 2942 tempus
1699 2867 1766 2927 ins·

977 2970 1024 3030 tet
1036 2966 1142 3043 quoad
1159 2982 1194 3027 se
1209 2965 1394 3042 pericnlum
1407 2965 1508 3026 trabit
1522 2980 1627 3035 mora,
1637 2965 1706 3040 pati
1720 2979 1767 3024 ne

979 3067 1083 3128 lentes
1110 3081 1169 3142 per
1194 3065 1424 3126 executionem
1454 3064 1579 3140 negotii
1608 3063 1765 3141 aliquibus

978 3164 1228 3242 exceptionibus
1251 3164 1391 3224 ulterius
1416 3163 1592 3234 retardari,
1614 3163 1656 3223 ad
1678 3178 1767 3240 quan

978 3264 1055 3327 totis
1070 3262 1244 3323 atl'ectibus
1259 3260 1448 3322 medulliter
1469 3261 1631 3337 aspirant,
1656 3261 1769 3322 trater-

979 3362 1073 3423 nitati
1087 3361 1206 3421 vestrae
1225 3360 1260 3420 in
1274 3359 1396 3420 virtute
1412 3358 1608 3419 obedientias
1627 3359 1771 3420 districte

979 3458 1202 3537 praecipiendo
1220 3458 1605 3533 rnandamus‚quate1nrs
1625 3453 1774 3534 praedicti

978 3558 1237 3636 praedecessoris
1263 3556 1389 3617 litteras
1411 3555 1670 3631 interpretantes
1694 3569 1773 3615 sano

979 3658 1011 3718 ot
1023 3656 1167 3731 simplici
1178 3654 1358 3725 intellectu,
1367 3656 1464 3730 juxta
1478 3653 1777 3730 ipsarnlitterarnm

979 3755 1138 3825 tenorem,
1154 3753 1274 3815 vestris
1302 3754 1335 3813 et
1363 3751 1568 3812 subditorum
1593 3751 1776 3813 redditibus

978 3849 1171 3924 diligentius
1198 3849 1408 3926 computatis,
1439 3848 1473 3908 in
1500 3848 1644 3909 termino
1679 3864 1774 3926 quem

978 3948 1058 4009 dicti
1076 3948 1235 4020 magister
1249 3947 1341 4023 prior
1366 3949 1398 4007 et
1419 3946 1535 4006 cantor
1553 3947 1587 4007 et
1606 3945 1775 4007 archidia-

978 4061 1081 4106 conus
1105 4044 1200 4107 nobis
1220 4044 1376 4105 duxerint
1392 4043 1612 4116 statuendum,
1627 4044 1773 4121 ipsorum

978 4143 1104 4205 nuntiis
1116 4143 1149 4203 in
1158 4142 1264 4203 tribus
1279 4142 1361 4203 locis
1377 4141 1562 4203 statuendis
1573 4141 1615 4201 ab
1626 4143 1773 4219 ipsorum

978 4241 1153 4303 occasione
1178 4255 1217 4301 ao
1246 4239 1406 4301 dilatione
1431 4237 1659 4310 cessantibus,
1686 4241 1774 4301 vice-

978 4339 1095 4399 simam
1111 4354 1153 4398 ex
1165 4338 1285 4399 vestris
1305 4339 1338 4398 et
1357 4336 1565 4398 subditorum
1588 4339 1773 4399 vestrorum

977 4435 1160 4498 redditibus
1175 4435 1327 4496 omnibus
1341 4434 1497 4511 usquead
1509 4434 1693 4496 triennium
1705 4450 1775 4513 pro-

977 4534 1152 4596 venturam
1162 4533 1198 4595 in
1218 4533 1360 4609 pecunia
1375 4536 1546 4601 numerata
1565 4532 1774 4609 integraliter

978 4631 1209 4706 assignetis,et
1223 4629 1355 4691 faciatis
1371 4630 1411 4690 ab
1425 4630 1549 4691 eisdem
1564 4629 1708 4693 subditis
1721 4646 1774 4692 as-

978 4729 1117 4805 signari,
1138 4729 1184 4789 ita
1208 4727 1363 4788 videlicet
1384 4730 1419 4788 ut
1443 4728 1550 4788 omnis
1569 4728 1772 4804 malignandi

978 4827 1109 4891 occasio
1125 4827 1329 4902 amputetur3
1347 4824 1433 4901 quod
1446 4841 1505 4886 vrrs
1521 4825 1554 4886 at
1571 4825 1636 4903 ipsi
1652 4826 1772 4887 subditi

977 4924 1170 4985 vicesimam
1185 4924 1293 5000 ipsam
1306 4923 1430 4997 colligi,
1445 4926 1479 4984 et
1491 4923 1526 4983 in
1538 4925 1698 5000 expensis
1711 4925 1772 4985 sin·

977 5021 1130 5097 gularum
1152 5020 1370 5081 ecclesiarum
1391 5020 1522 5081 faciatis
1536 5021 1576 5080 ad
1593 5020 1667 5082 loca
1684 5038 1771 5099 prae·

977 5119 1065 5180 dicta
1081 5118 1213 5178 deterri.
1239 5119 1289 5177 Ne
1313 5118 1423 5178 autem
1449 5117 1510 5177 boc
1531 5134 1654 5192 urgens
1674 5135 1771 5196 nego-

976 5217 1058 5278 tium
1081 5216 1121 5276 de
1145 5218 1255 5276 cetero
1275 5216 1387 5275 valeat
1409 5214 1655 5290 quomodolibet
1670 5218 1772 5294 impe·

977 5314 1219 5382 diri,noveritis
1230 5327 1289 5373 nos
1305 5312 1472 5388 praedictis
1485 5313 1656 5387 magistro,
1671 5314 1771 5392 priori

977 5413 1009 5472 et
1024 5411 1199 5473 cauteriet
1216 5410 1452 5471 archidiacono
1468 5411 1680 5487 praecepisse,
1701 5416 1732 5473 ut
1744 5410 1770 5471 si

976 5509 1075 5587 (quod
1092 5525 1158 5570 non
1183 5509 1363 5587 credimus)
1395 5508 1585 5584 supradicta
1611 5511 1770 5586 neglexe-

975 5608 1050 5669 ritis
1065 5607 1258 5683 adinrplere,
1275 5606 1340 5682 ipsi
1357 5622 1414 5666 vos
1427 5608 1459 5666 et
1480 5605 1629 5667 subditos
1645 5612 1771 5669 vestros

976 5706 1016 5768 ad
1040 5721 1080 5766 ea
1103 5704 1232 5767 sublato
1252 5702 1429 5782 crp'trslibet
1448 5704 1724 5768 contradictionis
1739 5706 1772 5773 et
