3802 6166
757 292 984 359 umerum-13.
1007 293 1086 353 inu.
1109 292 1135 352 1.

442 520 604 611 GGGXV

160 687 214 747 Ad
234 686 506 758 archiepiscopos
522 684 556 745 ct
583 686 756 758 episcopos
774 681 877 759 rcpni

401 786 631 843 Francorum.

433 913 529 971 imaii
540 914 617 971 1217.

122 1040 263 1107 [bouquet.
275 1040 379 1091 Recueil
389 1039 432 1088 des
440 1038 502 1091 hist.
519 1039 550 1088 dc
560 1039 666 1099 Frsucc,
678 1037 776 1093 nx1x.
790 1052 816 1103 p.
826 1036 882 1091 etl.
894 1043 932 1099 ct,

137 1122 225 1172 baluz.
235 1127 253 1170 l.
267 1121 295 1179 ll,
308 1119 389 1184 Epist.
401 1118 553 1175 innocentii,
562 1133 588 1182 p.
599 1118 655 1177 843,
663 1117 690 1168 in
701 1116 910 1183 Appendiccll).]

121 1239 194 1297 Cum
212 1252 261 1309 per
275 1234 415 1293 Erardum
436 1235 472 1293 de
493 1237 594 1303 hena,
625 1234 673 1307 qui
696 1242 788 1291 terras
808 1232 921 1289 comitis

161 1323 922 1399 campanieuooeupaverat,pemminverramsanc

161 1425 218 1474 tam
231 1414 367 1488 profectio
383 1413 578 1487 impediretur,
595 1413 690 1486 arguit
699 1411 833 1485 praelatos
845 1413 920 1469 Pon·

161 1504 231 1562 tilcx
245 1502 323 1578 quod
344 1505 431 1561 tantis
444 1518 501 1560 non
516 1502 632 1560 obviam
658 1502 763 1560 iverint
780 1501 878 1570 malis;
892 1506 923 1557 et

158 1592 240 1668 jubet
261 1592 325 1650 illos
343 1601 440 1651 contra
455 1590 595 1650 Erardum
610 1598 641 1649 et
654 1589 815 1665 Philippum
829 1603 920 1662 quun·

162 1683 256 1740 tocius
270 1696 387 1739 movere
401 1696 481 1739 arma
492 1680 637 1739 Ecclesia.

168 1818 336 1882 Honorius
346 1817 531 1895 episcopus,
542 1832 659 1878 servus
669 1830 841 1878 servorum
850 1813 920 1885 Dei,

128 1914 414 1978 venererabilibus
433 1914 590 1977 iratribus
612 1912 872 1990 archiepiscopis
891 1913 924 1973 et

128 2013 295 2092 episcopis
319 2030 378 2090 per
391 2028 530 2089 regnum
544 2011 696 2073 Franciae
719 2008 921 2077 constitutis,

124 2113 268 2174 salutem
283 2113 316 2173 et
330 2110 544 2187 apostolicam
553 2108 828 2170 benedictionem.

168 2210 287 2270 Anima
301 2210 416 2269 nostra
429 2206 559 2270 turbata
574 2209 624 2270 est
636 2206 743 2277 valde,
759 2221 799 2267 ac
810 2204 924 2282 imple·

126 2308 181 2369 tus
201 2306 422 2368 amaritudine
447 2306 563 2367 venien
588 2306 716 2376 noster,
745 2301 925 2365 conturba-

126 2408 228 2483 taque
253 2405 330 2466 sunt
349 2405 479 2466 viscera
505 2406 630 2476 nostra,
647 2404 680 2464 et
698 2400 801 2463 lumbi
818 2399 924 2463 nostri

129 2504 244 2565 dolore
256 2502 386 2580 repleti,
403 2502 560 2579 quoniam
573 2501 634 2562 iiiii
648 2500 811 2562 venerunt
821 2514 925 2575 usque

130 2601 172 2662 ad
185 2603 327 2678 parturn,
338 2601 455 2662 etecce
464 2599 570 2661 virtus
580 2598 711 2660 videtur
720 2597 861 2659 deiicere
870 2612 925 2673 pa·

127 2696 249 2770 riendi,
262 2697 460 2767 etefflorere,
469 2694 922 2766 cuibenedixeratbominus,

132 2812 214 2873 agar
225 2797 315 2857 satus
330 2795 573 2858 exhortationis
588 2792 922 2872 aposlolicaesemine,

135 2898 213 2955 anie
226 2910 378 2955 messem.
401 2893 584 2955 Leviathan
606 2892 694 2953 euim
710 2891 924 2952 sanctificatis

131 2992 274 3065 Domini,
307 2992 364 3069 qui
396 2991 666 3068 supermontem
706 2988 925 3065 caliginosum

128 3090 263 3166 signum
277 3088 481 3161 levaverunt,
499 3089 536 3149 ut
544 3087 721 3149 redderent
736 3086 882 3162 AEgypto
893 3086 926 3147 et

129 3186 373 3250 habitatoribus
386 3189 458 3264 ejus
474 3187 598 3246 malum
610 3184 696 3263 quod
721 3183 871 3245 lecerunt
892 3183 925 3243 in

131 3286 212 3347 Sion
220 3288 253 3347 et
266 3284 475 3346 Hierusalem
491 3283 710 3359 inconspectu
720 3281 852 3344 Domini
867 3281 926 3343 Dei

130 3383 249 3454 nostri,
265 3382 329 3444 iter
342 3383 468 3443 rectum
479 3397 539 3459 per
550 3379 730 3450 anfractus,
742 3380 778 3440 ut
789 3394 926 3455 serpens

130 3482 311 3551 tortuosus,
328 3479 487 3550 distorsit,
503 3478 537 3541 et
560 3477 726 3539 obseravit
751 3478 788 3538 ut
809 3476 924 3548 vectis,

131 3595 244 3640 coram
259 3578 308 3640 eis
323 3593 448 3655 ponens
463 3575 700 3638 offendiculum
717 3590 781 3652 quo
799 3574 926 3651 impiu-

131 3678 213 3753 gant
229 3678 262 3739 et
282 3675 519 3737 convertantur
541 3677 734 3736 retrorsum.
760 3672 927 3735 Attendite

131 3770 924 3852 igituretvidetesisioutdolornosterestdolor,

132 3889 207 3935 cum
229 3871 396 3934 exercitus
420 3870 462 3932 ad
481 3869 675 3947 obsequium
692 3869 821 3930 bomini
837 3883 927 3945 prae-

131 3970 369 4049 paratustanto
384 3968 492 4030 studio
506 3969 538 4030 et
553 3967 677 4038 labore,
691 3966 843 4043 passagio
859 3966 926 4027 im-

131 4068 289 4140 minente,
303 4068 398 4146 quasi
420 4066 556 4143 regione
571 4064 759 4127 albescente
774 4064 815 4125 ad
834 4080 927 4124 mes-

132 4183 215 4238 sem,
243 4165 365 4228 astutia
380 4164 544 4226 diabolica
569 4165 752 4225 retrorsum
775 4162 928 4223 videatur

133 4264 294 4336 converti,
313 4280 356 4324 ne
379 4261 561 4325 ascendant
578 4261 614 4321 in
629 4262 772 4339 palmam
785 4261 818 4322 et
832 4259 928 4321 colli-

132 4365 213 4439 gant
225 4361 351 4423 tructus
364 4364 452 4438 ejus;
470 4359 621 4439 quodque
632 4375 692 4420 nos
703 4357 808 4433 magis
820 4358 929 4419 movet

131 4454 928 4531 acturbat,vosvidenteshocmalum,nonsolum

133 4574 200 4620 non
213 4556 375 4629 habeatis,
397 4556 482 4618 sicut
495 4555 626 4626 dicitur,
643 4568 686 4615 ex
709 4553 772 4614 boc
790 4551 926 4625 luctum,

133 4657 167 4719 et
188 4655 297 4717 eidem
325 4669 549 4731 nequaquam,
579 4653 678 4730 prout
708 4651 750 4713 ad
782 4646 951 4713 vestrum'

135 4753 281 4817 cilicium
309 4752 462 4830 pertinet,
493 4749 644 4822 obvietis,
676 4749 927 4821 verumetiam,

134 4852 221 4914 sicut
256 4850 466 4927 accepimus,
499 4848 633 4927 quidam
659 4848 805 4908 vestrum
836 4846 929 4908 tanto

133 4949 222 5011 malo
242 4947 444 5009 incentivum
466 4946 575 5023 potius
589 4944 739 5008 tribuunt
753 4945 787 5006 et
802 4943 931 5005 lomen-

134 5049 215 5108 turn.

174 5144 260 5206 Olim
284 5158 365 5204 sane
385 5140 491 5205 felicis
512 5140 752 5203 recordationis
768 5142 931 5201 Innocen-

134 5243 202 5305 tius
217 5256 303 5319 papa
318 5240 542 5317 praedecessor
556 5239 679 5311 noster,
693 5236 809 5298 volens
820 5235 931 5297 immi-

171 5382 212 5453 (l)
234 5384 267 5439 in
287 5382 413 5453 liegesto
432 5379 560 5462 Honori,
577 5377 630 5461 lib.
648 5379 669 5443 l,
685 5377 770 5457 epist.
787 5376 849 5444 ²95,
870 5374 930 5432 dis·

135 5461 234 5537 crepat
273 5460 406 5509 murteum
422 5453 527 5534 Bainun
538 5451 666 5523 epistole
679 5448 762 5531 huJus
775 5446 811 5505 ad
822 5446 930 5531 calcem

137 5532 299 5597 scriptura;
320 5522 370 5578 scd
395 5529 489 5604 potius
512 5520 645 5577 siendum
668 5520 796 5583 baluzio,
821 5533 879 5590 qur,
902 5524 933 5575 ut

136 5590 760 5735 *¹⁶0‘insiluiassultante
774 5590 930 5663 ⁰¹⁰⁰¹l¹⁰‘’

137 5683 252 5741 sumpu
751 5702 758 5717 .

1709 288 1771 354 300

972 452 1126 515 nantibus
1154 448 1312 530 periculis
1337 447 1492 525 obviare,
1529 447 1643 514 audito
1680 448 1768 527 quod

972 550 1116 612 Erardus
1129 550 1170 611 de
1184 552 1303 621 Brena,
1318 548 1372 609 cui
1386 562 1446 625 per
1460 548 1584 609 sanctae
1599 547 1768 609 memoriae

972 647 1141 710 ulbertum
1174 646 1514 724 Hierosolymltanum
1544 644 1769 723 patriarcham

973 745 1165 809 solemniter
1187 744 1313 807 lecerat
1339 743 1494 806 interdici
1517 758 1560 804 ne
1583 759 1659 803 cum
1682 743 1768 804 Phi-

974 844 1074 920 lippa,
1095 859 1193 920 quarn
1220 858 1330 904 comes
1353 841 1518 919 quondam
1540 840 1704 902 Henricus
1728 842 1770 903 de

974 942 1092 1018 copula
1118 942 1306 1003 incestuosa
1337 941 1538 1018 susceperat,
1571 940 1769 1002 contrahere

974 1037 1205 1113 presumeret,
1235 1034 1410 1105 cum,sicut
1437 1035 1623 1110 acceperat,
1654 1033 1769 1096 eadem

974 1135 1082 1211 ipsum
1104 1135 1256 1211 proxima
1273 1132 1569 1209 consanguinitatis
1585 1132 1673 1193 linea
1691 1148 1773 1193 con·

974 1232 1129 1309 tingeret,
1146 1234 1179 1320 et
1202 1232 1273 1309 ipse
1300 1231 1525 1308 predecessor
1549 1232 1662 1292 noster
1677 1245 1773 1291 man-

976 1330 1106 1393 daverit
1127 1330 1228 1393 testes
1248 1329 1353 1406 recipi
1366 1343 1467 1406 super
1481 1328 1771 1405 consanguinitate

977 1428 1155 1505 praedicta,
1196 1427 1376 1505 cupiditate
1406 1426 1581 1489 ambitiosa
1605 1427 1770 1499 caecatus,
1833 1420 1837 1425 ’

976 1526 1126 1587 eamdem
1151 1524 1417 1603 Philippamsibi
1444 1524 1651 1586 clandestine
1665 1538 1772 1601 copu-

977 1625 1073 1696 larat,
1090 1625 1134 1698 et,
1154 1622 1195 1684 de
1209 1622 1358 1699 partibus
1377 1622 1510 1684 rediens
1523 1621 1769 1693 transmarinis,

976 1720 1012 1785 in
1026 1737 1165 1798 regnum
1183 1720 1334 1783 Francius
1347 1718 1519 1782 festinaret
1534 1717 1583 1799 (2)
1599 1720 1769 1791 accedere,
1873 1730 1877 1737 ·

977 1821 1023 1891 ut,
1038 1818 1067 1881 si
1082 1820 1204 1897 posset,
1216 1818 1361 1881 schisma
1374 1820 1490 1880 contra
1502 1818 1659 1881 dilectum
1668 1817 1773 1878 fllium

978 1916 1121 1980 nobilem
1139 1917 1249 1978 virum
1269 1915 1495 1978 Theobaldum
1509 1916 1699 1993 campaniae
1715 1932 1775 1977 co-

978 2015 1089 2078 mitem
1126 2015 1312 2087 suscitaret,
1356 2030 1423 2076 non
1459 2015 1566 2075 solum
1606 2013 1641 2074 in
1672 2029 1774 2090 grave

978 2113 1171 2175 scandalum
1192 2113 1286 2189 regni
1309 2112 1469 2190 eiusdem,
1485 2128 1602 2174 verum
1623 2102 1723 2173 etiam
1738 2112 1774 2173 in

978 2211 1103 2287 grande
1118 2211 1328 2289 dispendium
1342 2213 1454 2272 Terrae
1474 2212 1616 2282 Sanctae,
1640 2212 1776 2286 aposto-

979 2309 1053 2370 licis
1067 2308 1161 2371 vobis
1175 2309 1303 2372 dederit
1316 2308 1364 2388 (3)
1376 2309 1496 2370 litteris
1507 2308 1542 2368 in
1554 2307 1730 2385 praeceptis
1739 2308 1775 2370 ut

979 2406 1103 2469 dictum
1119 2406 1292 2478 Erardum,
1308 2408 1412 2467 Deum
1432 2405 1592 2468 babentes
1605 2422 1674 2482 prae
1688 2420 1774 2466 ocu-

980 2505 1036 2577 lis,
1082 2504 1213 2568 sublato
1240 2504 1417 2582 qu'uslibet
1444 2504 1716 2566 contradictionis
1742 2504 1775 2564 et

979 2603 1211 2680 appellationis
1220 2602 1402 2675 obstaculo,
1412 2617 1655 2679 percensuram
1667 2600 1777 2663 eccle-

979 2702 1148 2763 siasticam
1179 2716 1388 2778 compescere
1425 2700 1603 2771 curaretis,
1631 2700 1660 2761 si
1691 2698 1776 2761 forte

979 2797 1774 2876 occasionepraescriptapraesumeretmalignari3

980 2900 1074 2976 cujus
1102 2913 1162 2958 nos
1186 2897 1336 2974 vestigiis
1351 2897 1564 2967 inhaerentes,
1587 2912 1630 2957 ne
1652 2895 1775 2973 bujus-

980 2995 1635 3071 modioccasionepossetejusdemTerrae
1643 2994 1774 3055 sancta

981 3093 1134 3168 impediri
1145 3108 1333 3164 succursus,
1344 3094 1460 3153 contra
1475 3092 1599 3153 dictum
1614 3092 1776 3153 Erardum

980 3191 1013 3251 et
1027 3190 1177 3251 eamdem
1190 3189 1378 3267 Philippum
1389 3188 1449 3270 (4),
1465 3205 1571 3266 nuper
1585 3189 1678 3250 vohis
1694 3204 1778 3266 prae·

980 3289 1111 3363 ceptum
1126 3286 1235 3347 simile
1247 3286 1425 3348 recolimus
1440 3285 1617 3347 direxisse.
1632 3288 1669 3347 in
1679 3301 1778 3361 gene-

980 3383 1044 3445 rali
1074 3398 1204 3460 quoque
1228 3382 1393 3455 Concilio,
1423 3382 1580 3460 quoniam
1599 3381 1640 3443 ad
1660 3383 1776 3443 Crucis

981 3482 1149 3557 negotium
1162 3480 1411 3560 exsequendum
1426 3482 1477 3541 est
1495 3479 1701 3557 permaxime
1716 3494 1778 3541 ne-

982 3578 1164 3639 cessarium
1203 3581 1238 3640 ut
1262 3577 1434 3656 principes
1460 3578 1573 3655 populi
1599 3577 1775 3639 christiani

982 3675 1022 3737 ad
1057 3676 1203 3738 invicem
1242 3691 1358 3753 pacem
1398 3673 1600 3746 observent,
1638 3674 1777 3751 provida

981 3773 1044 3835 suit
1065 3771 1304 3835 deliberatione
1322 3773 1493 3843 statutum,
1520 3772 1557 3832 ut
1583 3771 1701 3833 saltem
1717 3786 1776 3849 per

982 3870 1238 3949 quadriennium
1263 3870 1299 3931 in
1323 3870 1394 3932 toto
1418 3868 1497 3931 orbe
1510 3869 1695 3931 christiano
1710 3885 1777 3946 pax

981 3969 1183 4045 generaliter
1197 3968 1400 4039 servaretur,
1425 3967 1472 4028 ita
1486 3967 1571 4044 quod
1586 3984 1645 4045 per
1663 3967 1777 4030 eccle-

982 4067 1108 4128 siarum
1121 4067 1278 4144 praelatos
1293 4064 1522 4127 discordantes
1538 4065 1779 4128 reducerentur

982 4166 1022 4225 ad
1036 4165 1167 4241 plenam
1176 4180 1291 4243 pacem
1301 4164 1496 4226 autiirmam
1507 4165 1658 4240 treugam
1670 4163 1779 4226 invio-

982 4262 1127 4325 labiliter
1146 4262 1396 4333 observandam,
1427 4264 1460 4323 et
1480 4261 1537 4338 qui
1566 4263 1778 4338 acquiescere

983 4359 1778 4437 sortecontemnerent,perexcommunicationem

983 4459 1017 4519 in
1033 4473 1193 4536 personas
1207 4458 1240 4520 et
1256 4456 1468 4519 interdictum
1483 4457 1517 4517 in
1531 4457 1639 4518 terras
1653 4457 1777 4517 arctis-

983 4557 1066 4617 sime
1080 4557 1297 4632 cogerentur3
1315 4554 1380 4616 nisi
1394 4554 1487 4616 tanta
1496 4556 1583 4615 esset
1597 4554 1777 4631 injuriato-

983 4670 1057 4715 rum
1085 4653 1224 4726 malitia,
1248 4652 1334 4731 quod
1358 4652 1422 4731 ipsi
1447 4652 1508 4715 tali
1532 4667 1599 4712 non
1622 4651 1781 4713 deberent

984 4767 1064 4830 pace
1079 4751 1235 4828 gaudere.

1024 4850 1116 4912 Licet
1130 4849 1233 4925 igitur
1241 4848 1349 4910 dictus
1368 4848 1527 4915 Erardus,
1543 4862 1619 4909 cum
1634 4847 1777 4925 compli-

984 4947 1077 5009 cibus
1091 4949 1125 5009 et
1137 4945 1385 5024 coadjutoribus
1401 4945 1482 5017 suis,
1501 4945 1588 5006 sicut
1602 4961 1646 5006 ex
1657 4944 1778 5008 litteris

984 5045 1097 5108 dilecti
1125 5044 1186 5106 uui
1213 5043 1334 5106 nobilis
1350 5043 1414 5105 viri
1435 5042 1558 5105 Odonis
1578 5042 1673 5104 ducis
1693 5045 1780 5105 Bur-

984 5143 1117 5220 gundiae
1135 5141 1357 5218 crucesignati
1379 5140 1474 5202 nobis
1486 5139 1642 5211 innotuit,
1654 5141 1779 5203 terram

985 5240 1115 5302 comitis
1141 5239 1313 5301 memorati
1328 5254 1435 5316 nuper
1456 5237 1622 5300 hostiliter
1635 5237 1777 5311 intrans,

1021 5369 1063 5443 (Ξ)
1082 5372 1145 5429 Vid.
1162 5373 1213 5443 lep.
1231 5370 1401 5429 festinabat.-

1022 5448 1063 5517 (3)
1078 5445 1180 5502 Melius
1194 5442 1281 5500 dedit.

1439 5512 1493 5571 590
1504 5520 1532 5570 et
1544 5512 1607 5582 597,
1621 5514 1780 5571 innocentii

1423 5584 1460 5643 ud
1473 5585 1626 5659 episcopos
1640 5586 1778 5642 Francia.

1023 5519 1063 5589 (l)
1085 5514 1227 5588 Legenda
1241 5514 1422 5644 superis&

986 5589 1096 5653 littere,
1119 5594 1147 5643 et
1161 5588 1290 5655 Honoris,
1303 5600 1331 5659 p.

986 5661 1033 5732 (Ι).
1045 5660 1195 5731 bouquet.)
