3802 6166
126 282 187 349 18³
585 274 765 342 nonanti
779 276 826 341 111
840 278 991 342 OPERA.
1011 306 1053 327 ··
1073 278 1307 345 SERMONES.
1710 285 1771 350 isa

126 440 249 524 (salat.
265 455 312 515 ur,
328 437 394 521 10).
419 438 456 501 ln
481 435 620 518 probata
632 438 844 513 discretione,
861 454 922 518 per
974 437 1097 515 sibills;
1111 442 1281 520 tamquam
1296 440 1450 504 scindllae
1462 457 1522 521 per
1539 438 1769 520 subtilitatem,

125 556 225 621 quam
246 538 368 606 bonum
390 552 473 616 opus
494 538 585 601 recte
608 536 854 610 discernamus,
879 552 920 598 ne
974 537 1229 619 discurrentper
1243 541 1437 617 agilitatem.
1455 543 1524 603 llas
1539 544 1682 619 quatuor
1697 562 1773 623 pro·

125 638 211 702 iorte
221 654 288 699 non
304 637 348 698 sit
361 639 429 699 Deo
445 638 628 713 acceptum,
640 636 668 697 si
685 636 743 698 ilat
750 652 824 697 eum
833 652 919 699 vana
975 635 1130 713 prietates
1145 637 1321 714 glorificati
1338 640 1487 716 corporis
1503 642 1536 701 in
1556 645 1773 716 argumenta-

124 736 244 814 gloria,
260 735 313 797 rel
327 750 401 796 cum
417 733 572 812 adjuncta
590 734 727 795 malitia.
745 733 839 796 Unde
853 737 921 795 ilo-
973 732 1097 794 tionem
1120 734 1239 797 futurae
1267 737 1520 813 glorificationis
1544 740 1578 800 et
1608 740 1643 799 in
1665 755 1768 803 carne

124 836 235 899 minus
250 834 291 895 ad
307 833 388 894 Cain
403 853 411 893 ι
427 835 465 894 st
478 832 572 893 recte
586 832 725 906 offeras,
743 846 812 892 aon
826 833 920 893 recte
974 833 1105 894 mortali
1116 833 1267 894 Christus
1282 835 1425 897 ostendit
1438 836 1624 898 claritatem
1634 838 1767 914 quando

124 936 244 998 aulem
265 935 410 1002 dloldas,
433 931 593 1005 peccasti.
617 929 717 991 Recta
731 928 916 1001 offerimus,
974 942 1009 988 se
1034 928 1269 1005 tranfiguravit
1294 930 1329 992 in
1356 934 1466 994 monte
1496 934 1530 993 et
1560 934 1770 1010 resplenduit

117 1032 257 1111 ⁴‹puarido
271 1030 486 1104 bonumopus
502 1027 660 1101 lacimus;
677 1027 734 1088 sed
750 1043 816 1088 non
829 1029 919 1090 recte
973 1023 1077 1086 facies
1098 1029 1170 1103 ejus
1190 1028 1276 1089 sieut
1299 1028 1364 1102 sol;
1388 1029 1614 1102 subtilitatem,
1639 1031 1772 1109 quando

125 1128 314 1199 dividimus,
327 1126 355 1187 si
375 1142 440 1187 non
460 1125 602 1187 discrete
619 1124 701 1186 illud
723 1126 917 1201 cogitamus,
974 1121 1087 1183 clauso
1096 1123 1269 1198 signaculo
1279 1125 1437 1201 virginali
1449 1127 1617 1204 tamquam
1629 1144 1771 1205 sponsus

125 1228 204 1306 quia
216 1241 304 1302 saepe
316 1224 515 1302 putathomo
530 1222 784 1295 lacerebonum,
797 1223 920 1286 etfacit
973 1219 1136 1294 processit
1163 1220 1203 1282 de
1225 1221 1372 1283 thalamo
1394 1239 1470 1296 suo,
1493 1224 1677 1299 agilitatem
1700 1227 1771 1287 sive

123 1325 263 1399 malum;
281 1338 368 1399 saepe
387 1321 467 1383 lacit
482 1321 605 1382 bonum
629 1320 663 1382 et
685 1337 728 1383 ex
742 1321 809 1383 alia
826 1323 919 1399 parta
974 1316 1515 1397 levitatemquandosuperaquam
1530 1322 1619 1384 sicco
1630 1323 1772 1398 vestigio

124 1421 206 1484 lacit
227 1421 361 1482 malum.
386 1419 426 1480 nt
451 1418 498 1480 ita
525 1419 598 1496 ipse
620 1417 764 1480 aedillcat
788 1418 822 1480 et
847 1418 920 1496 lpse
974 1415 1204 1492 pertransivit3
1219 1416 1531 1494 impassibilitatem,
1548 1420 1682 1496 quando
1697 1437 1774 1483 cor-

125 1519 276 1583 destruit.
292 1516 387 1579 Unde
408 1515 682 1577 Ecclesiasticus:
703 1519 795 1578 Ullus
805 1517 918 1589 aedifi·
975 1527 1035 1589 pus
1050 1513 1083 1573 st
1098 1514 1294 1589 sanguinem
1309 1532 1405 1575 suum
1423 1516 1459 1576 in
1481 1531 1574 1577 coena
1596 1517 1773 1595 discipulis

28 1640 31 1645 ·
124 1633 209 1680 calls
223 1617 256 1678 et
268 1616 358 1678 alter
371 1614 564 1675 destruens.
574 1616 679 1686 Gaiam
686 1628 803 1676 vocem
814 1628 920 1675 cacata
974 1608 1101 1683 tribuit,
1115 1612 1266 1688 quamvis
1281 1612 1496 1675 evidentioris
1518 1614 1673 1675 miraculi
1694 1614 1774 1678 lue-

124 1710 917 1788 dlelDominuslUndeetiambeatustiregorius:
974 1707 1028 1780 rit,
1045 1707 1075 1767 si
1096 1708 1168 1770 haec
1192 1709 1265 1770 sine
1285 1710 1353 1771 illis
1378 1710 1508 1772 dotibus
1532 1710 1642 1773 aiebat
1662 1733 1671 1772 :
1688 1713 1772 1773 liul-

124 1814 278 1875 ‹Bonum
293 1825 373 1886 ergo
395 1825 477 1887 opus
492 1808 588 1870 nobis
603 1808 648 1871 sil
665 1809 701 1869 in
712 1808 920 1871 voluntate.»
974 1804 1097 1881 gebunt
1109 1807 1227 1878 sancti,
1243 1808 1275 1868 et
1288 1809 1386 1869 amnt
1399 1808 1516 1884 fulgidi
1532 1809 1566 1869 in
1582 1824 1722 1886 corpore
1736 1811 1771 1872 et

163 1911 303 1971 Namex
322 1907 435 1969 divino
458 1906 624 1984 adjntorio
647 1906 711 1968 erit
734 1907 770 1968 in
792 1905 921 1984 perlec-
974 1903 1098 1964 anima.
1114 1904 1199 1964 Nam
1212 1904 1253 1966 de
1269 1904 1396 1981 lulgorc
1409 1907 1558 1982 corporis
1573 1907 1652 1968 dicit
1672 1909 1775 1984 Apos-

123 2007 227 2070 tione.
244 2010 323 2068 Haec
342 2006 485 2082 quatuor
500 2004 646 2066 breviter
669 2005 921 2081 comprehendit
973 2000 1062 2061 tolus
1095 2022 1103 2061 ε
1139 2002 1344 2064 salvatorem
1380 2008 1630 2080 expectamus...
1663 2007 1703 2065 Et
1737 2006 1774 2066 in

16 2136 20 2149 ·
48 2124 51 2131 ·
123 2104 323 2183 Apostolus:
341 2106 483 2166 Obsecro
498 2118 559 2165 vos
568 2106 920 2176 pel·nllsertcordlam
974 2098 1369 2175 Evangeli02i¹ulgebunt
1377 2101 1460 2177 justi
1468 2101 1554 2163 sicut
1564 2101 1654 2161 solin
1664 2117 1771 2178 regno

123 2205 199 2275 Del,
215 2203 254 2263 al
267 2203 459 2264 caelaestis
472 2215 620 2276 corpora
634 2201 754 2262 vestra
771 2201 920 2262 bostiam
974 2197 1084 2258 Patris
1095 2196 1170 2257 mei.
1186 2198 1276 2269 Quod
1290 2213 1460 2274 exponens
1475 2199 1679 2274 Augustinus
1694 2200 1743 2260 ait
1761 2221 1770 2260 z

123 2301 310 2371 alocaleac,
324 2300 493 2370 salectam,
509 2302 581 2360 Deo
589 2299 793 2372 placentem,
809 2298 920 2360 ratio
973 2294 1133 2355 «colons
1148 2294 1284 2355 claritas
1303 2297 1426 2372 quiante
1447 2297 1513 2356 erit
1524 2297 1558 2356 in
1574 2296 1771 2373 corporibus

125 2400 236 2459 mnae
255 2398 452 2471 obsecutam
481 2396 639 2457 cestriam
661 2392 770 2473 (Rom.
796 2411 857 2463 ιιι,
872 2393 917 2474 1).
973 2392 1164 2465 electorum,
1181 2392 1311 2469 quando
1327 2394 1410 2470 Justi
1427 2392 1599 2468 fulgebunt
1617 2395 1705 2456 sicut
1720 2395 1772 2456 sol

123 2494 274 2557 Hostiam
305 2494 472 2554 viventem
499 2493 534 2554 in
557 2493 669 2554 carnis
682 2493 917 2564 maceratione,
973 2490 1009 2551 in
1039 2506 1142 2566 regno
1170 2490 1280 2552 Patris
1308 2506 1441 2563 eorum,
1467 2506 1540 2568 quas
1566 2491 1703 2554 claritas
1734 2492 1771 2554 in

123 2592 272 2653 sanctam
286 2590 320 2650 in
333 2591 495 2657 castitate,
505 2592 573 2651 Deo
588 2591 773 2667 placentem
783 2590 819 2650 in
833 2589 918 2651 bono
974 2588 1454 2669 Gbristicorporeresurgentis
1464 2590 1656 2652 abscondita
1666 2589 1772 2651 luisse

123 2704 233 2767 opere,
244 2687 442 2750 rationabile
454 2687 648 2764 obsequium
658 2688 693 2748 in
705 2687 917 2749 discretione.
975 2685 1083 2762 potius
1112 2702 1211 2762 quam
1237 2686 1382 2749 deluisse
1408 2687 1574 2750 credenda
1598 2690 1658 2749 est.
1682 2706 1701 2748 ι
1725 2691 1773 2750 De

163 2786 321 2864 Sequitur
359 2786 399 2846 de
434 2785 552 2860 gloria.
583 2786 694 2846 Gloria
730 2786 919 2847 sanctorum
975 2783 1127 2844 claritate
1146 2800 1227 2846 vero
1247 2784 1368 2846 animm
1386 2784 1467 2846 dicit
1483 2787 1629 2848 loannes
1653 2808 1660 2847 :
1687 2789 1774 2849 Cum

122 2883 330 2962 quadruplex
340 2883 401 2955 est,
415 2883 502 2944 sicut
511 2882 592 2943 dicit
601 2883 760 2944 Dominus
770 2884 804 2944 in
816 2887 921 2944 Eran-
974 2882 1189 2954 apparea-it,
1209 2885 1339 2943 aliattes
1357 2886 1389 2943 ci
1410 2886 1553 2954 erimus,
1575 2887 1657 2956 quta
1677 2887 1776 2946 uidc-

121 2976 210 3058 gelio
233 3002 241 3040 ε
263 2983 467 3043 Melasaram
484 2984 605 3042 donam
619 2982 654 3043 et
673 2982 866 3055 consertam
886 2983 920 3043 el
975 2980 1085 3038 dlmlcs
1098 2992 1178 3039 elem
1195 2981 1298 3040 sicali
1313 2981 1364 3041 est
1387 2979 1521 3059 (lloan.
1533 2995 1569 3052 ιι,
1582 2980 1647 3058 28).
1670 2982 1774 3053 Quasi

120 3079 329 3155 ampliatam
358 3080 391 3140 el
411 3080 716 3154 superaffluentem
735 3080 862 3140 deditam
883 3082 920 3139 ln
975 3074 1101 3137 diceret
1114 3097 1122 3136 ι
1135 3077 1265 3153 quando
1279 3077 1405 3139 uidebit
1416 3079 1527 3138 anima
1535 3079 1647 3139 nostra
1657 3080 1773 3139 Chris-

121 3180 239 3238 sillum
270 3178 426 3238 cestram
451 3174 545 3256 (Luc.
576 3192 623 3249 vr,
646 3176 712 3254 38).
749 3179 917 3249 Mensura,
974 3174 1042 3234 turn
1058 3175 1303 3246 veramlucem,
1319 3176 1775 3253 quiaipseestillaveraqu

121 3272 220 3347 idest,
237 3274 410 3337 retributio
426 3276 616 3337 sanctorum
629 3278 679 3337 est
693 3274 779 3336 bona
793 3275 830 3335 in
842 3290 919 3336 cor-
975 3287 1048 3347 quae
1064 3270 1231 3333 illuminat
1251 3288 1381 3332 omnem
1401 3273 1568 3334 hominem
1582 3274 1773 3336 venientem

121 3388 240 3449 porum
270 3372 523 3449 glorificatione,
555 3372 704 3435 conserta
732 3372 768 3433 in
793 3372 918 3434 aeterna
974 3367 1009 3428 in
1032 3368 1120 3430 hunc
1146 3370 1314 3430 mundum.
1339 3372 1424 3431 Nam
1450 3387 1524 3432 cum
1553 3370 1705 3433 Christus
1731 3373 1776 3434 sit

121 3470 291 3542 societate,
322 3470 488 3547 coagitata
515 3471 551 3531 in
572 3471 691 3532 mentis
716 3471 748 3531 et
769 3470 919 3546 corporis
974 3467 1074 3542 caput
1090 3467 1239 3528 nostrum
1254 3468 1287 3528 et
1306 3483 1367 3527 nos
1383 3468 1531 3529 membra
1549 3469 1666 3546 ipsius,
1686 3471 1775 3534 sicut

121 3567 383 3630 confirmatione.
401 3567 647 3645 superaffluens
662 3568 696 3628 in
718 3568 778 3630 Dei
799 3568 919 3643 cogni·
974 3563 1073 3640 caput
1091 3564 1156 3625 erit
1171 3564 1382 3636 luminosum,
1394 3565 1440 3627 ita
1456 3568 1489 3627 et
1503 3566 1661 3628 membra.
1681 3570 1774 3631 Unde

120 3664 222 3728 tione.
240 3669 276 3727 ln
292 3682 468 3744 corporum
480 3666 733 3742 glorificatione,
749 3666 828 3743 quia
844 3681 921 3726 cor-
974 3660 1009 3721 in
1043 3662 1243 3740 Apocalypsi
1272 3662 1312 3724 de
1340 3663 1465 3725 sanctis
1493 3685 1500 3723 :
1527 3668 1606 3727 Non
1628 3668 1775 3741 caelica

121 3778 203 3840 pora
216 3764 407 3824 sanctorum
421 3763 919 3840 eruntsimiliaoorporichristi
973 3761 1102 3821 ltlallac
1121 3765 1273 3821 lacoerace
1293 3776 1401 3834 neque
1425 3765 1554 3823 leonillae
1578 3765 1670 3833 solis,
1697 3779 1775 3839 pao·

121 3859 157 3921 in
172 3860 323 3922 claritate
338 3861 370 3921 et
380 3859 595 3922 beatitudine.
608 3861 703 3922 Unde
716 3861 893 3937 Apostolus
910 3882 917 3920 ι
974 3858 1071 3916 talam
1086 3859 1358 3920 Dollllnaslicus
1368 3859 1570 3921 micaniriablt
1584 3874 1643 3921 cos
1655 3860 1771 3939 (Apoc.

120 3958 337 4020 salvatorem
356 3959 581 4032 expectamus
600 3961 787 4018 Dollziaam
800 3960 920 4019 lasura
974 3969 1060 4025 xxn,
1074 3953 1119 4033 5).

123 4054 310 4127 Glirlstam,
322 4057 381 4129 qlli
391 4056 595 4128 resorllaalllt
607 4070 734 4129 corpas
747 4056 918 4118 balmllila·
1014 4052 1064 4112 01ι
1076 4068 1174 4129 quam
1188 4068 1344 4128 magnum
1355 4053 1476 4114 donum
1489 4059 1540 4117 est
1550 4055 1650 4129 istud,
1665 4056 1774 4119 luomi-

122 4150 168 4212 tis
182 4152 733 4227 lloslrae,eolzfipal·atanacorpori
748 4153 920 4214 claritatis
975 4165 1050 4210 nem
1065 4150 1279 4226 resplendere
1292 4151 1334 4211 ad
1349 4152 1602 4214 similitudinem
1618 4155 1688 4225 Dei,
1706 4172 1776 4217 ser-

121 4247 607 4327 ιιιι(ι’([’1ι111ι).ιιι,20).(]οιριιε
627 4250 776 4311 nostrum
796 4249 920 4311 dicitur
975 4264 1051 4307 vum
1069 4247 1283 4323 resplendere
1304 4248 1346 4308 ad
1359 4249 1609 4312 similitudinem
1625 4254 1770 4326 Domini,

124 4356 202 4408 esse·
221 4345 358 4417 humile,
382 4344 459 4424 quia
475 4346 601 4424 patitur
614 4346 746 4419 samem,
772 4348 862 4409 sitim
887 4349 920 4410 et
975 4348 1163 4406 creaturam
1175 4345 1216 4405 ad
1233 4345 1486 4407 similitudinem
1503 4350 1681 4421 creatoris,
1695 4353 1774 4428 quia

121 4446 262 4507 caeteras
289 4445 506 4506 necessitates
536 4445 570 4507 et
601 4445 830 4513 infirmitates.
861 4446 918 4507 sed
974 4458 1090 4503 omnes
1100 4444 1182 4519 justi
1194 4445 1227 4505 et
1241 4443 1339 4505 electi
1350 4445 1450 4507 talem
1463 4446 1647 4508 claritatem
1662 4447 1771 4509 habe-

121 4541 919 4621 Cliristusconfigurabitcorpusnostrumcorpori
974 4538 1055 4601 bunt
1088 4540 1123 4600 in
1159 4542 1420 4615 resurrectione,
1455 4545 1586 4621 qualem
1623 4546 1774 4607 Christus

120 4640 284 4703 claritatis
300 4655 380 4712 suae,
398 4639 474 4716 quia
496 4638 597 4700 iaciat
616 4639 698 4699 illud
718 4640 918 4712 immortale,
975 4636 1090 4699 babuit
1104 4638 1139 4698 in
1155 4640 1458 4717 transfiguratione.
1478 4645 1514 4702 ln
1531 4646 1657 4704 iuterna
1671 4645 1775 4706 satie-

121 4737 338 4815 impassibile,
349 4737 599 4815 splendidumet
609 4737 920 4812 gloriosumlirunt
973 4736 1056 4807 tate,
1082 4737 1160 4813 quia
1186 4738 1354 4800 desideria
1381 4742 1571 4801 sanctorum
1600 4741 1775 4816 replentur

122 4835 211 4897 enim
246 4838 388 4913 quatuor
422 4835 625 4913 principales
652 4834 745 4898 dotes
770 4838 920 4914 corporis
974 4834 1513 4898 elsatianturinomnibusbonis
1532 4838 1625 4899 Unde
1641 4840 1771 4901 Dauid:

122 4932 320 5008 glorificati,
355 4935 483 4996 scilicet
506 4933 675 4996 subtilitas
705 4935 738 4995 et
772 4935 918 5010 agilitas,
976 4932 1139 5004 Satiabor,
1167 4932 1245 4993 dum
1283 4933 1549 4995 manifestabitur
1575 4935 1682 5011 gloria
1714 4940 1771 4998 tua

123 5030 279 5107 splendor
293 5031 326 5091 et
341 5030 602 5106 impassibilitas,
615 5031 714 5108 juxta
726 5031 809 5091 illud
822 5053 830 5090 ε
844 5036 922 5093 Ful-
976 5028 1045 5108 (Ps.
1066 5031 1113 5101 16,
1132 5028 1195 5107 15).
1209 5032 1246 5090 In
1263 5031 1381 5091 mentis
1407 5035 1441 5092 et
1464 5033 1614 5109 corporis
1633 5034 1773 5096 consor-

121 5128 246 5203 aeonia
253 5127 343 5199 jusit
355 5128 444 5188 sicali
457 5133 507 5189 sol
528 5132 565 5189 ln
585 5142 694 5204 reputo
707 5130 831 5191 Patris
851 5133 920 5191 ascl
975 5128 1130 5199 mationa,
1147 5127 1225 5204 qula
1234 5128 1340 5189 sancti
1351 5129 1645 5192 conformabuntur
1664 5135 1774 5195 monle

124 5221 255 5304 (Mattli.
272 5239 346 5293 1111,
361 5221 426 5302 43).
440 5225 481 5286 iit
498 5224 580 5284 alibi
597 5246 604 5284 :
622 5230 811 5301 Tantaleam
833 5231 921 5288 scin·
975 5227 1007 5287 et
1028 5240 1181 5301 corpore,
1208 5225 1254 5287 ita
1275 5227 1311 5287 ut
1332 5242 1399 5287 non
1424 5227 1551 5302 possint
1569 5229 1623 5290 vel
1647 5231 1772 5291 malum

124 5323 253 5383 illlata
267 5322 684 5384 orariolaelodiscurrallt
700 5323 855 5402 (sapin,
873 5323 918 5404 7).
975 5322 1043 5398 pati
1064 5321 1250 5383 velmalum
1265 5322 1386 5384 lacere.
1409 5324 1503 5384 Unde
1524 5325 1629 5386 David
1655 5346 1663 5385 ε
1691 5330 1771 5389 Non

164 5417 350 5493 liutgebunt
369 5434 428 5495 per
446 5419 667 5496 splendorem,
687 5421 773 5483 sicut
794 5422 843 5483 sol
861 5439 921 5500 per
974 5421 1243 5482 collemoocbllur
1268 5425 1305 5482 ta
1337 5423 1520 5494 alericum,
1553 5427 1613 5498 qai
1640 5425 1772 5485 habital

114 5502 919 5596 'immutabilitatemsiveimpasslbililatemqula
976 5521 1012 5579 lo
1043 5520 1238 5581 Jerusalem
1269 5518 1343 5599 (Ps.
1376 5521 1459 5592 121,
1498 5519 1547 5601 1).
1581 5521 1770 5584 Jerusalem

120 5612 171 5676 eol
187 5612 223 5674 in
238 5628 299 5675 sua
314 5613 432 5676 natura
448 5613 499 5677 est
513 5613 731 5677 immutabilis
746 5616 778 5678 ei
792 5616 921 5695 impas-
975 5615 1214 5695 interpretatur
1241 5616 1327 5681 risio
1341 5618 1450 5696 pacis,
1465 5620 1498 5683 et
1510 5619 1679 5697 significat
1699 5636 1773 5683 coe-
