3802 6166
78 349 139 409 565

79 511 168 588 quiis
179 510 379 573 contendere
387 526 485 588 quam
497 510 642 589 injuriis,
655 511 741 573 sicut
750 511 879 574 domes·

79 610 155 671 licis
172 611 264 685 potes
274 609 435 687 exemplis
446 625 637 687 agnoscere,
648 624 721 688 quae
735 610 770 672 in
785 613 879 673 utro-

79 725 144 786 que
166 708 261 780 solet‚
288 708 369 769 111111
395 708 509 770 divino
536 709 675 782 auxilio,
707 725 876 787 superare.

78 808 214 885 Ctapisti
237 807 380 885 quidem,
401 808 442 869 ad
464 808 653 869 suasionem
676 807 878 869 venerabilis

79 905 194 966 fratris
222 906 328 966 nostri
355 908 391 966 Ρ.
423 904 470 985 (1)
499 906 647 983 episcopi
671 905 875 980 sabinensis,

79 1020 190 1081 quem,
207 1006 285 1065 tnnc
301 1005 430 1066 Sanctae
446 1005 561 1066 Mariae
576 1006 611 1066 in
625 1006 748 1083 Aquino
764 1004 879 1067 diaco-

78 1120 159 1165 num
175 1102 389 1175 cardinalem,
403 1103 591 1180 apostolica
604 1104 705 1165 Sedes
714 1102 755 1165 ad
766 1103 877 1181 partes

79 1201 267 1262 Provinciae
296 1202 485 1275 destinarit,
519 1203 552 1264 te
585 1202 652 1279 ipsi
679 1201 877 1279 apostolicae

81 1299 160 1360 Sedi
186 1299 304 1361 devote
332 1300 535 1373 submittere,
562 1302 594 1362 et
615 1301 647 1362 ei
668 1301 755 1363 sicut
779 1301 878 1362 matri

79 1398 171 1458 iilius
191 1397 362 1460 humiliter
380 1398 514 1460 obedire
534 1397 594 1478 (2).
616 1399 709 1460 Unde
729 1399 877 1461 volentes

79 1496 117 1558 ut
146 1498 177 1557 te
208 1497 265 1558 tua
298 1496 486 1559 humiliatio
524 1497 701 1569 exaltaret,
732 1499 877 1559 castrum

79 1597 245 1666 dunense,
263 1595 349 1671 qnod
365 1596 400 1656 in
416 1596 574 1657 Ecclesiae
590 1599 747 1658 Romanae
761 1598 876 1674 potes-

79 1694 147 1753 tate
158 1692 356 1767 tradideras,
374 1695 504 1757 restitui
518 1694 579 1756 tibi
592 1695 835 1767 mandavimus,
846 1694 878 1757 et

78 1792 148 1852 alia
161 1791 283 1864 116616,
300 1793 329 1853 si
344 1810 418 1869 quae
433 1808 584 1855 crescere
599 1792 734 1855 deberet
746 1793 804 1855 tua
819 1792 879 1854 de-

81 1889 182 1957 10110,
198 1890 232 1950 11
244 1892 412 1967 proposito
427 1891 623 1967 gerebamus
639 1890 698 1970 (3).
714 1891 777 1953 Sed
787 1907 875 1964 ecce,

77 2004 183 2064 pravo
203 1989 321 2050 ductus
341 1991 493 2061 consilia,
518 1991 603 2068 quod
624 1990 804 2068 prudenter
824 1990 879 2050 in-

78 2103 230 2163 61610111
259 2088 411 2148 omisisse
438 2088 559 2149 diceris
581 2088 819 2166 imprudenter,
845 2090 878 2150 et

77 2185 137 2261 qui
146 2184 187 2245 ad
201 2185 371 2246 dexteram
383 2185 493 2247 lueres
504 2202 523 2247 a
534 2186 671 2248 sinistra
682 2202 875 2259 conversus,

76 2299 97 2342 a
108 2284 247 2344 dextera
258 2299 414 2345 reversus
423 2300 498 2345 esse
510 2285 631 2345 diceris
642 2283 681 2345 ad
694 2284 875 2357 sinistram,

76 2382 255 2442 Tolosanis
268 2382 396 2444 civibus
407 2383 464 2460 qui
477 2382 554 2444 lidei
566 2384 598 2445 61
609 2383 700 2460 pacis
709 2384 878 2458 negotium

82 2482 117 2540 in
142 2479 290 2556 partibus
313 2480 391 2553 illis,
411 2482 461 2543 101
478 2497 695 2558 personarum
715 2483 748 2542 et
766 2496 878 2542 rerum

77 2578 263 2654 dispendiis
281 2581 505 2656 procuratum,
523 2579 714 2641 subvertere
729 2579 878 2640 moliun-

77 2678 146 2747 tur,
172 2675 406 2738 damnabiliter
429 2676 643 2751 adliaerend03
665 2678 777 2748 imme,
803 2692 878 2737 cum

79 2774 186 2835 multa
208 2790 308 2835 manu
326 2774 494 2837 civitatem
520 2775 712 2852 ingrediens
736 2774 877 2836 Tolosa-

82 2888 173 2945 nam,
188 2873 396 2950 supradictos
405 2874 495 2935 cives
508 2874 549 2935 ad
563 2877 630 2935 tam
641 2874 790 2951 iniquum
800 2890 880 2951 pro-

79 2972 224 3049 positum
237 2971 359 3032 diceris
373 2971 602 3049 principaliter
614 2972 803 3048 instigasse,
817 2988 880 3033 no·

77 3068 140 3130 bili
166 3069 239 3130 1110
258 3072 289 3131 S.
307 3070 420 3132 comiti
442 3069 672 3143 Montislortis,
694 3070 795 3132 immo
818 3086 878 3131 ca-

76 3168 213 3229 tholicae
229 3168 317 3241 fidei,
338 3171 435 3247 cujus
450 3170 676 3246 propugnator
693 3169 817 3240 existit,
840 3184 879 3231 ac

78 3267 191 3344 legato
212 3270 324 3330 nostro
340 3266 399 3346 (4),
417 3267 598 3345 quinimmo
617 3266 723 3339 nohis,
740 3283 879 3344 quorum

77 3381 256 3445 personam
272 3368 304 3428 et
317 3366 408 3427 vices
423 3367 457 3427 in
475 3365 621 3443 partibus
637 3365 705 3425 illie
719 3366 817 3441 gerit,
834 3367 877 3438 te,

79 3465 168 3526 sicut
183 3464 331 3526 dolentes
343 3465 544 3541 accepimus,
559 3464 764 3541 opponendo.

121 3563 294 3622 blonemus
304 3561 406 3637 igitur
416 3559 621 3621 nobilitatem
634 3560 725 3622 tuam
738 3560 771 3620 et
785 3573 881 3635 roga·

79 3676 155 3719 nius
177 3660 345 3733 attentius,
366 3675 427 3736 per
451 3659 641 3736 Apostolica
667 3657 726 3720 tibi
756 3657 879 3735 scripta

80 3755 306 3833 praecipiendo
323 3755 518 3818 mandantes
533 3757 695 3832 quatenus
710 3771 784 3816 cum
800 3754 880 3815 uui·

79 3855 190 3915 versis
205 3853 403 3930 sequacibus
416 3855 483 3916 tuis
497 3853 635 3914 recedas
650 3868 669 3913 a
691 3853 826 3915 civitate
847 3852 881 3915 et

80 3951 208 4012 auxilio
223 3952 346 4012 civium
361 3951 606 4029 praediclorum,
624 3966 684 4012 nec
699 3950 748 4012 eis
763 3953 880 4013 contra

80 4049 226 4125 legatum
247 4050 357 4127 ipsum
378 4048 427 4129 (o)
454 4049 630 4110 consilium
650 4048 704 4111 rel
721 4051 879 4125 juvamen

81 4148 264 4224 impendas,
283 4148 339 4209 sed
356 4149 404 4209 sic
419 4148 552 4209 studeas
567 4148 674 4209 eidem
695 4147 878 4231 intendere,

83 4249 119 4307 ut
133 4247 254 4307 bonum
268 4247 354 4323 quod
370 4247 410 4307 de
427 4247 457 4308 te
473 4261 741 4322 conceperamus,
759 4261 882 4323 propo-

82 4346 185 4407 situm
198 4345 318 4407 debeat
331 4344 463 4407 effectui
479 4344 673 4420 mancipari.
697 4346 765 4405 Nos
780 4344 878 4415 enim,

79 4445 230 4506 volentes
252 4446 360 4505 tecum
386 4443 564 4520 procedere
585 4443 621 4503 in
647 4441 767 4519 spiritu
791 4441 880 4503 leni·

80 4542 171 4613 tatis,
190 4543 225 4604 ut
243 4542 384 4603 fructum
397 4541 522 4602 sentias
536 4557 578 4601 er
591 4556 630 4601 eo
644 4540 728 4617 quod
745 4540 879 4612 dudum,

81 4642 169 4702 sicul
190 4641 388 4717 promissum
415 4640 475 4711 est,
507 4639 547 4699 ad
571 4638 762 4699 mandatum
787 4638 881 4701 Sedis

80 4738 281 4815 apostolicae
303 4737 474 4799 humiliter
492 4737 630 4809 rediisti,
661 4736 747 4798 dicto
767 4736 881 4797 cardi-

81 4838 151 4897 nali
168 4837 290 4898 nostris
306 4836 424 4898 damus
448 4836 568 4898 litteris
591 4836 625 4895 in
651 4835 814 4895 mandatis
834 4838 879 4907 ut,

80 4937 110 4996 si
121 4938 220 5011 ‚iuxta
236 4951 352 5012 preces
367 4935 401 4997 et
415 4934 606 4996 mandatum
621 4934 771 4995 nostrum
786 4949 806 4994 a
828 4949 884 4994 se-

81 5035 179 5113 quela
195 5033 376 5095 recesseris
388 5033 512 5094 civium
536 5031 780 5109 praedictorum,
810 5031 883 5108 ipse

81 5133 153 5203 tibi,
169 5134 342 5209 postquam
357 5131 543 5194 cautionem
559 5130 756 5207 praestiteris
768 5130 801 5192 et
815 5130 882 5191 alia

80 5231 301 5308 compleveris
320 5230 445 5308 quaein
468 5229 587 5290 litteris
601 5244 684 5306 quas
705 5228 884 5305 11016611-

79 5330 210 5391 tutione
222 5330 325 5407 ipsius
336 5329 438 5391 castri
451 5328 510 5390 tibi
522 5326 673 5389 iacienda
686 5327 880 5399 direximus,

116 5506 158 5577 11)
173 5508 247 5565 Petri
264 5507 469 5564 Beneventani.

116 5581 157 5649 (Ξ)
177 5579 251 5635 Petri
272 5580 476 5643 licitereutani,
497 5575 764 5649 apostolicaesedis
783 5577 881 5646 tereti,

80 5658 164 5723 gesta
181 5650 210 5705 iu
229 5650 374 5721 provincia
395 5648 573 5706 Narbonensi
589 5648 653 5705 vide
668 5663 764 5720 supra,
780 5621 882 5707 11111-

82 5720 543 5794 1011111111193111011161.)

705 350 934 411 EPISI'OLAE.
958 352 1036 412 LIB.
1060 352 1101 413 11.

1669 358 1732 418 ndo

933 512 1011 573 sunt
1026 526 1197 590 expressa,
1215 514 1361 575 castrum
1374 514 1504 577 restitui
1519 514 1620 577 saciat
1631 518 1731 578 ante-

932 610 1066 682 dictum,
1083 612 1116 671 et
1124 612 1157 671 te
1171 627 1272 687 super
1285 611 1343 672 illo
1357 627 1423 674 non
1436 613 1525 675 sinat
1537 629 1556 674 a
1567 630 1732 691 quoquam

931 698 1056 770 temere
1071 709 1252 771 molestari.
1275 713 1324 770 Tu
1338 726 1429 787 ergo,
1447 712 1533 772 sicut
1547 711 1599 772 vir
1613 712 1732 789 provi-

931 807 1004 878 dus,
1029 807 1077 867 sic
1090 808 1214 868 uostris
1229 808 1423 885 acquiescas
1438 809 1592 887 precibus
1606 813 1733 872 61601-

932 905 1029 977 siliis,
1045 906 1081 968 ut
1095 906 1182 967 idem
1204 909 1349 968 castrum
1366 908 1502 983 pacilice
1517 909 1732 985 consequaris

933 1004 971 1064 ad
984 1020 1145 1080 praesens,
1160 1007 1192 1066 et
1203 1004 1237 1066 in
1252 1006 1420 1081 posterum
1433 1008 1561 1084 majora
1575 1007 1732 1084 consequi

932 1118 950 1163 a
968 1102 1053 1164 Sede
1072 1102 1260 1181 Apostolica
1275 1104 1446 1176 merearis,
1463 1120 1594 1182 semper
1605 1104 1732 1167 hahens

932 1218 1001 1278 prae
1016 1201 1123 1263 oculis
1137 1202 1376 1279 promissiones
1400 1204 1433 1263 et
1453 1205 1642 1280 juramenta
1658 1220 1732 1281 quae

933 1299 1089 1376 praedicto
1114 1300 1270 1377 episcopo
1291 1298 1337 1380 (b)
1367 1300 1572 1376 dignosceris
1600 1301 1733 1379 praesti-

931 1398 1022 1469 tisse,
1040 1414 1082 1458 ne
1103 1398 1155 1459 vel
1172 1399 1258 1475 apud
1279 1400 1382 1460 Deum
1402 1400 1543 1477 culpam,
1571 1400 1624 1461 161
1643 1398 1731 1477 apud

932 1494 1085 1556 homiues
1100 1496 1284 1568 infamiam,
1313 1498 1485 1558 incurrere
1501 1500 1533 1559 te
1548 1498 1730 1573 contingat.

932 1596 1050 1655 Datum
1075 1595 1241 1667 Laterani,
1269 1598 1312 1656 IV
1331 1595 1398 1656 kal.
1419 1596 1579 1673 januarii,
1597 1596 1732 1673 pontiti-

932 1694 1025 1754 catus
1041 1692 1145 1754 nostri
1161 1708 1249 1753 anno
1264 1693 1420 1754 secundo.

1216 1863 1451 1951 LXXXVIII

1056 1999 1109 2058 Ad
1123 2000 1373 2060 avenionensis
1387 2001 1482 2060 111111
1501 2002 1603 2061 61161.

1194 2121 1229 2178 19
1242 2118 1371 2177 decemb.
1391 2122 1468 2179 1117.

985 2225 1119 2289 [Bouquet.
1134 2225 1234 2277 11661011
1250 2225 1294 2275 des
1309 2226 1452 2285 historiens,
1468 2232 1488 2276 1.
1501 2227 1568 2286 XIX,
1580 2243 1604 2292 p.
1615 2226 1672 2277 oti.

1141 2306 1250 2369 degeat,
1262 2306 1309 2357 lib.
1322 2307 1354 2363 11.
1367 2307 1440 2371 epist.
1452 2307 1519 2372 eso]

932 2404 1165 2477 Conspiramibus
1189 2420 1253 2463 cum
1279 2404 1438 2464 llaimundo
1461 2407 1575 2463 comitis
1599 2407 1733 2465 'tolosani

969 2493 1732 2556 illloadversusSimonemdeliontelortinreuionen·

969 2583 1056 2653 sibus,
1075 2584 1310 2655 Massiliensibus,
1326 2586 1597 2656 Tarraconensibus,
1618 2588 1733 2644 Bellica·

968 2671 1128 2741 drensibus,
1150 2688 1183 2730 ac
1200 2674 1273 2731 villas
1291 2674 1492 2749 Sancti-Egidii
1510 2676 1620 2744 incolis,
1640 2677 1733 2733 liono-

969 2763 1027 2819 rius
1051 2762 1078 2819 in
1101 2764 1201 2835 spiritu
1225 2763 1351 2821 lenitatis
1370 2772 1490 2821 conatur
1516 2765 1638 2823 suadere
1661 2773 1731 2823 uta

969 2852 1123 2910 rebellione
1136 2851 1287 2910 desistant.

974 2970 1141 3032 Honorius
1172 2972 1403 3048 episcopus...,
1434 2972 1561 3034 civibus
1586 2973 1733 3035 Arenio-

934 3068 1091 3129 nensibus
1107 3069 1259 3145 spiritum
1275 3070 1408 3131 consilii
1425 3071 1581 3132 sanioris.

974 3168 1054 3226 Cum
1069 3167 1179 3227 restra
1193 3183 1258 3228 uon
1280 3167 1413 3241 ignoret
1428 3168 1584 3230 discretio
1600 3168 1733 3246 quantis

934 3264 1091 3341 periculis
1103 3266 1136 3326 et
1148 3263 1331 3342 dispendiis
1344 3281 1561 3342 personarum
1576 3268 1609 3328 et
1620 3282 1733 3327 rerum

934 3363 1101 3437 negotium
1115 3363 1207 3440 pacis
1229 3364 1261 3424 et
1276 3363 1351 3424 iidei
1371 3364 1414 3424 sit
1434 3364 1469 3425 in
1485 3364 1633 3441 partibus
1649 3367 1735 3425 Pro-

933 3462 1053 3522 vinciae
1082 3462 1305 3537 procuratnm,
1330 3462 1490 3522 miramur
1516 3478 1582 3522 non
1612 3462 1732 3522 imme-

933 3559 998 3620 rito
1017 3560 1050 3620 et
1064 3574 1245 3629 movemur,
1273 3559 1358 3636 quod
1380 3559 1463 3620 illud
1485 3559 1634 3620 dicimini
1656 3575 1734 3637 per-

934 3656 1079 3730 turbare,
1101 3656 1220 3719 dilecto
1245 3657 1314 3718 tilio
1339 3657 1442 3718 nobili
1466 3658 1540 3718 1110
1563 3660 1596 3720 S.
1620 3657 1734 3719 comiti

934 3755 1164 3828 Montisiortis,
1192 3756 1292 3817 immo
1319 3756 1492 3817 catholicae
1519 3756 1606 3828 ndei,
1635 3759 1732 3834 cujus

935 3856 1161 3931 propugnator
1174 3854 1299 3927 existit,
1330 3854 1541 3925 obsistentes,
1570 3869 1609 3915 ac
1633 3854 1733 3916 etiam

934 3952 1134 4029 Apostolicae
1156 3952 1251 4014 Sedis
1274 3952 1400 4029 legat0,
1421 3951 1476 4029 qui
1504 3968 1679 4029 personam
1701 3954 1735 4015 et

935 4051 1024 4112 vices
1051 4052 1182 4112 nostras
1207 4051 1242 4112 in
1272 4051 1421 4128 partibus
1447 4051 1516 4112 illis
1543 4052 1646 4128 gerit,
1674 4066 1735 4112 ros

936 4150 1150 4224 pertinaciter
1165 4149 1371 4227 opponendo.
1402 4150 1495 4211 Licet
1515 4152 1625 4212 autem
1647 4149 1735 4211 idem

936 4247 1075 4322 legatus,
1099 4248 1219 4309 vestris
1242 4250 1439 4324 provocatus
1454 4248 1599 4324 injuriis,
1626 4248 1660 4308 in
1674 4264 1734 4309 vos

936 4349 969 4406 et
997 4347 1119 4406 terram
1145 4346 1290 4407 vestram
1314 4346 1668 4407 excommunicationis
1697 4346 1731 4407 et

936 4443 1114 4514 interdicti,
1131 4459 1171 4504 ac
1193 4443 1323 4503 demum
1343 4444 1574 4519 expositionis,
1599 4445 1736 4505 senten-

937 4541 1000 4603 tIas
1013 4540 1248 4618 promulgarit3
1270 4557 1330 4602 nos
1345 4543 1467 4613 tamen,
1487 4542 1659 4618 cupientes
1675 4556 1734 4602 vos

937 4640 978 4700 ad
987 4640 1294 4701 viamrectitudinis
1302 4656 1473 4712 revocare,
1483 4639 1734 4701 universitatem

936 4739 1081 4800 vestram
1091 4754 1261 4799 monemus
1273 4741 1305 4800 61
1315 4738 1527 4799 obsecramus
1536 4738 1571 4799 in
1582 4738 1733 4811 Domine,

937 4837 970 4897 et
981 4851 1040 4912 per
1050 4836 1240 4913 apostolica
1255 4836 1348 4898 vobis
1360 4836 1494 4912 scripta,
1510 4836 1596 4898 sicut
1610 4852 1733 4914 possu-

937 4950 1021 5002 mus,
1038 4934 1187 4996 distm'cte
1204 4933 1425 5011 praecipiendo
1441 4934 1635 4995 mandamns
1651 4948 1736 5011 qua-

937 5034 1044 5104 tenus,
1065 5032 1106 5093 ab
1127 5031 1341 5095 infestatione
1365 5032 1444 5093 dicti
1467 5032 1608 5104 comitis,
1635 5031 1735 5093 immo

937 5130 1737 5208 Deietlicclesiae,quiescentes,ergaipsumlega·

936 5230 1005 5291 tum
1029 5228 1113 5290 tales
1140 5246 1199 5290 vos
1219 5228 1377 5289 exhibere
1401 5228 1536 5299 curetis,
1557 5227 1641 5305 quod
1667 5243 1734 5288 non

937 5327 1044 5389 solum
1065 5326 1283 5389 absolutionis
1311 5326 1520 5400 beneficium,
1548 5326 1733 5387 sedaliam

973 5503 1013 5574 (3)
1030 5503 1243 5561 Recurrendum
1260 5512 1304 5561 est
1320 5502 1355 5561 ad
1373 5504 1490 5562 lionorii
1507 5503 1657 5577 epistolum
1675 5504 1732 5571 XC,

937 5574 1193 5715 ΙΙῘ111111)(1111111111131.

973 5718 1016 5792 (o)
1036 5718 1233 5777 bertrandum.
1272 5716 1311 5789 (1)
1327 5718 1412 5776 Petro
1427 5720 1639 5777 Beneremmo.
