3802 6166
120 329 184 394 429
756 330 985 391 EPISTOLAE.
1008 332 1088 391 ula.
1112 332 1141 431 1.
1712 328 1773 389 130

120 489 254 567 gentius
277 489 495 560 attendentes,
513 504 572 551 vos
587 490 620 551 et
638 488 747 550 loc-um
771 491 917 551 vestrum
973 489 1149 551 ecclesiam
1162 488 1307 552 uestram
1323 487 1542 566 personaliter
1560 486 1768 560 accedentes,

121 589 154 650 et
173 586 349 649 ecclesiam
368 603 466 664 quam
480 586 577 649 beato
591 588 700 659 Petro,
726 588 759 648 et
773 587 870 648 nobis
886 589 918 648 et
973 586 1129 649 dilectum
1144 587 1249 649 tilium
1264 588 1426 651 loannem
1437 586 1528 649 Petri
1541 584 1662 647 Leonis
1686 583 1771 644 sub-

121 688 281 747 Romanae
300 684 456 746 Ecclesiae
477 684 653 752 obtulistis,
672 700 746 745 curn
763 685 917 746 omnibus
972 684 1147 746 diaconum
1181 687 1348 755 nostrum,
1381 686 1534 761 nepotem
1569 682 1681 744 dilecti
1711 681 1771 741 lilii

120 783 229 853 bonis,
247 782 489 859 quaepraedicta
511 783 653 843 ecclesia
669 783 703 843 in
718 783 916 860 praeseutia·
973 782 1143 854 (luidonis,
1172 786 1205 843 S.
1233 783 1363 851 Nicolai
1393 784 1427 843 in
1456 796 1592 843 carcere
1617 779 1771 840 Tulliano

120 880 653 957 rumJustaetlegitimepossidet,
663 880 762 942 autin
773 880 918 942 futurum
972 880 1104 941 diaconi
1128 880 1231 952 card„
1246 881 1365 942 reatris
1389 882 1422 942 et
1444 879 1557 957 populi
1586 876 1772 940 Placentini

117 977 219 1054 justis
241 976 347 1038 modis
370 978 438 1039 Deo
464 977 605 1053 propitio
627 977 747 1054 poterit
765 977 916 1054 adipisci,
973 976 1060 1038 votis
1075 977 1277 1038 unanimiter
1288 975 1573 1048 concurrentibus,
1585 974 1679 1036 vobis
1695 989 1773 1051 pro-

122 1075 183 1136 sub
199 1074 287 1136 beati
296 1074 385 1135 Petri
397 1076 430 1136 et
441 1075 554 1136 nostra
566 1074 769 1152 protectione
781 1074 920 1152 suscipi·
973 1073 1129 1136 viderunt
1143 1074 1179 1135 in
1192 1075 1394 1152 episcopum,
1407 1076 1440 1136 et
1450 1074 1774 1151 pastoremdratum

122 1189 208 1244 mus,
225 1172 259 1234 et
267 1172 442 1249 praesentis
455 1172 569 1250 scripti
582 1172 767 1249 patrocinio
777 1189 920 1235 commu·
973 1171 1135 1249 siquidem
1173 1173 1332 1249 gerimus,
1355 1174 1388 1234 et
1410 1173 1530 1234 restrae
1546 1172 1773 1246 circumspec-

122 1270 245 1331 nimus.
262 1270 449 1331 statuentes
463 1270 650 1332 utecclesia
660 1273 772 1333 restra
786 1286 845 1332 seu
859 1285 918 1332 ros
973 1269 1073 1331 tionis
1086 1270 1296 1348 prudentiam
1311 1269 1592 1341 commendamus,
1610 1268 1696 1346 quod
1712 1267 1773 1329 da-

122 1367 188 1444 ipsi
203 1366 326 1428 nullius
348 1367 591 1446 archiepiscopi
609 1367 662 1430 rel
684 1368 843 1445 episcopi,
862 1370 920 1430 aut
973 1367 1150 1430 siderando
1163 1368 1357 1445 praedictum
1377 1367 1616 1430 subdiaconum
1636 1365 1772 1443 episco-

121 1464 266 1542 alicujus
277 1465 512 1527 ecclesiasticae
526 1481 687 1543 personae,
698 1465 918 1544 praeterquam
973 1480 1048 1527 curn
1075 1466 1222 1529 restrum
1252 1482 1341 1539 esse,
1367 1464 1560 1528 ostendistis
1587 1463 1773 1526 devotionis

122 1561 265 1626 Romani
284 1561 448 1639 pontilicis
466 1563 693 1641 jurisdictioni
717 1563 864 1626 debeatis
883 1564 917 1626 in
973 1562 1139 1635 affectum,
1156 1563 1242 1641 quod
1261 1564 1294 1624 in
1314 1563 1422 1640 ipsum
1437 1562 1561 1624 babere
1589 1560 1773 1623 credamini

123 1661 291 1736 posterum
309 1660 493 1737 subjacere,
510 1659 584 1723 aive
598 1661 633 1721 in
648 1661 760 1739 aliquo
775 1678 918 1739 respon·
973 1660 1177 1723 cardinalem
1194 1683 1202 1721 ε
1218 1662 1261 1733 et,
1278 1677 1337 1738 per
1350 1661 1424 1733 boc,
1441 1661 1550 1738 ipsum
1560 1675 1599 1721 ac
1613 1674 1702 1729 suos,
1716 1657 1775 1735 qui

122 1757 213 1818 dere.
243 1757 292 1817 nd
324 1757 484 1819 indicium
511 1760 621 1820 autem
653 1759 753 1837 hujus
786 1774 805 1820 a
835 1759 919 1821 Sede
973 1757 1170 1833 multiplicia
1181 1759 1319 1834 possunt
1328 1757 1587 1834 vobisobsequia
1600 1755 1770 1825 exiribere,

124 1855 312 1931 apostolica
336 1856 499 1933 perceptae
522 1855 698 1929 libertatis,
724 1858 792 1918 tres
816 1857 918 1918 libras
973 1855 1015 1915 ad
1036 1855 1247 1916 dilectionem
1272 1857 1418 1917 vestram
1444 1855 1570 1916 arctius
1585 1853 1770 1929 obligastis.

123 1968 208 2013 cerae
224 1952 319 2014 nobis
339 1953 526 2031 nostrisque
549 1954 797 2015 successoribus
820 1955 919 2015 annis
973 1954 1106 2023 Verum,
1124 1953 1202 2028 quia
1213 1954 1285 2029 Jam
1297 1951 1384 2014 dicto
1401 1951 1604 2013 subdiacono
1626 1950 1770 2027 expedit,

121 2050 264 2125 singulis
297 2051 504 2127 persolvetis,
535 2051 759 2125 decernimus,
790 2052 852 2113 etc.
884 2053 918 2113 Si
974 2049 1105 2111 etdicto
1122 2049 1296 2121 cardinali,
1322 2050 1464 2127 aliisque
1492 2048 1609 2110 amicis
1624 2048 1773 2125 ejusdem

121 2148 197 2223 quis
212 2148 436 2219 automata...
452 2149 830 2211 Datumssenerentit'll
845 2150 918 2210 idus
974 2146 1169 2208 subdiaconi
1193 2146 1312 2223 placet,
1333 2149 1368 2209 ut
1391 2148 1499 2208 adbuc
1519 2144 1653 2207 insistat
1673 2145 1773 2205 sciro-

120 2245 272 2320 bugusti.
292 2246 361 2306 Nos
381 2244 483 2316 iuitur
497 2246 646 2321 praedicti
662 2245 918 2323 praedecessoris
974 2243 1099 2305 lasticis
1118 2244 1314 2321 disciplinis,
1332 2244 1516 2320 praesertim
1532 2260 1606 2304 cum
1622 2242 1663 2303 ad
1680 2241 1711 2302 id
1729 2241 1773 2303 sit

120 2342 229 2402 nostri
249 2342 399 2419 vestigiis
422 2342 639 2416 inhaerentes,
665 2359 725 2404 ros
749 2345 782 2406 et
808 2345 918 2405 locum
973 2343 1054 2402 aetas
1069 2341 1199 2413 idonea,
1224 2341 1413 2417 hujusmodi
1435 2356 1520 2403 onus
1543 2340 1607 2401 sibi
1622 2340 1664 2401 ad
1680 2355 1772 2415 prae·

120 2439 280 2511 restrum,
298 2441 329 2501 et
351 2441 524 2501 ecclesiam
541 2457 616 2502 cum
641 2440 794 2502 omnibus
809 2441 916 2513 bonis,
973 2455 1049 2501 sens
1064 2456 1130 2501 non
1143 2438 1346 2515 providimus
1365 2438 1611 2516 imponendum.
1628 2437 1771 2513 ideoque

119 2536 918 2615 quaapraedictaeeclesiairnpraesentiarumjuste
972 2537 1164 2599 discretioni
1190 2539 1310 2600 vestrae
1341 2553 1401 2613 per
1428 2536 1619 2613 apostolica
1648 2536 1772 2611 scripta

121 2650 162 2694 ac
183 2633 321 2709 pacifice
343 2634 499 2710 possidet,
522 2636 629 2697 autin
653 2634 800 2697 futurum
817 2635 918 2713 justis
973 2634 1178 2705 mandamus,
1196 2636 1358 2712 quatenus
1372 2634 1461 2695 inira
1480 2633 1669 2711 quindecim
1686 2632 1770 2703 dies,

122 2730 228 2791 modis
255 2733 322 2792 Deo
352 2732 495 2808 propitio
521 2732 642 2810 poterit
673 2732 825 2809 adipisci,
858 2732 918 2793 snb
973 2732 1046 2809 post
1060 2732 1301 2808 susceptionem
1324 2733 1577 2808 praesentiarum
1592 2746 1666 2791 cum
1690 2745 1773 2789 con-

122 2828 211 2889 beati
222 2829 310 2890 Petri
322 2830 355 2892 et
365 2832 480 2891 nostra
491 2830 695 2907 protectione
705 2830 915 2907 suscipimus,
973 2828 1049 2890 silio
1070 2828 1219 2906 praedicti
1241 2828 1382 2899 abbatia,
1412 2843 1589 2905 personam
1615 2827 1770 2888 idoneam

124 2928 157 2986 et
177 2927 349 3002 praesentis
376 2926 492 3004 scripti
521 2927 705 3004 patrocinio
734 2927 920 2989 communi·
972 2926 1065 2987 vobis
1079 2926 1238 2988 canonice
1256 2927 1290 2986 in
1303 2925 1494 3002 episcopum
1510 2924 1654 2999 eligatis.
1678 2922 1774 2984 Alio-

123 3038 206 3082 mus.
225 3024 427 3096 statuentes,
442 3026 478 3086 ut
488 3024 629 3087 ecclesia
642 3025 764 3097 vestra,
788 3040 848 3086 seu
860 3041 918 3086 vos
973 3024 1052 3100 quin
1067 3023 1197 3100 aliquos
1216 3024 1363 3085 restrum
1378 3023 1451 3084 vice
1468 3023 1616 3083 omnium
1630 3021 1672 3083 ad
1687 3036 1771 3081 nos-

121 3119 185 3195 ipsi
201 3119 325 3181 nullius
340 3120 584 3198 archiepiscopi
605 3120 658 3181 vel
679 3119 837 3198 episcopi,
861 3122 919 3182 aut
972 3121 1058 3182 tram
1068 3120 1240 3182 destinetis
1255 3114 1478 3196 praesentiam,
1496 3123 1532 3181 ut
1553 3134 1681 3195 pereos
1697 3134 1772 3179 curn

121 3217 265 3295 alicujus
278 3218 513 3279 ecclesiasticae
528 3220 918 3296 personae‚praeterquam
973 3218 1114 3279 consilio
1134 3219 1248 3280 nostro
1258 3218 1377 3279 restrae
1393 3217 1606 3294 provideatur
1621 3215 1772 3277 ecclesiae

122 3315 263 3377 Romani
283 3315 447 3392 pontilicis
465 3315 692 3392 jurisdictioni
717 3314 863 3377 debeatis
883 3314 918 3375 in
972 3315 1013 3376 de
1038 3331 1191 3393 persona,
1215 3331 1288 3393 quae
1314 3316 1405 3376 tanto
1430 3315 1592 3390 congruat
1618 3313 1714 3375 oueri
1740 3312 1773 3373 at

121 3414 290 3489 posterum
305 3412 488 3490 subjacere,
506 3413 576 3474 sire
592 3414 626 3473 in
641 3414 753 3490 aliquo
775 3429 917 3490 respon·
974 3413 1103 3475 bonori.
1120 3416 1239 3475 Datum
1255 3414 1426 3488 Anagniae,
1443 3414 1474 3473 11
1486 3412 1560 3472 idus
1571 3410 1671 3488 junii,
1687 3425 1771 3486 pon-

121 3510 211 3581 dere,
229 3510 322 3571 salva
337 3509 525 3572 obedientia
541 3512 573 3572 et
587 3511 774 3571 reverentia
789 3510 920 3571 Camal-
974 3511 1119 3573 tiflcatus
1132 3510 1237 3571 nostri
1249 3525 1337 3571 anno
1353 3509 1471 3587 primo.

121 3606 270 3668 dnlensis
290 3609 392 3668 eremi
415 3607 535 3670 debita.
559 3608 607 3669 nd
628 3608 787 3669 indicium
809 3608 918 3669 autem

121 3704 221 3783 hujus
236 3710 399 3782 perceptae
414 3722 435 3767 a
450 3706 533 3767 Sede
548 3707 735 3783 apostolica
755 3705 919 3768 libertatis
1245 3696 1500 3785 CCCXXXIX

121 3804 190 3864 tres
209 3803 312 3863 libras
341 3819 427 3865 cerae
450 3803 559 3876 nobis,
580 3805 768 3880 nostrisque
786 3819 921 3865 succes·

121 3899 252 3961 soribus
283 3903 380 3961 annis
414 3901 554 3977 singulis
589 3901 795 3977 persolvetis.
827 3900 919 3962 Nulli

120 4013 213 4074 ergo,
228 4000 290 4059 etc.
313 4000 384 4060 bat.
403 3999 563 4075 Anagniae
585 4001 643 4059 Vll
664 3998 709 4059 id.
732 3997 820 4077 junii
836 4014 920 4076 pon-

121 4096 267 4158 tificatus
283 4097 387 4157 nostri
403 4112 491 4158 anno
507 4096 624 4172 primo.

1033 3852 1085 3911 Ad
1098 3852 1267 3910 Joartrtent
1286 3848 1489 3909 abbatemet
1506 3845 1714 3908 conventum

1247 3948 1496 4007 Sttbtoceuaem.

1268 4067 1302 4125 16
1318 4066 1392 4140 iunii
1409 4067 1488 4125 1217.

1030 4172 1169 4237 [urerent
1180 4173 1342 4238 spicilegium
1354 4172 1525 4232 liberianum,
1535 4187 1561 4237 p.
1575 4170 1630 4230 711,
1642 4185 1668 4221 n.
1679 4169 1717 4235 a]

370 4290 664 4379 CCCXXXVIH
973 4280 1214 4353 compositionem
1234 4281 1308 4339 inter
1328 4278 1488 4338 iohannem
1508 4278 1640 4337 abbatem
1657 4285 1686 4335 et
1701 4293 1771 4335 con·

485 4414 497 4434 .
1007 4376 1124 4428 ventum
1144 4367 1334 4427 Sublacenses
1348 4382 1384 4424 ex
1399 4376 1478 4440 parta
1493 4382 1549 4424 una
1564 4374 1593 4424 et
1607 4368 1642 4425 N.
1658 4367 1770 4439 episco-

185 4442 239 4503 Λα
252 4444 381 4502 cumam
397 4440 430 4501 θῐ
443 4445 605 4515 110111ίί1111
620 4438 848 4501 Ρῑθθθηῖῑηθδ·
1008 4470 1076 4530 pum
1091 4457 1302 4529 capitulumque
1321 4454 1482 4513 Tiburtinos
1500 4469 1536 4513 ex
1551 4456 1638 4513 altera
1655 4452 1772 4524 iactam,

424 4554 439 4609 7
452 4553 525 4626 junii
541 4553 620 4611 1117.
1007 4544 1167 4603 coufirmat.

276 4657 395 4723 ¹⁰8¹¹⁰¹¹¹·
410 4658 486 4710 ¹²⁸¹³³
497 4672 577 4716 saera,
592 4663 611 4708 1·
623 4659 642 4716 ¹·
658 4672 683 4722 P·
694 4656 763 4721 Μ]
1012 4672 1178 4733 Honorius
1189 4671 1375 4747 episcopus,
1387 4684 1686 4733 serrusserrorum
1697 4669 1769 4739 Dei,

120 4767 171 4826 Eis
185 4765 301 4823 mandat
315 4773 345 4823 ut
360 4763 432 4823 inira
452 4765 484 4822 11
499 4764 561 4822 dies
574 4779 639 4822 cum
654 4764 774 4822 oonsilio
789 4762 917 4837 praedicti
972 4767 1103 4830 dilectis
1131 4768 1209 4829 filiis
1234 4767 1357 4831 Joanni
1384 4765 1495 4828 abbati
1525 4766 1559 4827 et
1594 4764 1772 4827 conventui

156 4854 267 4912 abbatis
278 4868 430 4927 personam
441 4853 572 4911 idoneam
585 4853 639 4910 sibi
653 4853 794 4911 canonice
805 4854 834 4909 in
846 4854 919 4926 epis·
973 4863 1184 4937 Sublacensi,
1209 4865 1350 4926 salutem
1371 4865 1404 4926 et
1423 4861 1639 4939 apostolicam
1665 4861 1771 4923 bene.

156 4959 261 5017 copum
275 4944 394 5017 eligunt.
973 4961 1163 5025 dictionem·

160 5060 327 5124 Honorius
366 5059 552 5137 episcopua,
585 5074 702 5120 servus
745 5073 916 5119 sorvorum
1014 5062 1120 5131 Quum
1134 5058 1224 5120 inter
1237 5060 1434 5129 Romanum,
1452 5057 1617 5134 quondam
1641 5057 1772 5135 praede-

119 5160 191 5231 Dei,
208 5160 273 5220 etc.
497 5218 502 5225 ,
972 5172 1139 5218 cessorem
1152 5156 1256 5224 tuum,
1268 5155 1315 5217 tili
1330 5154 1445 5226 abbas,
1458 5156 1559 5217 etvos
1574 5157 1768 5227 conventus,

161 5259 210 5318 Ex
230 5255 350 5317 litteris
378 5252 579 5316 venerabilis
601 5252 714 5315 fratris
735 5254 840 5316 nostri
861 5269 918 5315 ar·
972 5248 1123 5331 exparte
1146 5269 1224 5324 una,
1241 5254 1274 5315 et
1293 5252 1518 5333 venerabilem
1532 5253 1670 5314 tratrem
1687 5269 1769 5313 nos-

120 5352 323 5430 cbiepiacopi
335 5351 526 5423 tunnensis,
543 5354 577 5412 et
589 5350 699 5415 dilecti
716 5350 777 5412 filii
790 5351 917 5413 abbatis
971 5353 1058 5413 trum
1074 5353 1115 5412 N.
1132 5351 1334 5427 episcopum,
1356 5352 1388 5412 et
1407 5350 1545 5412 dilectos
1570 5350 1657 5412 lilios
1672 5352 1767 5427 capi-

121 5452 161 5513 de
187 5450 356 5519 Columba,
382 5451 415 5511 et
439 5449 570 5520 restris,
595 5449 828 5525 perpendimus
843 5450 916 5512 eri·
972 5449 1076 5511 tulum
1100 5448 1308 5510 Tiburtinum
1334 5464 1378 5509 ex
1400 5448 1518 5521 altera,
1540 5447 1768 5510 controversia

121 5547 247 5619 denter,
265 5546 350 5625 quod
363 5545 645 5622 archiepiscopus,
659 5546 692 5606 et
711 5543 814 5607 abbas
831 5561 918 5622 prae-
970 5548 1156 5609 verteretur
1166 5562 1267 5622 super
1278 5545 1457 5623 episcopali
1464 5549 1551 5623 jure,
1565 5543 1650 5621 quod
1661 5544 1768 5605 dictus

121 5645 212 5719 dicti,
224 5646 323 5724 juxta
342 5642 489 5705 mandati
507 5642 689 5720 apostotici
703 5642 854 5716 sormam,
875 5643 916 5706 ad
971 5644 1144 5723 episcopus
1153 5643 1343 5722 requirebat
1353 5642 1393 5707 ab
1406 5643 1557 5707 ecclesiis
1571 5641 1768 5703 monasterii
