3802 6166
77 303 140 367 nr
564 302 634 365 xv.
649 274 691 349 -’-
705 300 750 365 nr
773 301 904 365 rnsro
926 301 1076 365 sanem
1096 302 1251 367 radoan
1671 306 1739 370 ira

75 468 133 529 hic
159 465 259 529 tabiis
285 476 342 526 me
364 460 521 536 honoret,
541 463 878 528 coaetaneorum
932 461 1029 526 nobis
1056 461 1209 526 omnihus
1232 463 1369 527 tradidit
1389 464 1496 528 illum.
1521 464 1561 529 st
1587 466 1733 545 qualitor

75 568 176 640 loape
186 564 271 624 esta
284 576 340 623 nte
355 559 485 641 (Matth.
498 577 555 631 xv,
571 561 617 640 8).
933 562 1093 623 venturus
1108 562 1152 625 sit
1175 561 1216 624 ad
1235 561 1453 640 judicandum
1474 562 1633 625 mundum
1657 580 1732 626 oum

119 662 201 721 Haec
223 659 288 721 tria
314 659 350 720 in
369 658 429 721 illa
452 660 595 736 pectoris
613 657 787 732 tunsione,
813 676 895 736 qua.
933 658 1072 733 angelis,
1098 660 1132 721 et
1151 659 1314 722 ardebunt
1335 661 1447 723 omnia
1468 661 1532 723 ista
1556 661 1675 724 coelum
1700 662 1734 724 et

77 759 214 836 pectora
240 759 354 819 nostra
376 757 556 829 tundimus,
580 756 806 833 designantur.
831 756 879 818 lbi
934 756 1040 831 terra3
1057 758 1090 818 et
1109 756 1173 819 erit
1193 759 1314 819 coelum
1333 774 1454 821 novum
1479 761 1512 820 et
1534 758 1625 843 terra
1646 772 1734 823 nova

77 872 224 932 namque
239 855 304 916 tria
328 855 558 932 principaliter
572 854 799 928 attenduntur,
827 854 881 916 id·
934 853 969 913 in
985 852 1129 916 adventu
1143 870 1214 928 suo,
1238 855 1271 918 et
1284 856 1399 917 reddet
1413 856 1592 933 unicuique
1613 873 1735 919 secun-

78 955 128 1014 est
145 952 251 1024 laesio,
277 968 378 1014 sonus
400 953 434 1015 et
456 969 585 1015 manus.
609 955 646 1013 In
668 952 807 1014 laesione
831 953 881 1016 est
935 950 1012 1011 dum
1036 966 1138 1029 opera
1158 968 1230 1013 sua.
1255 954 1295 1014 Et
1313 953 1458 1031 qualiter
1482 956 1555 1031 post
1570 954 1734 1031 Judicium

79 1051 192 1113 cordis
208 1050 379 1125 contritio;
396 1050 432 1110 in
447 1066 540 1122 sono,
555 1051 624 1112 oris
647 1050 828 1126 contessi03
845 1051 881 1112 in
935 1049 999 1110 erit
1013 1048 1049 1110 in
1064 1046 1147 1111 ooelo
1163 1066 1238 1111 cum
1253 1050 1428 1112 animabus
1438 1052 1550 1129 justis,
1572 1054 1604 1114 et
1625 1051 1733 1113 habe-

79 1164 193 1215 maau,
211 1148 323 1226 operis
339 1147 536 1210 satisfactio.
559 1150 598 1210 nt
612 1148 690 1227 quia
710 1148 781 1226 ipse
796 1148 880 1210 reli·
934 1145 1016 1207 bunt
1029 1148 1155 1224 partem
1170 1147 1286 1223 gloriae
1302 1165 1383 1210 suae.

81 1247 151 1324 quit
164 1245 262 1307 nobis
281 1245 467 1322 exemplum
483 1248 521 1308 ut
542 1261 720 1324 sequamur
737 1246 880 1323 vestigia
975 1245 1055 1306 Item
1069 1265 1077 1305 ε
1091 1247 1241 1307 Accessit
1255 1249 1300 1308 od
1313 1249 1436 1309 Jesum
1456 1247 1570 1308 nsoter
1582 1248 1734 1319 filiorum

82 1347 165 1422 eJus,
197 1343 298 1406 etiam
317 1358 379 1405 nos
399 1345 512 1421 igitur,
539 1342 670 1416 iratres,
699 1343 881 1419 cogitemus
935 1344 1128 1404 Zebedaei...
1148 1344 1239 1404 Dicit
1262 1347 1296 1405 ct
1312 1347 1424 1416 lesus,
1451 1347 1532 1419 quid
1558 1348 1634 1406 cist
1658 1345 1735 1405 Non

82 1458 154 1520 quae
176 1441 268 1503 recta
292 1444 380 1514 sunt,
409 1442 584 1519 loquamur
597 1457 671 1520 quae
687 1457 770 1503 sana
792 1442 879 1515 sunt,
935 1438 1155 1515 interrogavit
1173 1441 1271 1503 Jesus
1292 1440 1397 1502 veluti
1420 1442 1455 1503 ut
1477 1442 1632 1513 nesciret,
1656 1441 1735 1519 quia

84 1552 260 1615 operemur
291 1553 365 1614 quae
396 1538 455 1598 Dei
484 1539 576 1609 sunt,
606 1553 673 1599 non
705 1535 881 1599 reddentes
936 1537 1047 1598 omnia
1071 1536 1171 1609 nuda,
1202 1538 1234 1599 et
1257 1538 1372 1614 aperta
1396 1539 1473 1600 sunt
1500 1538 1543 1613 ei,
1571 1537 1628 1598 sed
1657 1537 1736 1615 quia

83 1635 182 1697 etiam
208 1635 419 1696 maledictum
447 1651 507 1712 pro
531 1635 719 1708 maledicto,
744 1635 822 1712 quia
850 1637 882 1697 et
935 1634 1043 1696 uoluit
1061 1635 1093 1695 ei
1108 1634 1188 1695 dare
1211 1634 1367 1696 fiduciam
1386 1635 1531 1712 petendi.
1559 1637 1644 1696 Nam
1665 1634 1735 1695 ire-

82 1733 152 1810 ipse
172 1749 248 1793 cum
268 1731 533 1805 malediceretur,
561 1748 627 1794 non
651 1733 879 1805 maledicebat,
937 1734 1077 1807 quenter
1104 1732 1263 1793 Dominus
1296 1733 1420 1810 patitur
1448 1732 1629 1810 discipulos
1657 1746 1736 1792 suos

83 1830 138 1890 sed
155 1831 292 1906 peccata
315 1833 430 1891 nostra
454 1830 591 1907 pertulit
610 1830 645 1891 in
660 1845 799 1907 corpore
822 1846 881 1892 suo
937 1828 1063 1907 aliquid
1094 1846 1161 1891 non
1182 1832 1272 1892 reete
1298 1832 1421 1908 petere,
1449 1830 1507 1892 aut
1529 1830 1650 1902 dicere,
1679 1828 1737 1890 aut

83 1942 182 2004 super
208 1927 346 2003 lignum,
368 1931 404 1989 ut
423 1927 568 2004 peccatis
597 1928 718 1990 mortui
742 1928 883 2007 justitia)
937 1926 1096 2002 cogitare,
1120 1931 1179 1990 aut
1204 1944 1315 2005 agere,
1345 1930 1382 1990 ut
1411 1945 1453 1990 ex
1468 1928 1603 1990 illorum
1629 1926 1736 2003 culpis
1847 2002 1854 2013 .

83 2025 249 2086 tiramus.
938 2025 1131 2086 occasiones
1155 2026 1305 2087 inveniat
1328 2025 1469 2088 docendi
1492 2027 1525 2087 et
1548 2022 1735 2103 exponendi

120 2125 206 2184 Ecce
222 2122 407 2198 jucundum
429 2123 644 2201 praeconium,
668 2123 723 2185 ubi
745 2127 883 2202 peccata
937 2123 1135 2200 scripturam
1157 2125 1191 2185 et
1209 2124 1358 2200 regulam
1371 2124 1518 2201 pietatis,
1535 2123 1644 2184 sciens
1659 2121 1737 2201 quia

85 2222 197 2282 nostra
219 2220 284 2282 tert
298 2225 410 2297 Agnus
430 2222 486 2300 qui
500 2221 588 2284 tollit
605 2224 740 2299 peccata
755 2223 880 2283 mundi.
936 2220 1016 2281 talis
1037 2235 1132 2282 error
1152 2237 1219 2282 non
1239 2224 1337 2284 nocet
1358 2223 1407 2283 eis
1426 2222 1589 2299 praesente
1611 2219 1739 2296 magis-

85 2318 131 2379 0h
147 2317 310 2378 immensa
325 2319 385 2379 Dei
407 2318 517 2379 Patris
532 2319 690 2392 charitas,
717 2335 782 2398 qua
801 2321 884 2381 adeo
938 2319 991 2378 tro
1006 2338 1013 2376 :
1028 2320 1091 2379 Dic
1110 2319 1150 2380 ut
1170 2321 1237 2380 daco
1251 2320 1313 2391 filit
1327 2322 1396 2380 mei
1418 2319 1560 2380 sedeant
1582 2333 1672 2379 arnus
1692 2319 1738 2378 od

85 2414 204 2477 dilexit
214 2415 382 2487 mundum,
399 2418 435 2477 ut
448 2415 552 2477 fllium
568 2432 664 2477 suum
677 2417 883 2493 unigenitum
938 2416 1122 2476 aexteram
1141 2416 1176 2477 et
1189 2419 1279 2478 altars
1302 2420 1346 2477 ed
1366 2417 1549 2477 sinistram
1569 2418 1606 2476 in
1629 2427 1738 2491 regno

85 2512 178 2575 daret
192 2528 252 2590 pro
268 2513 409 2573 mundot
428 2513 477 2574 Oh
496 2513 581 2575 mira
596 2514 658 2575 tilii
682 2514 882 2587 obedientia,
939 2511 998 2573 tuo
1013 2510 1144 2591 (Matth.
1160 2528 1219 2585 xx,
1235 2511 1301 2591 21).
1326 2514 1407 2574 Cum
1426 2512 1607 2575 ambitione
1628 2510 1739 2589 loqui·

86 2626 147 2687 qua
173 2610 258 2672 adeo
284 2610 345 2672 suit
368 2611 458 2672 mitis
485 2611 518 2673 et
545 2610 682 2673 humilis
708 2612 819 2684 corde,
849 2614 885 2674 ut
939 2609 994 2670 tur
1006 2611 1122 2683 mater,
1139 2614 1172 2672 et
1184 2610 1312 2671 carnali
1328 2610 1449 2672 aiieotu
1461 2608 1648 2671 ambitiosis
1658 2606 1738 2669 tiliis

86 2708 276 2785 tieretpatri
294 2707 452 2770 obediens
474 2709 633 2786 usquead
657 2711 817 2772 mortem!
835 2709 885 2771 Oh
940 2706 1065 2783 primas
1090 2708 1125 2768 in
1150 2708 1233 2769 coelo
1262 2708 1437 2770 cathedras
1468 2707 1622 2785 postulat.
1650 2708 1739 2767 Dic:

88 2805 331 2867 inaestimabilis
364 2806 507 2882 Spiritus
541 2807 654 2869 Sancti
682 2806 883 2884 benignitas,
941 2807 1050 2876 Quare
1065 2805 1151 2867 dixit
1164 2808 1218 2867 dic
1233 2805 1265 2868 et
1279 2821 1346 2867 non
1360 2809 1435 2881 secl
1451 2805 1535 2877 Quia
1549 2804 1634 2866 bene
1652 2802 1740 2865 soie-

89 2919 160 2980 quae
174 2919 241 2964 non
256 2902 437 2964 secundum
452 2919 553 2980 opera
569 2920 642 2981 quae
657 2904 796 2966 lecimus
811 2921 883 2978 nos,
939 2900 997 2962 hat
1008 2900 1094 2979 quod
1110 2918 1207 2963 suum
1224 2902 1336 2963 dicere
1351 2904 1423 2964 erat
1437 2901 1558 2973 iacere,
1575 2900 1651 2963 etsi
1666 2914 1740 2977 pro·

89 3000 144 3061 sed
165 3000 347 3062 secundum
372 3017 466 3062 suam
490 3000 754 3064 misericordiam
774 3003 885 3064 salvos
941 2998 1089 3061 misisset
1116 3000 1293 3077 promissio
1322 3016 1383 3061 sua
1412 3015 1493 3061 vera
1520 3000 1624 3071 esset,
1654 2996 1740 3059 sicut

89 3113 147 3159 nos
162 3097 265 3161 feciti
942 3095 1023 3158 dicit
1045 3097 1222 3173 Apostolus
1246 3119 1254 3157 :
1274 3098 1337 3159 Est
1363 3098 1481 3159 autem
1500 3101 1593 3159 Deras
1613 3109 1739 3165 veram,

125 3195 228 3257 Petiit
253 3196 360 3255 mater
380 3194 525 3256 tiliorum
548 3194 708 3269 Zebedaei,
735 3195 793 3257 sed
819 3213 886 3259 non
940 3193 1445 3275 mnntshomomendoxfflom.
1460 3210 1510 3268 nr,
1525 3193 1569 3274 4).
1587 3192 1739 3255 Parentis

86 3292 184 3368 iuste,
201 3292 280 3369 quia
295 3292 411 3368 petivit
425 3295 461 3354 ut
476 3292 540 3354 duo
555 3294 617 3354 tilii
631 3294 785 3356 sederent
799 3311 886 3355 unus
942 3291 1147 3368 negligentia
1176 3292 1442 3369 reprehenditur,
1475 3291 1531 3353 ubi
1557 3291 1598 3353 do
1630 3288 1740 3351 dantis

88 3390 124 3450 ad
140 3390 314 3451 dexteram
329 3389 468 3462 Christi,
494 3389 527 3452 et
541 3390 629 3451 alius
645 3391 686 3452 ad
702 3391 885 3453 sinistram.
941 3388 1141 3451 confidentia
1166 3405 1232 3450 non
1252 3389 1476 3451 dubitabatur.
1500 3391 1579 3450 Haeo
1600 3386 1663 3449 fuit
1686 3385 1742 3447 in-

89 3490 164 3550 llaec
179 3488 297 3565 petitio
317 3504 384 3548 non
399 3487 460 3549 tuit
474 3504 534 3565 pro
554 3487 661 3549 salute
676 3490 807 3561 animae,
830 3488 887 3550 sed
940 3485 1046 3547 tentio
1061 3485 1215 3547 tiliorum.
1233 3487 1269 3547 Si
1283 3501 1344 3546 nos
1356 3501 1512 3561 rogamus
1531 3485 1738 3559 Magistrum,

90 3585 148 3648 luit
163 3585 279 3662 petitio
294 3584 471 3646 ambitiosa
482 3587 516 3647 et
529 3585 627 3662 plena
640 3585 729 3646 omni
741 3586 887 3648 humana
942 3580 1082 3643 forsitan
1103 3583 1300 3643 oaeterorum
1324 3582 1424 3643 corda
1447 3582 1586 3643 fratrum
1614 3596 1741 3641 concu-

88 3683 196 3743 laude.
212 3683 320 3744 Maria
336 3682 533 3758 Magdalena
548 3698 615 3744 non
630 3682 743 3744 taliter
758 3684 885 3760 petivit,
941 3679 1074 3751 tlemus,
1096 3680 1129 3741 et
1143 3678 1220 3740 dum
1239 3678 1336 3740 nohis
1351 3678 1479 3740 duobus
1494 3678 1647 3739 volumus
1660 3693 1742 3755 pro-

88 3781 307 3857 etpropterea
329 3780 531 3856 impetravit,
557 3780 635 3857 qnia
657 3796 716 3858 per
736 3796 772 3842 se
791 3796 883 3842 acce-
941 3775 1067 3849 videre,
1087 3777 1174 3839 inter
1193 3792 1308 3838 omnes
1334 3776 1526 3838 scandalum
1542 3775 1739 3848 excitamus,
1829 3768 1842 3849 J

88 3875 168 3938 dens
192 3878 403 3954 peccatorum
428 3892 563 3938 suorum
583 3877 715 3939 veniam
735 3879 887 3955 postula·
942 3875 1020 3952 quia
1036 3874 1099 3936 etsi
1114 3874 1222 3937 sancti
1239 3876 1327 3945 sunt,
1351 3875 1462 3936 tamen
1478 3873 1630 3935 homines
1653 3872 1740 3934 sunt.

88 3975 145 4045 vit,
163 3978 196 4036 et
211 3975 331 4036 animae
344 3974 484 4035 salutern
498 3975 670 4036 humiliter
684 3976 884 4053 imploravit.
946 3975 1032 4048 Ergo
1048 3972 1280 4033 submittamus
1294 3972 1433 4034 matrem
1455 3972 1614 4044 nostram,
1632 3974 1668 4032 ut
1682 3986 1742 4031 suo

87 4072 158 4134 Tali
188 4072 285 4133 modo
313 4071 477 4132 orandum
500 4074 553 4134 est
575 4073 608 4133 et
634 4072 823 4149 petendum,
851 4075 889 4135 ut
943 4070 1077 4131 nomine
1087 4070 1352 4147 depreceturpro
1363 4068 1468 4130 nobis.
1479 4069 1518 4130 nt
1527 4069 1555 4130 si
1567 4083 1633 4129 non
1642 4083 1743 4129 exau·

88 4170 253 4247 pertineat
268 4169 308 4230 ad
324 4169 484 4231 honorem
506 4170 578 4243 Dei,
604 4171 637 4232 et
651 4172 772 4233 animae
797 4171 889 4232 salu·
943 4166 1042 4228 dierit
1071 4183 1161 4238 eam,
1191 4167 1290 4229 facile
1316 4168 1465 4228 meretur
1489 4166 1635 4237 veniam,
1664 4165 1743 4242 quia

88 4271 153 4329 tem
170 4269 323 4345 spectare
336 4266 578 4345 comprobetur.
943 4264 1072 4325 mulier.
1099 4267 1174 4340 lpse
1197 4265 1287 4325 enim
1314 4280 1415 4325 sexus
1435 4265 1573 4325 excusat
1594 4278 1679 4324 eam.
1707 4262 1743 4324 si

128 4365 309 4427 Zebedaeus
329 4364 569 4442 interpretatur
590 4366 750 4429 memoria
764 4366 835 4439 Dei,
856 4369 889 4429 et
944 4364 1054 4423 autem
1069 4378 1134 4423 non
1151 4362 1252 4423 tuerit
1264 4362 1465 4439 importuna,
1487 4360 1620 4423 facilius
1634 4361 1743 4437 impe-
1858 4362 1870 4377 ⁸

89 4463 257 4540 significat
279 4462 457 4540 quemlibet
478 4463 696 4525 christianum
711 4463 768 4540 qui
793 4463 890 4526 debet
943 4459 1055 4521 trabit.

87 4560 212 4622 habere
237 4560 431 4621 memoriam
456 4561 514 4622 Dei
536 4562 570 4622 in
591 4561 734 4638 quatuor
758 4560 888 4623 beneti-
985 4560 1092 4620 Mater
1110 4573 1171 4637 pro
1186 4558 1264 4619 tiliis
1279 4560 1374 4634 rogat
1397 4559 1434 4620 ut
1457 4557 1518 4618 tilii
1541 4557 1647 4634 prima
1670 4554 1744 4615 loca

87 4658 161 4731 ciis,
186 4658 316 4719 scilicet
339 4658 530 4730 creationis,
557 4658 806 4736 redemptionis,
836 4659 891 4720 ul·
944 4656 1032 4718 inter
1050 4655 1135 4717 alios
1158 4655 1294 4718 teneant
1316 4655 1351 4716 in
1370 4670 1485 4730 regno.
1514 4652 1608 4728 Apud
1639 4652 1743 4712 Deum

86 4756 159 4816 timi
176 4755 296 4833 judicii
311 4757 345 4817 et
359 4755 614 4831 glorificationis
630 4756 664 4817 in
687 4756 887 4818 coelestibus.
944 4755 1082 4816 nonest
1103 4754 1251 4831 acceptio
1272 4768 1505 4831 personarum,
1533 4753 1566 4811 et
1586 4749 1620 4809 in
1640 4762 1743 4823 regno

88 4856 136 4915 De
164 4853 345 4925 creatione,
375 4854 521 4931 qualiter
546 4854 700 4916 formavit
724 4854 890 4917 hominem
945 4852 1004 4913 Dei
1024 4868 1090 4912 non
1114 4852 1166 4913 est
1185 4851 1333 4911 sinistra.
1359 4848 1475 4909 Omnia
1491 4862 1564 4925 quae
1586 4845 1632 4906 ibi
1653 4846 1741 4917 sunt,

88 4951 130 5012 de
154 4951 303 5028 pulvere,
334 4952 368 5013 et
389 4951 467 5013 iecit
492 4952 630 5013 eumad
658 4952 836 5031 imaginem
858 4955 892 5016 et
945 4949 1111 5026 pertinent
1136 4948 1177 5008 ad
1204 4948 1385 5016 dexteram,
1417 4944 1449 5006 et
1469 4944 1544 5005 ideo
1569 4958 1635 5005 non
1659 4942 1744 5004 beno

88 5048 343 5111 similitudinem
368 5065 474 5122 suam,
505 5051 538 5112 ot
561 5051 687 5112 creavit
713 5051 831 5113 ooelum
858 5054 892 5114 et
945 5046 1087 5124 petebat.
1105 5046 1198 5107 Unde
1217 5045 1253 5105 in
1271 5043 1397 5121 psalmo
1414 5064 1422 5103 z
1439 5044 1531 5104 Ocaclt
1551 5044 1621 5103 met
1639 5055 1747 5116 super

87 5150 215 5209 terram
233 5147 266 5208 et
280 5145 392 5206 omnia
407 5162 480 5222 quae
505 5148 717 5209 continentur
738 5147 774 5208 in
795 5164 892 5210 crea·
945 5147 1060 5217 fideles
1093 5145 1218 5215 terrae,
1254 5142 1293 5203 at
1326 5140 1469 5202 sedeant
1502 5142 1538 5201 lat
1571 5154 1744 5201 marin...

88 5245 191 5306 tione.
229 5246 277 5305 De
303 5243 546 5321 redemptione,
577 5246 721 5323 qualiter
748 5262 808 5324 pro
836 5262 891 5309 re·
947 5243 1032 5324 (Ps'
1050 5244 1122 5314 100,
1157 5241 1203 5319 a).
1233 5239 1415 5317 Respondit
1443 5241 1540 5301 lesus
1569 5236 1659 5309 tiliis,
1679 5252 1745 5298 non

88 5341 281 5419 demptione
296 5341 411 5402 nostra
423 5341 560 5403 tradidit
574 5357 610 5403 se
625 5343 733 5420 ipsum
748 5345 783 5405 in
798 5345 891 5421 pati·
946 5341 1044 5402 matri
1067 5362 1073 5400 :
1095 5340 1244 5402 Nescitis
1267 5340 1348 5412 qactd
1370 5336 1499 5410 paratas
1526 5333 1657 5414 (matth.
1684 5349 1743 5407 xx,

89 5439 204 5501 bulum
234 5438 355 5500 crucis.
372 5439 447 5499 Non
472 5454 601 5511 aurum,
625 5455 691 5500 non
718 5443 891 5517 argentum
946 5439 1011 5519 22).
1042 5440 1151 5509 Quare
1179 5434 1350 5513 respondit
1379 5433 1459 5493 tiliis
1486 5434 1519 5493 ot
1545 5448 1610 5493 non
1627 5431 1746 5492 matrii

89 5537 183 5599 dedit
199 5550 261 5616 pro
280 5536 393 5597 nostra
413 5537 652 5615 redemptione,
678 5538 735 5600 sed
758 5541 891 5618 proprio
947 5537 1030 5610 Quia
1045 5536 1152 5597 mater
1161 5533 1203 5594 ad
1217 5532 1464 5609 instigationem
1480 5530 1624 5591 tiliorum
1637 5527 1742 5606 petiit.

91 5635 160 5698 tilio
185 5652 248 5697 suo
274 5650 341 5697 non
366 5635 514 5714 pepercit
538 5638 637 5709 Deus,
664 5636 803 5711 scilicet,
831 5655 891 5717 pro
947 5639 986 5699 nt
1000 5634 1077 5714 quia
1090 5632 1210 5706 mulier
1222 5631 1351 5709 fragilis
1366 5630 1449 5699 orat,
1465 5627 1572 5691 noluit
1586 5627 1617 5689 ei
1633 5625 1744 5688 iacere
