3802 6166
694 317 924 381 EPISTOLAE.
947 316 1026 381 LIB.
1050 318 1091 381 11.

404 504 535 595 dxcv

65 640 122 699 Ad
138 638 276 701 abbates
289 640 331 701 de
349 640 515 714 Josapbat
531 640 565 703 et
578 642 737 715 33333333
750 642 869 704 soracti

209 737 312 798 Petri
324 738 545 799 comaclensis
561 738 727 800 dioecesis.

358 859 392 917 10
407 858 488 932 april.
505 859 584 917 1118.

100 962 221 1027 [Regem.
231 961 276 1015 lib.
290 965 321 1023 ll,
332 964 404 1029 epist.
415 961 550 1016 13333133.
563 966 600 1016 La
610 964 688 1016 Porta
698 964 732 1015 da
743 964 836 1027 thail]

118 1069 236 1130 blandat
249 1077 281 1128 ut
292 1078 425 1128 tueantur
438 1078 536 1128 contra
548 1070 612 1144 ejus
625 1071 823 1129 molestatores

203 1159 408 1233 berengariam
424 1160 581 1233 anglorum
597 1160 739 1233 reginam.

110 1277 289 1349 Honorius,
300 1278 376 1349 333,
389 1277 519 1340 31133313
531 1275 647 1339 tiliis...
659 1278 699 1340 de
708 1277 870 1355 iosaphat

70 1375 105 1436 33
120 1374 233 1436 Sancti
246 1375 337 1437 Petri
351 1374 525 1438 abbatibus
544 1376 613 1439 et...
636 1374 740 1454 priori
756 1374 869 1437 Sancti

71 1470 164 1535 Petri
181 1470 370 1546 carnoten„
386 1473 449 1535 etc.

112 1571 194 1630 cum
213 1568 293 1630 olim
315 1585 358 1630 ex
372 1570 466 1647 parte
488 1568 670 1632 carissimae
684 1569 720 1631 in
739 1568 870 1631 Christo

69 1666 150 1727 tiliae
171 1666 293 1728 nostrae
308 1668 533 1743 Berengariae,
556 1666 721 1745 qnondam
741 1667 870 1743 anglo-

69 1778 145 1823 rum
160 1763 286 1838 reginae
308 1764 450 1826 illustris
465 1764 582 1827 luisset
598 1764 800 1842 propositum
817 1780 868 1827 co-

69 1875 142 1921 ram
155 1860 262 1933 nobis,
277 1861 363 1939 quod
378 1861 581 1923 venerabilis
599 1861 703 1924 trater
717 1864 867 1924 noster...

69 1958 245 2036 episcopus
264 1960 297 2021 et
311 1958 423 2021 dilecti
438 1960 536 2021 tilii...
553 1959 736 2023 decanus...
757 1958 871 2021 archi-

68 2054 232 2117 diaconos
247 2058 280 2119 et
294 2057 475 2134 capitulum
489 2059 723 2130 cenomanen,
735 2057 871 2120 maturi·

67 2155 137 2216 tate
151 2153 261 2215 debita
276 2168 342 2215 non
356 2156 499 2227 3333333,
516 2156 548 2216 33
562 2170 624 2216 333
635 2154 870 2234 jurisdictione

69 2249 255 2322 abutentes,
278 2248 445 2312 interdum
465 2252 648 2324 interram,
671 2252 704 2314 et
718 2251 869 2313 homines

70 2362 162 2419 suos,
178 2347 251 2409 sine
265 2347 442 2411 manifesta
454 2351 487 2410 et
501 2349 693 2411 rationabili
708 2364 820 2421 33333,
838 2348 871 2411 33

69 2444 268 2523 quandoque
282 2461 343 2523 pro
357 2446 480 2507 vilibus
498 2447 530 2507 et
544 2446 693 2508 minimis
711 2446 871 2524 33333313-

70 2541 181 2615 311333,
201 2542 288 2621 juris
310 2543 426 2606 ordine
441 2544 677 2621 praetermisso,
703 2542 870 2606 interdicti

69 2643 103 2703 33
117 2640 472 2703 excommunicationis
492 2641 673 2704 sententias
686 2641 871 2719 promulga-

69 2739 158 2811 rent,
170 2739 295 2800 motum
309 2737 412 2800 animi
423 2739 532 2816 333133
545 2753 643 2817 quam
657 2738 763 2800 zelum
776 2737 872 2800 33331·

69 2836 196 2897 3331313
211 2838 442 2914 exsequentes.
454 2839 523 2898 Nos
535 2836 594 2909 eis,
609 2852 651 2899 ne
662 2836 872 2916 jurisdictio-

70 2933 869 3012 nemsuamininjuriamconverterentaliorum,

70 3032 196 3093 nostris
207 3031 357 3093 dedimus
368 3031 870 3109 11333313133333333313,3331333

70 3128 243 3206 3333133333
258 3130 408 3207 reginam
421 3128 573 3191 homines
593 3145 733 3208 quoque,
750 3144 789 3189 ac
803 3130 872 3190 ter-

69 3242 144 3288 ram
158 3226 264 3304 ipsius
279 3224 517 3303 benignitatem
532 3228 565 3288 et
583 3224 871 3288 mansuetudinem

70 3340 172 3403 quam
196 3324 291 3387 decet
315 3324 437 3386 Christi
465 3325 635 3386 ministros
665 3323 798 3395 habere,
830 3322 871 3384 de

70 3424 193 3484 3333333
222 3422 432 3494 exhibentes,
466 3422 579 3484 taliter
608 3421 649 3482 ab
682 3420 871 3499 hujusmodi

70 3521 331 3598 praesumptione
346 3520 554 3590 desisterent,
572 3518 658 3597 quod
674 3518 705 3580 ei
724 3518 816 3579 nulla
830 3518 871 3579 de

71 3618 155 3696 ipsis
171 3618 358 3681 remaneret
364 3619 455 3696 justa
477 3616 517 3679 de
532 3616 614 3694 ipsis
628 3616 769 3678 materia
791 3631 873 3677 con·

71 3715 249 3793 querendi,
277 3717 311 3778 33
330 3729 391 3777 333
415 3714 457 3776 33
480 3715 721 3777 correctionem
749 3713 871 3775 abusus

70 3813 262 3891 huJusmodi
276 3828 342 3875 non
360 3828 555 3889 cogeremur
573 3826 740 3890 apponere
753 3827 872 3872 manus

71 3912 216 3972 nostras.
237 3912 361 3973 Verum
380 3910 480 3971 iidem
503 3913 703 3988 praeceptum
722 3911 872 3971 nostrum

71 4008 184 4069 surdis
207 4006 345 4069 auribus
366 4010 588 4081 transeuntes,
614 4008 700 4069 sicut
725 4005 872 4084 eJusdem

71 4106 200 4183 reginae
221 4107 341 4169 iterata
361 4106 565 4183 conquaestio
581 4105 746 4183 patefecit,
765 4105 872 4182 ipsam

71 4203 265 4265 multotiens
294 4204 328 4264 in
356 4203 536 4282 praedictis,
566 4203 679 4265 ethis
708 4202 873 4264 similibus

71 4302 200 4380 pluries
221 4301 366 4364 indebite
385 4302 619 4377 gravaverunt,
645 4302 679 4363 et
697 4300 807 4361 adhuc
831 4299 872 4361 ad

72 4415 254 4476 gravamen
271 4398 377 4476 ipsius
391 4401 442 4460 333
453 4413 567 4460 eorum
583 4414 700 4459 manus
722 4400 871 4471 extensa,

34 4570 38 4574 ¹
72 4513 149 4559 cum
172 4496 238 4575 ipsi
266 4495 497 4574 multipliciter
531 4495 687 4573 injuriosi
715 4495 871 4558 existant.

74 4594 169 4657 Unde
183 4594 280 4656 nobis
293 4594 465 4655 humiliter
477 4593 687 4671 supplicarit,
702 4594 739 4655 33
753 4609 827 4654 cum
842 4591 873 4654 ei

73 4692 175 4754 nimis
195 4692 443 4769 dispendiosum
465 4692 499 4753 33
522 4707 623 4769 grave
646 4707 706 4769 pro
732 4690 873 4767 singulis

74 4789 314 4868 quaestionibus
337 4790 378 4851 ad
400 4788 518 4850 sedem
540 4788 763 4865 apostolicam
782 4804 873 4849 nun-

72 4889 138 4951 tios
154 4887 334 4958 destinare,
362 4902 463 4963 super
490 4886 553 4948 hoc
575 4886 781 4947 indemnitati
805 4902 873 4947 333

74 4986 251 5064 providere
274 4986 314 5047 de
335 4984 540 5061 benignitate
558 4985 653 5045 Sedis
677 4984 874 5060 Apostolicae

74 5086 301 5161 dignaremur.
340 5083 503 5154 Quocirca
535 5081 730 5143 discretioni
755 5082 875 5143 uestrae

74 5196 135 5258 per
150 5180 339 5258 apostolica
353 5179 476 5256 scripta
494 5177 717 5256 praecipiendo
732 5177 874 5239 manda-

74 5294 161 5347 mus,
178 5278 341 5355 quatenus
357 5293 431 5340 cum
454 5292 473 5337 a
498 5275 637 5355 praelata
661 5276 779 5351 ragina
800 5273 876 5337 tue·

73 5376 149 5439 ritis
162 5375 326 5453 requisiti,
343 5373 547 5453 episcopum,
568 5373 741 5446 decanum,
764 5372 878 5434 archi-

75 5476 253 5535 diaconum
282 5473 315 5534 et
349 5471 532 5549 capitulum
571 5472 792 5543 memoratos,
822 5470 877 5530 vel

75 5587 193 5635 eorum
208 5569 398 5647 quemlibet,
427 5571 465 5631 ut
489 5567 677 5647 superbis,
707 5566 877 5647 inquibus

77 5670 194 5732 contra
217 5668 294 5730 illos
320 5666 362 5729 ad
383 5682 445 5731 333
465 5666 599 5729 duxerit
625 5664 873 5735 recurrendum,

1660 322 1721 385 702

922 478 1030 542 eidem
1044 476 1225 542 exhibeant
1237 494 1351 543 coram
1369 479 1465 545 33313
1472 480 1614 561 justitia
1628 498 1722 547 com-

923 576 1136 654 plementum,
1163 575 1346 640 monitione
1368 578 1544 656 praemissa
1561 596 1623 658 per
1640 596 1723 645 cea-

923 690 1036 736 suram
1062 674 1338 749 ecclesiasticam,
1373 677 1596 754 appellatione
1623 680 1720 757 post·

923 770 1045 849 posita,
1082 773 1301 849 compellatis.
1344 774 1459 836 'l'esles
1483 776 1620 846 333333,
1655 777 1718 838 333.
1837 764 1841 771 ’

924 868 1014 940 Quod
1033 868 1061 929 si
1079 885 1145 931 non
1165 885 1291 943 omnes,
1309 872 1385 944 333,
1402 871 1466 937 duo
1481 872 1639 946 vestrum,
1656 875 1719 935 etc.

963 966 1081 1027 Datum
1097 968 1253 1030 Laterani
1265 969 1383 1046 quarto
1403 969 1479 1031 idus
1498 971 1615 1049 aprilis
1632 986 1720 1035 anno
1762 1005 1765 1009 -
1886 986 1898 1003 “

924 1063 1080 1126 3333333.

1246 1172 1398 1261 CXCVI

1081 1314 1134 1375 Ad
1154 1310 1343 1389 3333331333
1360 1318 1562 1379 1333333333.

1209 1435 1244 1493 33
1255 1436 1337 1509 apen.
1355 1437 1434 1496 3333.

1002 1539 1187 1606 [1333331333.
1203 1541 1418 1689 1133113333εὲοοῖ
1428 1544 1644 1605 31313333313313,

1236 1628 1256 1673 3.
1283 1637 1333 1687 ,3.
1398 1660 1405 1675 .

969 1725 1015 1785 Ad
1027 1726 1217 1800 reparandam
1230 1729 1383 1787 ecclesiam
1396 1729 1528 1789 concedit
1545 1728 1673 1790 redditus

1084 1816 1302 1889 prebendarum
1313 1833 1364 1891 per
1376 1817 1448 1877 duos
1460 1832 1562 1878 annos.

963 1933 1318 2012 113333133331333333
1331 1951 1448 1997 servus
1462 1951 1635 1999 servorum
1648 1935 1719 2011 Dei,

924 2026 1053 2090 dilectis
1070 2027 1149 2089 31113
1164 2029 1205 2091 33
1219 2030 1365 2107 33313313
1379 2031 1563 2104 Bremensi,
1579 2033 1722 2095 salutem

924 2124 957 2186 33
968 2126 1185 2201 apostolicam
1206 2126 1483 2190 benedictionem.
1704 2138 1706 2143 ’

964 2223 1070 2293 Quum
1107 2223 1249 2285 ecclesia
1286 2227 1413 2297 vestra,
1451 2240 1512 2301 per
1544 2226 1722 2303 reprobum

924 2319 1168 2381 duademarum
1193 2321 1228 2382 in
1262 2321 1378 2383 multis·
1403 2323 1551 2398 graviter
1578 2324 1622 2386 sit
1647 2325 1721 2386 col-

924 2415 1033 2492 lapsa,
1067 2417 1235 2494 indulgeri
1267 2419 1363 2481 vobis
1391 2420 1562 2482 humiliter
1589 2422 1721 2499 suppli-

924 2514 1040 2587 castis,
1073 2516 1109 2576 ut
1143 2515 1185 2577 33
1215 2516 1403 2593 reparanda
1434 2517 1540 2594 ipsius
1570 2519 1722 2583 ecclesiae
1851 2524 1882 2535 ““

925 2613 1015 2673 sarta
1028 2612 1115 2674 tecta
1128 2614 1161 2675 et
1172 2614 1369 2685 revocanda,
1384 2631 1458 2691 quae
1471 2615 1578 2677 dictus
1591 2616 1724 2678 Gnade-

925 2724 1038 2769 marus
1057 2708 1212 2771 debonis
1234 2710 1382 2789 ejusdem
1403 2713 1535 2788 pignori
1550 2713 1721 2789 obligavit,

925 2807 958 2867 et
978 2822 1056 2867 suas
1071 2808 1289 2870 necessitates
1308 2809 1393 2870 alias
1412 2809 1622 2884 relevandas,
1643 2827 1724 2889 pro-

924 2905 1041 2965 333333
1057 2904 1197 2966 duarum
1212 2905 1465 2982 prebendarum
1477 2907 1627 2969 ecclesiae
1641 2924 1725 2985 praa·

924 3002 1042 3070 dictae,
1073 3018 1149 3064 cum
1181 3003 1216 3064 in
1251 3018 1291 3063 ea
1325 3002 1445 3079 viginti
1479 3007 1622 3082 quatuor
1656 3005 1724 3068 sint

925 3099 1122 3175 praebendae,
1148 3099 1243 3160 vobis
1258 3099 1444 3161 distrahere
1464 3100 1504 3162 de
1519 3104 1632 3164 nostra
1652 3118 1724 3179 per-

925 3197 1084 3257 missione
1110 3196 1236 3268 liceret,
1267 3196 1452 3272 praesertim
1481 3214 1556 3259 cum
1584 3201 1724 3261 canoni-

926 3310 1040 3355 corum
1055 3294 1217 3356 detectum
1231 3293 1384 3371 supplere
1399 3311 1459 3371 per
1470 3298 1629 3376 3333333333
1645 3296 1725 3357 3111-

925 3392 1071 3467 gentiam
1090 3394 1123 3453 et
1144 3390 1401 3453 sollicitudinem
1422 3393 1626 3469 proponatis.
1654 3394 1724 3455 Nos

926 3490 1028 3564 igitur
1054 3488 1174 3565 uestris
1197 3488 1351 3566 precibus
1375 3491 1575 3562 annuentes,
1604 3489 1637 3551 id
1663 3506 1724 3567 per

926 3587 1097 3648 biennium
1123 3586 1285 3649 duntaxat
1306 3585 1401 3648 vohis
1422 3587 1577 3648 duximus
1598 3603 1723 3650 conce-

926 3684 1079 3745 dandum.

966 3783 1085 3844 Datum
1105 3781 1274 3854 Laterani,
1296 3784 1325 3844 11
1344 3779 1419 3844 idus
1439 3781 1567 3860 aprilis,
1591 3780 1725 3861 pontill-

927 3880 1021 3942 catus
1035 3880 1141 3942 nostri
1156 3896 1244 3942 anno
1259 3879 1416 3942 secondo.

1241 4041 1415 4128 CXCVII

926 4187 979 4244 Ad
1016 4185 1206 4259 adolphum
1243 4186 1457 4259 episcopam,
1496 4182 1726 4258 praepositam

966 4282 1095 4343 montis
1108 4281 1245 4343 Sanctae
1259 4282 1443 4342 Gertradts
1456 4280 1491 4342 et
1507 4283 1666 4356 priorem
1685 4284 1726 4341 de

966 4381 1157 4456 Meligarde
1170 4380 1461 4454 ossenburgensis.

1215 4500 1248 4557 lt
1263 4499 1344 4572 april.
1363 4498 1441 4557 1118.

1006 4615 1191 4683 [1333331333
1206 4614 1418 4759 11333333ςί33ὴοῖ
1434 4614 1648 4675 Urlrundanbarh,
1763 4590 1772 4603 ⁸

1237 4699 1257 4747 t.
1273 4695 1293 4753 l,
1307 4710 1334 4759 p.
1349 4694 1403 4744 sol.

929 4795 1054 4866 Mandat,
1068 4802 1099 4853 ut
1112 4792 1573 4868 33133313333331333131333333
1587 4793 1727 4867 (archiep.

964 4884 1128 4957 Bromensi)
1152 4883 1318 4940 intrusionis
1345 4897 1406 4939 333
1429 4890 1557 4954 ternpore
1584 4881 1620 4939 de
1645 4882 1728 4941 bonis

964 4974 1128 5033 bremensis
1142 4972 1271 5030 33313313
1283 4972 1437 5027 3113333333
1448 4972 1491 5027 331
1505 4972 1727 5044 impignorotum

965 5063 1001 5120 od
1017 5062 1066 5136 jus
1082 5068 1111 5119 et
1130 5061 1333 5136 proprietatem
1350 5059 1433 5117 313333
1451 5059 1581 5117 ecclesie
1600 5060 1729 5133 legitima

966 5158 1110 5210 reuocent.

971 5267 1138 5330 lionorius
1172 5266 1369 5344 episcopus,
1402 5280 1520 5327 servus
1557 5281 1729 5328 servorum

931 5367 1006 5438 Dei,
1036 5364 1223 5428 venerabili
1244 5363 1341 5425 tratri
1364 5364 1519 5441 episcopo
1547 5366 1581 5426 et
1609 5364 1728 5426 dilecto

932 5465 1016 5537 tilio,
1047 5462 1225 5541 praeposito
1255 5460 1378 5522 montis
1403 5462 1533 5523 Sancta
1558 5460 1729 5522 Gertrudis

932 5565 964 5624 et
976 5561 1080 5640 priori
1096 5561 1136 5622 de
1151 5558 1334 5637 Meligarde
1347 5559 1630 5636 osenburgensis,
1643 5557 1730 5619 salu·

932 5663 998 5723 tem
1013 5660 1046 5721 et
1060 5658 1282 5737 apostolicam
1297 5655 1570 5720 benedictionem.
