3802 6166
120 274 177 336 157

118 447 181 510 per
192 428 375 509 apostolica
390 426 513 506 scripta
531 426 737 502 mandamus,
754 429 917 507 quatenus

119 530 156 590 in
170 526 359 605 adoptionis
373 526 475 587 filiam
491 525 702 602 recipientes,
717 541 797 602 erga
811 525 917 603 ipsam

115 626 216 704 juxta
248 623 352 687 vestri
388 623 515 685 ordinis
547 623 699 685 instituta
735 623 918 684 maximum

119 723 289 793 affectum,
310 723 344 784 et
365 720 520 783 effectum
543 720 584 781 de
598 722 708 783 cetero
723 735 840 797 gerere
853 721 919 782 stu·

119 821 240 892 dentis,
264 820 302 881 ut
323 818 408 897 ipsa,
438 817 577 879 Domino
601 818 791 896 adjuvante,
817 818 919 896 spiri-

118 917 266 979 tualibus
305 916 458 993 proficiat
491 915 720 987 incrementis,
757 916 791 977 et
821 915 917 976 bonis

120 1013 359 1092 temporalibus
381 1016 544 1089 augeatur
568 1030 576 1069 :
601 1029 725 1091 vosque
744 1013 830 1091 apud
852 1015 919 1074 Do-

122 1113 249 1174 minum
265 1111 430 1182 meritum,
456 1113 489 1174 et
503 1110 635 1172 laudem
658 1111 744 1188 apud
767 1111 918 1173 homines

120 1209 330 1287 comparetis.
344 1210 462 1271 Datum
474 1209 640 1281 Laterani,
653 1209 750 1271 nonis
756 1209 916 1287 januarii,

121 1307 333 1385 pontificatus
347 1306 452 1369 nostri
465 1322 553 1367 anno
568 1307 684 1383 primo.

121 1646 177 1705 Ad
213 1646 396 1718 episcopos,
430 1644 578 1712 abbates,
599 1645 741 1718 priores
769 1644 802 1705 ct
834 1645 919 1705 alios

159 1742 325 1816 prelatos
343 1744 567 1803 ecclesiaram
590 1756 655 1816 por
677 1742 920 1802 Lorubardiom

163 1842 367 1900 rcrrirersam
385 1839 599 1900 constitutos,

425 1952 441 2009 7
454 1950 514 2023 ian.
533 1951 611 2008 lali.

270 2075 389 2140 [Uglrelli,
401 2073 476 2125 ltalia
485 2088 566 2133 sacra,
577 2079 597 2124 t.
613 2075 655 2131 iv,
666 2089 692 2139 p.
704 2073 770 2139 llll]¹

121 2191 251 2259 Mandat,
275 2199 305 2250 ut
322 2193 470 2248 invasores
493 2197 521 2247 et
547 2191 744 2248 molestatores
762 2198 921 2247 corruamus

160 2281 196 2338 de
215 2279 409 2350 ldorimundo,
434 2281 550 2339 Cisterc.
573 2278 647 2349 ord,
672 2278 804 2338 llediola.
822 2279 919 2348 dioec,

159 2371 291 2429 censuris
304 2370 505 2428 ecclesiasticis
513 2376 706 2441 compescant.

164 2496 333 2559 Honorius
343 2497 528 2573 episcopus,
539 2511 655 2556 servus
665 2510 837 2557 servorum
847 2494 919 2568 Dei,

122 2593 371 2657 venerabilibus
384 2592 542 2655 fratribus
555 2592 732 2669 episcopis,
745 2594 777 2654 et
791 2592 921 2654 dilectis

125 2692 205 2753 filiis
220 2691 406 2760 abbatibus,
426 2691 593 2768 prioribus
613 2691 647 2753 et
665 2690 741 2750 aliis
761 2691 922 2751 ecclesia-

126 2806 202 2850 rum
222 2789 367 2866 praelatis
394 2804 453 2865 per
478 2787 709 2848 Lombardiam
731 2788 921 2849 universam

128 2885 325 2957 constitutis,
356 2886 555 2947 salutemet
580 2884 796 2962 apostolicam
819 2884 923 2945 bene-

128 2983 315 3045 dictionem.

166 3083 242 3142 Non
269 3081 393 3159 absque
417 3081 531 3142 dolore
563 3081 691 3150 cordis,
720 3081 754 3143 et
778 3080 921 3158 plurima

125 3179 317 3242 turbatione
336 3179 523 3251 didicimus,
542 3179 628 3256 quod
645 3179 690 3240 ita
705 3179 740 3239 in
755 3178 922 3256 plerisque

125 3278 275 3356 partibus
297 3277 523 3339 ecclesiastica
552 3292 693 3337 censura
717 3276 920 3346 dissolvitur,

125 3377 159 3437 et
174 3375 345 3436 canonicae
364 3375 537 3436 sententiae
552 3375 712 3435 severitas
732 3374 920 3445 enervatur,

126 3476 164 3535 ut
178 3473 241 3534 viri
258 3472 417 3548 religiosi,
433 3475 466 3534 et
481 3473 504 3533 ii
520 3471 676 3539 maxime,
693 3471 747 3548 qui
764 3470 922 3548 perSedis

126 3570 327 3648 apostolicae
348 3570 535 3646 privilegia,
565 3569 684 3646 majori
706 3567 819 3629 donati
848 3568 924 3629 sunt

127 3669 293 3739 libertate,
310 3669 433 3744 passim
452 3684 472 3728 a
495 3665 762 3728 malefactoribus
785 3665 855 3726 suis
869 3666 924 3727 in-

125 3766 235 3844 jurias
250 3765 446 3837 sustineant,
467 3766 501 3826 et
521 3765 670 3841 rapinas,
694 3764 771 3824 dum
792 3763 850 3824 vix
872 3763 925 3824 in-

128 3861 272 3933 venitur,
294 3863 349 3939 qui
368 3876 514 3936 congrua
534 3859 601 3920 illis
624 3860 827 3937 protectione
846 3857 926 3921 sub-

129 3960 252 4031 veniat,
288 3961 320 4019 et
355 3974 415 4035 pro
441 3957 581 4018 fovenda
616 3972 799 4033 pauperum
831 3957 926 4018 inno·

130 4057 255 4128 centia,
281 4072 317 4117 se
345 4072 476 4116 murum
509 4053 711 4115 defensionis
743 4056 888 4131 opponat
915 4075 922 4115 :

130 4154 321 4232 specialiter
335 4155 446 4214 autem
461 4152 573 4214 dilecti
587 4152 659 4225 filii,
676 4151 788 4223 abbas,
805 4152 838 4213 et
850 4167 926 4213 con·

131 4255 249 4314 ventus
263 4252 530 4322 delforimundO,
543 4250 771 4312 Cisterciensis
785 4249 923 4320 ordinis,

129 4347 925 4426 bieuliolanensisdioecesiS,tamdefrequentibus

129 4448 275 4527 injuriis
300 4463 397 4524 quam
419 4446 459 4507 de
479 4447 551 4523 ipso
580 4446 773 4523 quotidiano
796 4445 926 4507 defectu

125 4546 266 4622 justitia
293 4547 560 4624 conquerentes,¹
576 4543 827 4606 universitatem
850 4559 927 4605 ves-

130 4645 215 4705 tram
231 4643 350 4705 litteris
370 4642 536 4720 petierunt
557 4641 747 4718 apostolicis
771 4641 924 4713 excitari,

130 4742 166 4803 ut
189 4743 236 4803 ita
256 4741 411 4803 videlicet
431 4741 481 4802 eis
505 4740 539 4802 in
562 4739 832 4803 tribulationibus
855 4740 926 4801 suis

129 4840 245 4901 contra
274 4838 504 4900 malefactores
537 4853 652 4899 eorum
687 4840 839 4913 prompta
868 4837 928 4898 de-

128 4937 236 5000 beatis
252 4935 526 5012 magnanimitate
548 4950 761 5011 consurgere,
784 4935 870 5011 quod
885 4935 926 4996 ab

129 5034 310 5111 angustiis,
347 5050 430 5111 quas
465 5032 643 5105 sustinent,
678 5034 712 5093 et
746 5033 924 5110 pressuris,

128 5135 240 5196 vestro
257 5132 384 5209 possint
403 5130 558 5209 praesidio
580 5131 762 5206 respirarc;
786 5130 928 5207 ideoque

130 5229 342 5292 universitati
367 5230 488 5290 vestrae
510 5244 570 5305 per
595 5227 777 5305 apostolica
803 5228 926 5305 scripta

129 5328 338 5398 mandamus,
373 5328 472 5403 atquc
502 5326 723 5402 praecipimus,
765 5327 926 5402 quatenus

128 5427 220 5498 illos,
245 5425 302 5502 qui
324 5424 563 5501 possessiones,
577 5423 629 5484 vel
647 5439 712 5496 res,
729 5439 788 5483 seu
812 5423 927 5485 domos

95 5586 98 5590 ,
130 5523 367 5601 praedictorum
389 5521 540 5593 fratrum,
571 5521 624 5581 vel
651 5520 823 5583 hominum
849 5536 928 5583 suo·

130 5638 205 5682 rum
219 5621 443 5680 irreverenter
456 5618 652 5691 invaserint,
670 5620 727 5680 aut
749 5634 789 5681 ea
804 5618 927 5695 injuste

744 268 974 331 EPISTOLAE.
997 270 1075 331 bre.
1098 269 1124 329 1.

1627 212 1635 227 ·
1710 272 1789 337 158-

971 428 1184 501 detinuerint,
1200 440 1274 506 quae
1287 425 1456 506 predictis
1471 426 1629 493 debibus
1643 444 1686 493 ex
1698 430 1770 493 tes-

971 528 1118 590 tamento
1141 526 1368 589 decedentium
1389 526 1638 605 relinquuntur,
1656 544 1717 589 seu
1732 528 1768 591 in

972 624 1062 702 ipsos
1070 624 1190 686 fratres
1200 625 1315 686 contra
1324 625 1522 702 Apostolicae
1534 625 1629 688 Sedis
1640 624 1769 687 indulta

972 722 1169 785 senteutiam
1193 723 1556 796 excommunicationis,
1581 738 1640 785 seu
1657 723 1768 787 inter-

972 820 1052 882 dicti
1073 821 1345 898 praesumpserint
1362 822 1584 897 promulgare,
1599 821 1652 882 vel
1672 821 1769 883 deci-

972 934 1043 979 mas
1058 917 1209 979 laborum
1223 918 1264 981 de
1274 919 1540 996 possessionibus
1556 919 1677 980 habitus
1690 920 1769 981 ante

973 1015 1156 1077 Concilium
1178 1016 1346 1092 generale,
1366 1033 1425 1078 seu
1440 1016 1651 1079 nutrimentis
1676 1017 1769 1094 ipso-

973 1129 1058 1185 rum,
1086 1114 1205 1192 spretis
1230 1114 1429 1191 apostolica
1456 1115 1552 1177 Sedis
1583 1115 1770 1192 privilegiis

973 1210 1184 1286 extorquere,
1217 1211 1400 1274 monitione
1422 1212 1605 1288 praemissa,
1633 1211 1663 1272 si
1688 1210 1769 1271 laici

972 1306 1108 1380 fuerint,
1135 1308 1266 1385 publice
1285 1308 1433 1370 candelis
1454 1308 1606 1370 accensis
1632 1323 1770 1369 excom-

973 1403 1207 1464 municationis
1240 1403 1437 1465 sententiam
1467 1402 1705 1480 promulgetis,
1739 1401 1769 1463 si

973 1516 1052 1563 vero
1078 1501 1203 1572 clerici,
1232 1501 1285 1562 vel
1313 1499 1466 1562 canonici
1496 1500 1681 1577 regulares,
1709 1514 1770 1570 sau

974 1597 1131 1660 monachi
1146 1598 1281 1670 fuerint,
1304 1614 1374 1670 eos,
1392 1597 1617 1675 appellatione
1642 1597 1770 1658 remota

974 1696 1015 1757 ab
1028 1695 1138 1757 officio
1155 1697 1188 1758 et
1203 1695 1363 1757 beneflcio
1378 1695 1600 1771 suspendatis,
1616 1696 1771 1755 neutram

974 1793 1160 1856 relaxaturi
1174 1793 1382 1864 sententiam,
1395 1793 1498 1855 donec
1519 1791 1686 1869 praedictis
1701 1790 1772 1852 fra-

973 1891 1079 1953 tribus
1103 1891 1253 1968 plenarie
1281 1889 1490 1952 satisfaciant
1522 1891 1555 1952 et
1582 1892 1650 1951 tam
1679 1890 1771 1963 laici,

974 2006 1073 2068 quam
1088 1990 1167 2051 dicti
1182 1989 1370 2062 seculares,
1392 1989 1450 2066 qui
1463 2005 1522 2065 pro
1535 1988 1683 2051 violenta
1698 2004 1772 2051 ma-

974 2104 1077 2149 nuum
1092 2088 1281 2166 injectione,
1304 2087 1526 2148 anathematis
1547 2086 1681 2148 vinculo
1696 2086 1771 2148 fue-

974 2187 1042 2247 rint
1057 2185 1223 2258 innodati‚
1245 2202 1320 2247 cum
1341 2184 1521 2246 dioecesani
1543 2183 1689 2261 episcopi
1710 2184 1770 2246 lit·

974 2283 1055 2345 teris
1075 2283 1116 2344 ad
1139 2284 1256 2344 Sedem
1280 2282 1503 2360 apostolicam
1523 2282 1708 2355 venientes,
1728 2280 1771 2342 ab

975 2380 1090 2443 eodem
1111 2382 1245 2443 vinculo
1267 2380 1457 2442 mereantur
1478 2379 1627 2441 absolvi:
1645 2379 1685 2440 de
1699 2395 1773 2440 mo-

975 2479 1092 2540 nacbis
1118 2493 1209 2550 vere,
1242 2480 1275 2541 et
1304 2476 1473 2539 canonicis
1497 2476 1706 2554 regularibus
1737 2476 1772 2537 id

976 2579 1138 2649 servetur,
1153 2578 1190 2638 ut
1203 2577 1232 2637 si
1247 2576 1395 2654 eJusdem
1410 2575 1548 2637 claustri
1564 2574 1682 2636 iratres
1695 2590 1772 2634 ma-

975 2692 1037 2737 nus
1050 2675 1084 2735 in
1099 2691 1135 2736 se
1157 2674 1334 2751 injecerint
1347 2673 1521 2745 violentas,
1544 2688 1605 2750 per
1618 2672 1771 2733 abbatem

976 2774 1156 2852 proprium,
1175 2773 1298 2834 sivero
1325 2771 1425 2832 unius
1445 2770 1582 2832 claustri
1610 2770 1714 2832 frater
1735 2770 1772 2830 in

975 2872 1113 2935 fratrem
1140 2870 1276 2932 alterius
1302 2868 1439 2931 claustri
1476 2867 1667 2945 hujusmodi
1691 2882 1773 2944 prae·

976 2969 1154 3046 sumpserit
1162 2968 1355 3030 violentiam
1365 2981 1524 3028 exercere
1538 2981 1598 3043 per
1612 2965 1772 3042 injuriam

976 3068 1077 3145 passi,
1108 3067 1141 3128 et
1166 3065 1357 3137 inferentis,
1383 3064 1519 3125 abbates
1552 3062 1772 3124 absolutionis

976 3164 1173 3226 beneficium
1205 3163 1426 3240 assequantur
1457 3182 1465 3222 :
1495 3161 1627 3222 etiamsi
1656 3175 1772 3222 eorum

977 3261 1081 3339 aliqui
1094 3262 1287 3338 priusquam
1300 3259 1448 3321 habitum
1470 3257 1657 3335 receperint
1674 3272 1775 3333 regu-

977 3359 1081 3421 larem
1108 3358 1174 3420 tale
1204 3356 1330 3434 aliquid
1361 3356 1612 3426 commiserunt,
1640 3356 1775 3431 propter
1832 3354 1837 3363 “

978 3456 1063 3534 quod
1078 3456 1152 3531 ipso
1174 3456 1250 3516 actu
1270 3452 1623 3515 excommunicationis
1639 3453 1776 3512 senten-

977 3556 1058 3615 tiam
1089 3551 1321 3623 incurrissent,
1351 3551 1417 3611 nisi
1439 3565 1597 3611 excessus
1624 3549 1774 3625 ipsorum

978 3653 1066 3714 esset
1078 3650 1234 3721 difficilis,
1249 3651 1282 3711 et
1293 3648 1450 3719 enormis
1462 3649 1573 3723 utpote
1588 3646 1617 3707 si
1628 3646 1718 3707 esset
1731 3645 1774 3706 ad

978 3750 1220 3812 mutilationem
1243 3746 1394 3817 membri,
1422 3746 1475 3807 vel
1497 3744 1671 3821 sanguinis
1694 3742 1776 3803 effu·

979 3849 1107 3909 sionem
1128 3862 1320 3924 processum
1342 3846 1400 3905 aut
1422 3843 1568 3904 violenta
1595 3856 1713 3902 manus
1738 3840 1774 3899 in

980 3946 1170 4022 episcopum
1183 3945 1234 4006 vel
1250 3943 1400 4005 abbatem
1416 3941 1552 4019 inJecta,
1567 3956 1641 4001 cum
1662 3953 1778 3999 exces-

979 4060 1036 4105 sus
1048 4042 1143 4116 tales,
1158 4044 1191 4104 ct
1205 4042 1331 4103 similes
1348 4041 1421 4101 sine
1438 4038 1595 4101 scandalo
1608 4035 1776 4112 nequeant

979 4141 1155 4219 praeteriri.
1169 4140 1275 4201 Villas
1292 4139 1401 4200 autem
1415 4138 1449 4198 in
1461 4136 1580 4214 quibus
1590 4134 1677 4197 bona
1688 4148 1778 4210 prae-

979 4240 1142 4302 dictorum
1170 4237 1321 4309 fratrum,
1355 4236 1409 4297 vel
1441 4234 1612 4296 bominum
1638 4246 1774 4292 suorum

980 4352 1075 4415 per...
1091 4336 1222 4397 detenta
1242 4334 1377 4405 fuerint,
1391 4332 1539 4410 quandiu
1560 4330 1606 4392 ibi
1627 4329 1703 4390 sunt
1721 4328 1777 4389 in-

979 4435 1110 4499 terdicti
1123 4432 1295 4496 sententiae
1317 4429 1521 4507 supponatis.
1542 4428 1661 4489 Datum
1682 4427 1777 4487 Late-

980 4533 1066 4604 rani,
1094 4533 1153 4592 VII
1179 4530 1224 4591 id.
1248 4528 1410 4606 januarii,
1436 4525 1647 4606 pontificatus
1669 4520 1774 4583 nostri

981 4646 1068 4692 anno
1084 4630 1202 4708 primo.

1300 4751 1455 4838 CXXVI

1000 4908 1052 4967 Ad
1066 4907 1262 4980 episcopum
1275 4904 1309 4965 et
1321 4903 1508 4976 cepaticum
1529 4898 1754 4959 Lcdoveuscs.

1287 5006 1379 5079 ljan.
1402 5004 1480 5061 lali.

1012 5107 1133 5172 [ltcgcst.,
1145 5104 1191 5155 lib.
1204 5106 1223 5161 l,
1235 5103 1307 5169 epist.
1322 5102 1375 5152 llil.
1387 5102 1445 5152 llss.
1459 5101 1496 5151 La
1514 5099 1590 5149 Ponte
1603 5096 1637 5146 du
1649 5093 1745 5160 fructu.

981 5224 1123 5295 Episcopo
1142 5227 1170 5277 ct
1184 5218 1308 5292 capitulo
1317 5214 1531 5275 lodovensibus
1546 5211 1673 5279 mandat,
1686 5216 1718 5268 ut
1731 5223 1776 5265 ar·

1016 5310 1246 5368 cllidiaconatum
1266 5309 1295 5365 S.
1317 5305 1393 5364 Petri
1409 5302 1597 5370 lodovensis,
1617 5295 1778 5358 linimundo

1016 5399 1147 5472 scriptori
1159 5406 1187 5455 et
1202 5395 1334 5455 furniliari
1346 5410 1398 5452 suo
1410 5391 1580 5451 concedant.

1021 5515 1199 5586 Honorius,
1217 5516 1291 5586 etc,
1308 5510 1492 5575 venerabili
1514 5507 1609 5570 fratri
1622 5506 1779 5585 episcopo

981 5617 1015 5677 et
1026 5613 1156 5677 dilectis
1169 5612 1247 5673 tlliis
1260 5611 1404 5689 capitulo
1420 5608 1586 5670 Lodouen.
