3802 6166
120 346 182 409 toa

121 507 238 584 ceptis,
265 506 301 567 ut
320 504 443 566 dictum
470 504 505 563 B.
529 518 604 564 cum
626 501 696 564 suls
720 497 914 569 fautoribus,

122 604 264 680 singulis
279 602 395 663 diebus
408 601 581 663 dominicis
594 602 627 661 et
639 599 777 670 festivis,
798 597 916 676 pulsa-

122 704 166 764 tis
182 701 351 778 campanis
371 702 403 761 et
419 700 565 761 candelis
580 698 741 767 accensis,
759 712 818 772 per
841 711 917 756 ves-

120 801 192 861 tras
218 799 377 860 dioeceses
413 797 731 858 excommunicatum
765 792 917 854 laceretis

122 896 253 974 publice
279 894 425 957 nuntiari
452 894 492 955 ab
522 892 674 955 omnibns
700 891 824 951 arctius
846 888 918 949 evi-

121 994 271 1064 tandum,
290 995 322 1053 et
341 992 413 1053 loca
427 992 461 1052 in
478 991 596 1068 quibus
612 988 769 1067 praelatus
793 990 829 1048 B.
846 1002 918 1046 mo-

121 1108 194 1153 ram
209 1090 333 1151 laceret
352 1090 385 1149 et
399 1090 507 1167 puella
523 1088 609 1150 soret
625 1089 768 1157 detenta,
785 1082 916 1146 etiamsi

122 1190 165 1249 ad
181 1189 290 1266 partes
300 1187 385 1248 alias
396 1189 489 1248 extra
501 1190 631 1248 vestras
644 1184 803 1247 dioecesos
813 1183 919 1243 trans·

123 1286 277 1355 ferretur,
308 1286 529 1362 supponentes
559 1282 787 1345 ecclesiastico
812 1280 918 1342 inter-

123 1383 212 1443 dicto
240 1396 372 1443 cessare
396 1380 550 1443 laceretis
575 1380 709 1441 interim
734 1394 755 1439 a
782 1377 915 1449 divinis,

122 1483 298 1555 utramque
315 1479 514 1540 sententiam
537 1476 663 1538 tamdiu
682 1474 919 1536 inviolabiliter

122 1576 339 1649 observando,
357 1576 462 1637 donec
477 1575 562 1636 idem
575 1574 765 1652 praedictam
776 1574 820 1633 bl.
834 1571 919 1632 libe-

123 1691 195 1736 ram
223 1674 286 1751 ipsi
311 1674 500 1735 restitueret
514 1672 703 1743 comitissae,
724 1673 758 1733 et
772 1684 917 1745 congrue

123 1771 332 1833 satisfaciens
345 1772 386 1832 de
400 1771 597 1841 commissis,
616 1769 840 1832 reverteretur
854 1767 919 1827 bu·

124 1870 247 1931 militer
262 1869 302 1930 ad
319 1869 603 1931 conversationem
622 1868 795 1929 honestam
810 1868 843 1925 et
858 1863 918 1925 ob-

123 1968 346 2029 servationem
378 1966 504 2028 ordinis
532 1965 708 2027 clericalis.
735 1963 798 2025 Sed
827 1962 916 2033 licet,

121 2067 209 2126 sicut
229 2065 396 2127 comitissa
409 2064 566 2142 praedicta
585 2063 708 2125 nostris
720 2061 855 2123 auribus
871 2061 918 2122 in·

122 2164 264 2234 timavit,
295 2166 511 2225 memoratum
533 2165 569 2222 Β.
596 2160 917 2222 excommunicatum

121 2260 271 2321 feceritis
288 2261 454 2335 nuntiari;
472 2261 549 2337 quia
570 2259 730 2321 tamenin
753 2258 830 2319 aliis
851 2273 917 2318 non

121 2358 234 2418 minus
252 2360 450 2419 necessariis
475 2358 637 2419 nonestis
659 2357 807 2433 plenarie
831 2372 919 2432 prae-

122 2458 256 2532 ceptum
276 2456 501 2533 apostolicum
521 2456 682 2527 exsecuti,
704 2455 761 2515 ille
783 2454 919 2515 nonest

122 2570 278 2614 reversus
291 2552 330 2614 ad
347 2554 584 2630 percutientem
601 2569 648 2624 se,
667 2568 729 2614 nec
744 2551 918 2613 Dominum

122 2651 330 2713 exercituum
351 2652 536 2728 requisivit.
553 2650 628 2719 Sed,
642 2666 717 2711 cum
732 2649 776 2711 sit
795 2664 918 2710 nervus

124 2749 263 2817 terreus,
278 2749 392 2810 cervix
408 2752 480 2826 ejus
495 2753 527 2812 et
546 2750 637 2810 frons
658 2764 719 2808 sua
735 2764 839 2818 aenea,
858 2762 918 2808 nec

127 2846 238 2907 (livino
253 2848 372 2908 timore
387 2863 448 2908 nec
472 2848 617 2909 lrumano
642 2846 767 2924 pudore
782 2862 920 2923 percus-

127 2960 194 3015 sus,
219 2947 253 3007 ut
276 2944 328 3006 vel
351 2945 446 3021 signa
468 2945 688 3023 praetenderet
710 2944 916 3021 prenitentis3

125 3043 363 3119 propterquod
383 3043 520 3120 praelata
539 3043 718 3113 comitissa,
745 3040 859 3103 dolore
880 3058 919 3104 ac

125 3140 248 3200 rubore
261 3141 409 3212 contusa,
423 3142 524 3217 gemit
535 3158 570 3201 se
584 3157 730 3202 sororem
746 3156 839 3201 suam
853 3156 919 3201 non

125 3237 273 3313 potuisse
293 3239 453 3301 hactenus
468 3238 648 3300 retrabere:
674 3238 829 3313 utigitur
847 3254 921 3314 gra·

124 3337 201 3396 vior
216 3352 313 3412 poena
328 3339 452 3413 pungat
467 3353 563 3413 quem
580 3336 747 3413 poenitudo
760 3336 920 3397 hactenus

126 3450 193 3493 nrm
222 3435 431 3511 compunxit,
470 3434 670 3496 fraternitati
704 3436 824 3496 vestrae
862 3450 922 3511 per

125 3531 316 3606 apostolica
354 3532 477 3609 scripta
518 3533 659 3595 tirmiter
697 3532 921 3609 praecipiendo

126 3629 322 3689 mandamus
337 3632 510 3706 quatenus,
520 3632 617 3707 juxta
638 3630 827 3707 praecedens
840 3646 923 3707 prae·

126 3726 312 3787 decessoris
330 3729 434 3790 nostri
450 3730 661 3805 preceptum,
682 3730 797 3790 contra
820 3744 923 3805 saepe-

126 3824 251 3885 dictum
286 3826 489 3902 apostatam,
524 3826 654 3888 sublato
689 3826 922 3903 appellationis

127 3922 310 3995 obstaculo,
329 3923 692 4001 procedatis31taquod
715 3927 763 3986 tot
778 3926 810 3986 et
829 3926 921 3986 tanta

127 4020 278 4082 facinora
293 4038 352 4082 vos
372 4020 557 4081 abominari
576 4022 733 4098 probetis,
758 4025 791 4084 et
813 4023 921 4084 cemi-

126 4119 227 4179 tisssa
239 4118 377 4195 praelata
389 4135 490 4196 super
502 4119 564 4180 boc
577 4136 643 4180 non
651 4124 788 4195 cogatur
800 4121 922 4182 iterare

127 4216 309 4293 querelam,
324 4232 449 4293 nosque
462 4217 670 4278 rectitudinis
684 4219 803 4279 vestrae
814 4218 922 4280 zelum

128 4314 295 4391 possimus
313 4315 432 4376 merito
447 4315 688 4376 commendare.

169 4413 287 4472 Datum
302 4412 474 4488 Anagniae,
492 4415 568 4473 xlv
589 4412 655 4473 lral.
672 4414 815 4489 augusti,
837 4430 923 4491 pon-

127 4509 275 4571 titlcatus
290 4510 394 4571 nostri
409 4526 498 4571 anno
513 4511 631 4587 primo.

752 336 981 399 EPISTOLAE.
1004 335 1082 396 LIB.
1107 334 1131 395 Ι.

1271 499 1468 587 deduxit

1002 654 1054 713 dd
1065 652 1257 727 sigfridum
1273 653 1567 724 arcuteptscopma
1581 648 1733 723 Maean-

1303 748 1426 809 tiniam.

1271 868 1377 942 201'ulii
1392 869 1469 925 ltlt.

1096 984 1272 1047 [Wurdtweim
1286 986 1357 1035 Nova
1369 983 1442 1033 Subs.
1458 988 1477 1033 t.
1495 983 1537 1039 lll,
1549 997 1574 1045 p.
1590 980 1643 1045 tl]

971 1092 1087 1151 Mandat
1108 1092 1251 1151 llonorius
1271 1090 1486 1163 archiepiscopo
1509 1086 1721 1160 maguntinensi
1737 1092 1768 1143 ut

1006 1180 1078 1239 inira
1091 1182 1192 1254 viginti
1207 1179 1312 1238 diesin
1327 1195 1362 1237 eo
1373 1186 1448 1237 statu
1462 1179 1491 1234 in
1508 1192 1564 1249 quo
1579 1184 1640 1233 erat
1651 1183 1766 1233 senten·

1008 1272 1076 1327 tiam
1092 1269 1233 1327 interdicti
1248 1269 1284 1327 ab
1304 1269 1365 1341 ipso
1380 1268 1536 1324 relaxatam
1550 1264 1676 1322 reducat.

1010 1396 1178 1458 Honorius
1188 1395 1374 1473 episcopus,
1387 1409 1504 1454 servus
1514 1406 1685 1453 servorum
1695 1388 1765 1460 Dei,

971 1493 1154 1555 venerabili
1182 1492 1279 1555 tratri
1310 1490 1561 1567 archiepiscopo
1594 1487 1766 1563 Maganti-

972 1592 1066 1653 nensi
1078 1586 1765 1665 salutemetapostolicambenedictionem.

1012 1691 1116 1760 Quum
1131 1688 1172 1749 ad
1187 1703 1301 1764 proces
1316 1685 1517 1748 venerabilis
1531 1683 1645 1744 fratris
1660 1680 1769 1742 nostri

972 1786 1150 1862 Pragensis
1163 1785 1310 1861 episcopi
1321 1781 1629 1845 confirmaverimus
1639 1780 1771 1839 senten-

971 1885 1052 1946 tiam
1079 1883 1264 1954 interdicti,
1297 1898 1394 1959 quam
1418 1880 1505 1942 idem
1533 1875 1768 1955 episcopusin

972 1980 1140 2041 dioecesim
1154 1996 1259 2051 suam,
1275 1978 1388 2040 multis
1404 1977 1603 2055 provocatus
1622 1972 1767 2049 iniuriis,

972 2078 1204 2155 promulgavit,
1224 2078 1386 2137 miramur
1402 2091 1466 2151 qua
1486 2072 1646 2150 potestate
1661 2071 1769 2148 ipsam

971 2176 1125 2236 relaxare
1141 2174 1339 2237 sententiam
1354 2170 1604 2250 praesumpsisti,
1622 2183 1768 2246 praeser-

970 2274 1030 2335 tim
1045 2273 1323 2350 eodemepiscopo
1335 2273 1469 2348 propter
1481 2269 1543 2330 boc
1554 2266 1640 2344 apud
1652 2266 1768 2327 sedem

971 2370 1196 2448 apostolicam
1207 2369 1397 2439 constituto,
1414 2383 1511 2445 quem
1522 2365 1621 2427 etiam
1633 2363 1675 2424 ad
1691 2377 1771 2423 nos-

971 2471 1058 2531 tram
1073 2467 1284 2544 praesentiam
1303 2466 1513 2527 accedentem
1529 2462 1625 2524 nobis
1638 2476 1696 2538 per
1707 2459 1768 2520 lit·

972 2566 1063 2627 teras
1077 2568 1151 2627 tuas
1167 2565 1308 2626 sollicite
1326 2560 1573 2624 commendasti.
1597 2558 1690 2620 Unde
1708 2555 1770 2618 tibi

974 2663 1048 2723 sine
1063 2662 1217 2724 mandato
1228 2660 1410 2738 apostolico
1421 2660 1575 2720 relaxare
1587 2655 1770 2717 sententias

973 2761 1170 2822 auctoritate
1191 2758 1382 2835 Apostolica
1412 2756 1609 2817 roboratast
1636 2756 1708 2824 Quo
1736 2754 1770 2813 te

973 2860 1093 2929 vertes,
1119 2858 1156 2918 ut
1175 2858 1276 2917 tantae
1301 2853 1567 2931 praesumptionis
1591 2849 1767 2913 audaciam

974 2957 1111 3034 palliast
1126 2957 1162 3015 ln
1179 2971 1252 3031 quae
1271 2952 1372 3014 verba
1392 2952 1516 3030 poteris
1531 2950 1698 3012 declinare
1713 2962 1772 3007 cor

973 3056 1077 3125 tuum,
1095 3055 1130 3115 ut
1145 3052 1378 3113 excusationes
1398 3049 1593 3127 inpeccatis
1613 3045 1771 3109 excusest
1825 3120 1828 3127 Ι

974 3154 1080 3222 Quum
1121 3149 1313 3225 praedictam
1353 3146 1536 3207 relaxando
1571 3142 1770 3205 sententiam

974 3248 1070 3309 nobis
1093 3247 1252 3323 injuriam
1273 3245 1403 3315 leceris,
1424 3248 1458 3304 et
1475 3241 1715 3319 ipsoepiscopo
1730 3252 1771 3301 ac

974 3344 1210 3407 ecclesiasticae
1247 3342 1392 3403 libertati
1426 3355 1528 3416 grave
1563 3336 1772 3414 dispendium

975 3442 1200 3519 generaveris,
1218 3440 1364 3517 prolecto
1384 3440 1531 3499 nontam
1545 3433 1772 3513 objurgandus

976 3556 1078 3607 esses,
1092 3554 1191 3616 quam
1207 3538 1386 3598 severitate
1400 3535 1560 3596 canonica
1572 3528 1770 3609 puniendus.

977 3637 1039 3699 Sed
1057 3653 1116 3698 nos
1131 3636 1172 3696 ad
1187 3650 1346 3711 praesens,
1363 3631 1593 3709 objurgatione
1612 3627 1770 3699 contenti,

977 3733 1231 3812 perApostolica
1244 3732 1367 3808 scripta
1374 3730 1434 3791 tibi
1448 3726 1669 3806 praecipiendo
1682 3740 1774 3785 man·

976 3833 1103 3904 damus,
1115 3832 1278 3908 quatenus
1293 3829 1381 3890 intra
1395 3827 1515 3903 viginti
1526 3826 1597 3887 dies
1610 3826 1683 3901 post
1696 3838 1773 3883 sus-

976 3930 1160 4006 ceptionem
1181 3927 1405 4005 praesentinm,
1421 3923 1637 3986 excusatione
1656 3922 1689 3983 et
1707 3935 1773 3997 ap-

976 4029 1154 4106 pellatione
1177 4023 1394 4095 cessantibus,
1418 4022 1540 4084 iactum
1562 4021 1598 4081 in
1620 4036 1660 4081 eo
1684 4019 1774 4080 statu

976 4127 1126 4195 reducas,
1142 4125 1177 4185 in
1191 4140 1256 4201 quo
1268 4125 1340 4184 erat
1353 4121 1485 4199 quando
1499 4121 1585 4181 idem
1598 4118 1775 4195 episcopus

978 4224 1041 4285 iter
1050 4223 1193 4299 arripuit
1202 4222 1243 4282 ad
1257 4224 1404 4281 nostram
1413 4217 1624 4296 praesentiam
1635 4214 1775 4277 venien-

977 4322 1022 4393 di,
1045 4321 1155 4382 sciens
1174 4336 1235 4380 nos
1255 4318 1386 4380 dilectis
1408 4316 1487 4376 liliis
1511 4312 1721 4383 Eboracensi,
1740 4312 1773 4373 et

977 4416 1242 4481 Halsbrunnensi
1271 4414 1438 4492 prioribus
1464 4409 1713 4487 llerbipolensis
1739 4408 1773 4469 et

977 4515 1197 4578 lleistetensis
1232 4512 1385 4574 dioecesis
1417 4526 1476 4587 per
1510 4508 1632 4584 scripta
1659 4506 1773 4566 nostra

977 4614 1163 4683 mandasse,
1176 4613 1253 4674 utte
1262 4611 1296 4671 in
1304 4608 1450 4671 mandati
1461 4607 1566 4667 nostri
1577 4602 1774 4665 executione

978 4709 1210 4773 cessantemad
1220 4708 1252 4769 id
1262 4721 1502 4785 percensuram
1513 4701 1774 4765 ecclesiasticam

978 4807 1200 4885 appellatione
1215 4806 1341 4867 remota
1354 4801 1563 4879 compellant.
1576 4800 1694 4859 Datum
1709 4798 1775 4857 ite·

978 4905 1102 4967 rentini
1126 4906 1201 4965 Xltl
1224 4903 1298 4965 Kal.
1326 4916 1415 4976 aug„
1441 4898 1653 4976 pontificatus
1667 4894 1773 4956 nostri

979 5018 1068 5064 anno
1083 5003 1200 5079 prime.
