3802 6166
166 283 227 347 aas
456 256 459 261 ’
624 281 801 344 nononu
823 282 868 342 ιιι
890 280 1039 343 ornan.
1055 308 1096 327 -
1117 230 1364 344 snauonass
1747 284 1810 345 aas

144 504 147 509 .
168 441 290 504 christi
300 441 472 503 scientiam
482 441 680 518 accepimus,
691 441 770 503 utet
780 454 840 502 nos
855 455 963 517 quan·
1015 439 1167 514 interius,
1187 440 1232 503 ita
1247 440 1344 503 electi
1357 438 1611 501 amaritudinem
1627 441 1761 516 portant
1777 441 1812 502 in

168 539 274 617 doque
287 555 511 617 resurgamus
525 537 622 600 beato
639 539 798 615 Gregorio
808 537 960 599 dicente:
1016 552 1166 616 corpore,
1188 539 1394 615 spiritualem
1406 537 1613 598 dulcedinem
1629 540 1765 601 servant
1776 539 1812 600 in

168 638 352 699 «Ostendit
375 636 469 698 nobis
491 637 643 714 exemplo
658 637 743 713 quod
766 634 963 714 promiserat
1017 638 1136 697 mente.

168 734 203 795 in
216 735 363 811 praemio
376 733 462 794 »Est
472 733 575 808 igitur
585 733 719 810 quintus
730 747 842 793 ramus
853 746 963 793 resur·
1057 734 1209 806 Quotidie
1228 750 1379 811 sponsus,
1397 732 1493 805 idest,
1508 733 1658 794 Christus
1674 733 1815 794 descen-

167 833 272 894 rectio
284 830 417 905 Chrisli3
430 830 558 891 fructus
569 832 640 907 ejus
654 828 960 906 spiritusscientiae.
1017 831 1065 893 dit
1083 832 1119 893 in
1143 831 1274 892 hortum
1299 847 1431 902 nucum,
1448 830 1544 902 idest,
1557 831 1672 892 visitat
1694 831 1814 892 Eccle-

209 931 329 991 Sexlus
345 944 457 989 ramus
470 929 520 989 est
534 927 688 988 ascensio
703 926 841 1001 Christi;
863 927 896 988 θῖ
908 926 963 987 hic
1018 931 1101 991 siam
1117 945 1191 990 cum
1204 929 1356 990 ordinata
1370 929 1443 990 acie
1456 928 1661 1003 angelorum.
1678 928 1816 1005 Triplex

170 1026 385 1089 admirandus
409 1028 443 1088 et
461 1026 682 1097 necessarius,
708 1025 742 1086 in
762 1041 826 1102 quo
844 1024 965 1086 claruit
1018 1030 1068 1089 est
1079 1027 1196 1088 hortus
1211 1026 1246 1086 in
1261 1041 1326 1103 quo
1341 1026 1455 1087 electae
1471 1027 1592 1086 animae
1610 1026 1814 1102 spatiantur:

171 1125 629 1203 pietasDei,quandonatura
642 1123 698 1183 illa
711 1122 961 1200 qnaeaudierat:
1018 1125 1170 1186 molestia
1192 1123 1417 1200 corruptibilis
1432 1122 1519 1195 vitae,
1544 1123 1601 1200 qui
1622 1124 1672 1184 est
1698 1121 1815 1184 hortus

169 1227 277 1285 Tarra
292 1237 340 1294 θε,
359 1223 391 1283 et
405 1222 589 1284 interram
604 1224 678 1292 tots,
694 1219 811 1281 audire
822 1220 961 1280 meruit:
1018 1238 1151 1294 nucum,
1169 1222 1204 1282 in
1220 1238 1284 1299 quo
1300 1223 1452 1282 Susanna
1474 1221 1621 1295 lavatum
1638 1220 1816 1281 amoenitas

35 1394 41 1405 ⁸
167 1322 252 1382 Sede
272 1320 448 1381 adextris
462 1321 559 1379 meis.
578 1317 792 1378 Inhoceuim
811 1317 965 1395 apparuit
1014 1319 1234 1398 jucunditatis
1258 1335 1422 1396 supernae,
1440 1318 1495 1395 qui
1519 1319 1570 1379 est
1592 1318 1709 1379 hortus
1725 1318 1815 1378 deli-

167 1418 275 1495 gratia
289 1418 348 1478 Dei
365 1416 397 1478 in
414 1416 520 1489 nohis,
538 1432 612 1477 cum
625 1415 845 1492 nosmetipsos
859 1416 966 1476 trans·
1019 1418 1158 1487 ciarum,
1172 1418 1207 1477 in
1223 1431 1286 1494 quo
1303 1417 1437 1493 ponitur
1446 1415 1550 1476 Adam
1565 1417 1601 1476 ut
1612 1417 1769 1492 operetur
1783 1416 1816 1476 θῖ

167 1515 244 1578 ῖιιῖίῖ
260 1516 294 1576 1ιι
310 1512 503 1589 dignitatem
520 1513 641 1575 divinae
662 1514 801 1584 naturae,
823 1513 859 1574 ut
874 1527 966 1573 esse-
1020 1514 1198 1589 custodiat;
1224 1514 1331 1575 dulcis
1359 1514 1507 1574 suavitas
1523 1512 1664 1575 visionis
1693 1513 1816 1574 divinae

167 1628 241 1674 mus
256 1612 377 1673 iratres
397 1611 518 1672 Christi
540 1611 574 1671 in
590 1612 709 1672 natura
725 1609 918 1671 cohaeredes
930 1610 964 1669 in
1020 1614 1076 1691 qui
1091 1614 1142 1675 θεῖ
1155 1613 1272 1674 hortus
1287 1611 1475 1679 conclusus,
1489 1611 1524 1671 in
1539 1626 1603 1688 quo
1615 1610 1739 1686 loseph
1750 1609 1816 1671 sibi

167 1710 285 1788 gloria,
304 1709 430 1771 similes
444 1709 480 1769 in
494 1708 689 1769 haereditate
704 1706 827 1769 lutura.
845 1708 966 1768 Sextus
1020 1710 1135 1772 statuit
1169 1710 1417 1771 monumentum
1451 1708 1486 1768 in
1522 1710 1615 1784 petra
1652 1707 1814 1769 excisum.

168 1824 248 1885 ergo
258 1824 372 1870 ramus
382 1808 433 1869 est
442 1806 593 1868 ascensio
603 1805 737 1880 Christi3
747 1803 873 1867 tructus
881 1807 963 1883 ejus,
1020 1807 1142 1870 Munda
1158 1823 1288 1885 quoque
1303 1807 1506 1869 conscientia
1523 1821 1585 1882 pro
1602 1804 1653 1864 sui
1668 1805 1817 1866 diversi-

170 1907 306 1985 spiritus
322 1906 465 1983 pietatis.
1020 1907 1089 1968 tate
1101 1906 1162 1967 hos
1173 1906 1207 1966 in
1224 1920 1261 1966 se
1275 1905 1414 1980 suscipit
1425 1904 1549 1964 hortos.
1564 1905 1643 1963 Haeo
1656 1903 1708 1964 est
1718 1903 1817 1963 vinea

208 2005 374 2081 Septimus
407 2018 521 2064 ramus
555 2002 606 2064 est
636 2000 801 2080 judicium
831 1999 964 2072 Christi,
1021 2003 1152 2065 Domini
1168 2002 1322 2064 Sabaoth.
1341 2004 1419 2063 Haec
1439 2002 1489 2062 est
1502 2001 1595 2061 locus
1608 1999 1818 2060 deliciarum.

171 2100 302 2181 quando
326 2101 437 2161 veniet
454 2101 606 2178 judicare
631 2100 727 2161 vivos
750 2101 783 2161 at
804 2098 965 2166 mortuos,
1020 2104 1100 2163 Haeo
1112 2100 1162 2164 θεῖ
1176 2100 1292 2161 hortus
1307 2099 1482 2160 conclusus
1506 2099 1539 2159 et
1564 2096 1636 2159 lons
1652 2097 1816 2172 signatus.

170 2200 226 2261 uhi
238 2200 301 2260 erit
311 2199 410 2260 timor
419 2197 721 2273 intinitus3lructus
733 2201 815 2275 eJus,
827 2196 966 2273 spiritus
1023 2202 1060 2260 ln
1087 2198 1150 2259 hoo
1174 2197 1329 2274 paradiso
1363 2197 1440 2257 sunt
1467 2194 1603 2256 arbores
1631 2194 1755 2266 densae,
1782 2195 1818 2255 in

171 2297 312 2367 timoris,
330 2296 448 2372 dequo
467 2294 682 2356 dictumest:
715 2296 867 2372 Vigilate,
886 2295 968 2367 quic
1022 2312 1161 2375 quarum
1171 2294 1279 2356 medio
1288 2295 1364 2355 sunt
1374 2293 1480 2370 posita
1493 2292 1558 2353 duo
1567 2292 1656 2368 ligna
1670 2314 1677 2352 :
1689 2292 1819 2367 lignum

170 2395 310 2456 nescitis
318 2397 409 2455 diem
417 2407 525 2467 ιιθᾳιιθ
535 2397 658 2455 horam
668 2391 798 2471 (Matth.
807 2407 887 2463 xxv,
900 2388 966 2468 13).
1021 2394 1177 2456 videlicet
1194 2393 1283 2466 vitae,
1299 2394 1332 2454 et
1352 2391 1479 2467 lignum
1504 2389 1653 2452 scientiae
1680 2388 1761 2451 honi
1787 2390 1821 2452 et

211 2491 382 2568 Sapientia
404 2506 483 2566 ergo
498 2490 625 2565 liguum
640 2490 717 2550 vitae
733 2490 793 2561 est,
812 2488 889 2566 quia
909 2503 968 2565 per
1023 2491 1113 2554 mali.

170 2588 369 2665 sapientiam
384 2589 454 2659 Dei,
471 2602 545 2664 quae
569 2587 720 2648 Christus
734 2587 794 2657 est,
811 2584 967 2647 vivifica-
1061 2588 1169 2651 Arbor
1181 2589 1259 2651 vitae
1273 2588 1323 2650 est
1336 2587 1509 2665 illa,cujus
1520 2585 1618 2650 radix
1632 2584 1694 2647 luit
1707 2587 1817 2658 Jesse,

171 2686 227 2749 tur
241 2685 400 2747 Ecclesia.
419 2684 503 2755 Quia
518 2683 552 2744 iu
566 2683 722 2760 praesenti
734 2682 882 2744 vivificat
894 2697 968 2743 eam
1023 2686 1203 2748 seeundum
1218 2686 1300 2746 illud
1314 2686 1410 2747 lsaiae
1426 2706 1434 2745 ι
1450 2686 1530 2746 Erit
1545 2687 1651 2746 radiae
1659 2687 1767 2754 lesse,
1782 2682 1817 2744 et

173 2798 312 2860 corpore
327 2782 360 2843 et
374 2781 536 2857 sanguine
551 2796 623 2853 suo,
637 2784 670 2841 et
680 2778 881 2841 beatificabit
895 2794 968 2842 eam
1023 2788 1081 2859 qut
1094 2784 1261 2860 exsurget
1278 2798 1402 2860 repere
1415 2783 1546 2859 parites,
1559 2785 1596 2843 in
1609 2796 1688 2842 ercan
1699 2781 1820 2857 pentes

173 2896 234 2942 sua
243 2879 421 2957 praesentia
430 2879 464 2938 in
473 2877 596 2950 futuro,
609 2877 687 2954 quia
696 2876 883 2938 videbimus
893 2893 968 2939 eum
1022 2882 1209 2956 sperabunt
1222 2878 1331 2960 (Rom.
1347 2877 1480 2958 xv,12).
1496 2882 1648 2940 Truncus
1662 2894 1742 2939 vero
1758 2876 1822 2938 luit

173 2977 260 3039 facie
275 2977 316 3037 ad
336 2975 466 3048 faciem,
484 2975 582 3036 sicuti
606 2976 666 3036 θεῖ.
688 2974 869 3036 Ecclesiam
886 2974 970 3050 legi·
1024 2978 1190 3040 ahraham
1212 2980 1244 3040 et
1271 2978 1385 3040 David.
1406 2977 1499 3039 Unde
1522 2978 1556 3039 et
1578 2974 1721 3038 Abrahae
1740 2990 1821 3052 pro-

48 3144 51 3149 ,
108 3096 112 3103 ·
173 3090 248 3136 mus
268 3074 303 3134 in
322 3073 443 3134 Genesi
463 3087 523 3149 per
544 3071 736 3149 paradisum
750 3072 968 3148 designatam,
1025 3077 1163 3137 missum
1191 3075 1265 3138 est:
1282 3079 1470 3138 desemine
1495 3077 1555 3137 tuo
1581 3073 1822 3136 heraediceutur

174 3171 232 3232 uhi
254 3170 385 3243 dicitur,
412 3169 498 3247 quod
517 3170 681 3246 plantavit
699 3169 859 3231 Dominus
883 3171 970 3230 Deus
1025 3188 1143 3236 martes
1156 3174 1275 3250 pestes
1291 3172 1386 3251 (Gen.
1400 3187 1484 3244 1111,
1502 3170 1566 3251 18).
1581 3169 1757 3233 EtDavid:
1772 3173 1823 3230 Dc

173 3268 365 3348 paradisum
389 3267 568 3344 voluptatis
596 3283 616 3328 a
640 3266 820 3344 principio,
846 3267 881 3327 in
906 3282 970 3343 quo
1024 3272 1141 3347 [rareto
1168 3285 1234 3332 cen
1237 3271 1303 3332 tris
1338 3271 1388 3331 toi
1420 3284 1548 3345 porram
1573 3283 1681 3344 nuper
1704 3270 1823 3329 sedem

176 3367 285 3445 posuit
300 3364 466 3426 hominem
482 3380 579 3442 quem
599 3363 809 3441 formaverat.
832 3363 972 3425 Paradi-
1027 3370 1123 3430 taram
1138 3365 1208 3447 (Ps.
1226 3368 1294 3439 131,
1308 3365 1370 3446 11).
1385 3367 1482 3430 Rami
1496 3382 1539 3429 ex
1551 3366 1615 3428 hoc
1628 3367 1747 3427 trunco
1761 3380 1821 3425 as-

177 3480 234 3525 sus
249 3462 428 3541 voluptatis
452 3462 633 3523 Ecclesiam
653 3461 887 3537 siguificat,1n
907 3476 972 3538 qua
1026 3466 1204 3527 candentes
1221 3465 1376 3526 Salomon
1399 3466 1432 3526 et
1455 3464 1576 3542 reliqui
1600 3477 1822 3535 successores,

175 3561 317 3622 diversae
338 3561 415 3621 sunt
430 3559 612 3636 voluptatis
627 3558 875 3636 jucunditates:
896 3559 972 3619 aliae
1023 3564 1120 3640 Juxta
1132 3563 1215 3624 illud
1228 3561 1456 3639 evangelicum
1473 3563 1606 3622 :David
1620 3561 1737 3621 orclem
1754 3572 1822 3620 rex

175 3673 236 3736 per
251 3659 380 3734 copiam
401 3657 660 3733 scripturarum,
682 3655 758 3716 aliae
773 3671 833 3733 per
844 3655 974 3732 gratia·
1026 3661 1146 3737 perluit
1160 3664 1392 3732 Salomonem
1402 3659 1497 3734 virga
1512 3674 1555 3720 ex
1567 3658 1619 3718 his
1629 3657 1733 3719 ramis
1743 3671 1825 3733 pro-

173 3771 251 3818 rum
266 3753 514 3824 abundantiam,
532 3752 608 3813 aliae
629 3766 688 3828 per
701 3753 860 3814 virtutum
875 3752 974 3812 redo-
1028 3756 1122 3818 diens
1133 3759 1235 3833 Virgo
1249 3757 1368 3828 Maria,
1378 3759 1476 3834 juxta
1489 3755 1572 3816 illud
1584 3755 1679 3815 isaiae
1693 3758 1827 3829 :Egre-

176 3852 326 3922 lentiam,
339 3848 415 3910 aus
430 3864 490 3926 per
499 3848 714 3924 multiplicem
726 3847 887 3910 nouorum
900 3863 974 3925 ope
1028 3856 1144 3915 eletio·
1163 3859 1265 3931 calpa
1290 3858 1330 3917 ne
1353 3856 1470 3915 raone
1493 3856 1590 3914 resse
1619 3850 1675 3929 (rs.
1702 3866 1751 3919 ιι,
1778 3848 1824 3929 ι).

175 3965 251 4012 rum
279 3946 512 4018 differentiam,
540 3945 616 4006 aliae
638 3944 673 4005 in
698 3945 974 4023 contemplatione
1028 3954 1107 4013 Haec
1133 3953 1183 4013 θεῖ
1211 3952 1307 4028 virga
1341 3955 1466 4023 aaron,
1495 3966 1584 4027 quae,
1614 3948 1692 4010 licet
1723 3947 1828 4008 suerit

178 4046 296 4124 patriae
318 4042 499 4104 coelestis...
525 4043 705 4103 Possumus
726 4057 817 4118 ergo,
841 4042 972 4116 iratres,
1029 4049 1122 4110 arida
1149 4048 1189 4109 ab
1213 4048 1351 4109 humore
1366 4047 1467 4116 virili,
1485 4046 1593 4107 subito
1616 4046 1823 4120 tameuger-

177 4142 267 4204 hunc
284 4139 474 4217 paradisum
491 4137 676 4214 intelligere
692 4139 848 4200 Sanctam
861 4140 976 4202 Eccle-
1030 4162 1104 4208 men
1117 4146 1253 4223 protulit
1266 4147 1299 4207 et
1320 4146 1353 4207 in
1370 4145 1511 4206 fructum
1526 4142 1663 4204 uberius
1678 4142 1826 4220 pullula-

178 4240 263 4301 siam
289 4235 552 4308 immaculatam,
573 4235 669 4308 idest,
686 4238 975 4313 congregationem
1029 4245 1086 4305 vit.
1103 4246 1182 4305 Haec
1200 4243 1295 4319 virga
1320 4242 1443 4314 floruit,
1458 4241 1605 4303 fronduit
1628 4242 1661 4303 et
1687 4239 1827 4317 protulit

179 4336 325 4398 fidelium
341 4349 408 4395 uon
422 4332 600 4394 habentem
616 4333 791 4407 maculam,
806 4350 976 4412 nequeru·
1030 4340 1182 4413 fructum,
1201 4341 1278 4418 quia
1301 4342 1401 4401 Beata
1415 4340 1518 4415 Virgo
1543 4340 1650 4400 Maria
1670 4336 1823 4410 credidit,

180 4449 267 4511 gam,
288 4432 366 4510 quia
390 4431 528 4508 pulchra
552 4432 602 4493 est
624 4432 658 4492 θῖ
676 4431 807 4495 decora.
831 4433 975 4494 Pulchra
1030 4438 1182 4514 concepit
1198 4439 1231 4499 et
1243 4438 1371 4515 peperit
1382 4437 1560 4499 Christum.
1578 4436 1699 4497 Cortex
1713 4434 1748 4494 in
1763 4434 1828 4494 hac

181 4531 313 4610 quidem
327 4531 363 4591 ut
375 4529 466 4600 luna,
477 4529 582 4590 electa
597 4528 634 4591 ut
648 4529 709 4591 sol.
719 4532 798 4591 Haec
812 4531 863 4592 est
877 4546 977 4607 para·
1030 4535 1148 4597 arbore
1169 4532 1304 4596 inerunt
1326 4534 1445 4607 sancti,
1457 4536 1554 4611 jnxta
1568 4532 1649 4594 illud
1669 4530 1828 4593 Cantico-

180 4629 273 4690 disus
292 4627 483 4704 voluptatis.
507 4627 586 4688 Haec
600 4628 651 4688 est
672 4627 761 4688 enim
782 4626 882 4688 arbor
904 4627 973 4700 illa,
1031 4649 1104 4694 rum
1121 4632 1238 4694 :Sicut
1256 4633 1379 4694 cortex
1400 4635 1483 4694 mult
1505 4634 1623 4706 puniet
1646 4644 1744 4706 petua
1760 4629 1829 4688 ture

181 4724 471 4794 scilicetEoelesia
494 4724 529 4785 in
546 4739 610 4802 qua
630 4723 810 4785 secundum
829 4725 975 4786 Danielis
1031 4729 1138 4809 (Cant.
1154 4745 1199 4802 vr,
1218 4727 1265 4808 6),
1289 4729 1386 4802 idest,
1410 4729 1516 4790 sancti
1540 4727 1596 4805 qui
1619 4742 1655 4787 se
1675 4726 1830 4802 affligunt

180 4827 344 4889 visionem
359 4824 470 4886 omnia
485 4824 553 4885 tam
566 4823 735 4895 animalia,
750 4822 846 4895 idest,
863 4822 975 4884 homi·
1031 4826 1071 4888 ad
1096 4827 1347 4888 similitudinem
1372 4827 1505 4888 Christi.
1537 4823 1641 4895 Folia,
1669 4822 1772 4884 verba
1792 4823 1827 4883 et

178 4939 238 4985 nes
254 4923 366 4991 activi,
381 4938 479 4999 quam
494 4921 654 4994 volatilia,
666 4920 763 4994 idest,
780 4921 977 4997 contempla·
1031 4925 1181 4988 doctriua
1197 4923 1330 4997 Christi,
1341 4927 1438 5002 juxta
1452 4922 1532 4984 illud
1548 4920 1673 4984 Psalmi
1691 4941 1699 4980 ε
1715 4921 1762 4981 Et
1774 4922 1831 4995 so-

180 5020 242 5084 tivi
260 5019 484 5096 requiescunt,
498 5022 531 5081 et
539 5020 642 5081 vitam
651 5017 773 5081 hahent
781 5035 823 5080 ex
835 5034 886 5090 ea,
899 5018 976 5095 quia
1031 5028 1115 5086 itum
1138 5026 1214 5095 ejus
1232 5038 1301 5084 nort
1322 5022 1452 5084 cenare
1470 5018 1577 5098 (Psi,
1592 5017 1638 5098 3).
1656 5018 1733 5079 Flos
1747 5031 1829 5078 vero

181 5119 251 5181 tam
274 5115 376 5176 activi
390 5130 488 5191 quam
504 5114 751 5192 contemplativi
766 5130 832 5176 non
855 5113 979 5177 hahent
1031 5123 1103 5198 ipse
1118 5120 1281 5192 Christus,
1298 5120 1354 5197 qul
1377 5118 1417 5180 de
1431 5134 1467 5179 εθ
1481 5117 1590 5194 inquit
1608 5117 1643 5176 in
1656 5114 1804 5176 canticis
1820 5135 1829 5174 ι

184 5215 328 5292 quietern
345 5211 410 5271 nisi
428 5210 464 5270 in
477 5209 592 5272 umbra
610 5211 740 5273 arboris
760 5211 870 5287 huius,
893 5212 978 5274 idest
1032 5221 1105 5294 Epo
1113 5216 1295 5289 floscumpt
1303 5216 1450 5278 etlilium
1459 5215 1665 5276 coliculiium
1672 5210 1781 5291 (Cant.
1792 5225 1829 5281 11,

183 5314 219 5374 in
234 5308 394 5372 Ecclesia.
411 5309 491 5370 Haec
502 5309 553 5370 est
564 5307 680 5370 hortus
694 5324 816 5372 nucum
830 5308 866 5372 in
881 5324 978 5388 quem
1033 5311 1077 5392 l).
1096 5311 1283 5374 Secundum
1295 5310 1381 5388 quod
1396 5311 1496 5373 etiam
1509 5309 1543 5370 in
1555 5306 1732 5386 prophetia
1743 5323 1833 5385 prae-

184 5406 355 5470 descendit
368 5421 520 5481 sponsus.
535 5407 658 5466 Hortus
673 5422 794 5467 nucum
806 5407 856 5467 est
870 5407 979 5468 Eccle-
1034 5412 1135 5472 missa
1145 5410 1285 5472 dicitur:
1302 5411 1348 5471 Et
1359 5409 1422 5480 llos
1434 5412 1475 5469 de
1489 5410 1606 5469 radice
1621 5408 1697 5478 ejus
1710 5420 1834 5467 escere-

185 5506 247 5567 sla.
259 5503 371 5565 Nuces
383 5503 590 5579 suntsingull
602 5503 710 5576 electi,
727 5505 806 5580 quia
818 5505 979 5566 sicutnux
1033 5500 1831 5585 det(ls.x1‚l).Eruciusautemsalushominum,

85 5660 88 5665 .
185 5600 441 5666 amaritudinem
463 5599 561 5663 hahet
584 5602 747 5673 exterius,
772 5602 979 5665 dulcedinem
1033 5604 1086 5666 vel
1101 5604 1170 5666 vita
1184 5606 1321 5674 aeterna,
1338 5601 1518 5664 secundum
1534 5597 1618 5677 quod
1636 5598 1833 5672 inEvange-
