<?xml version="1.0" encoding="UTF-8"?>
<!DOCTYPE html PUBLIC "-//W3C//DTD XHTML 1.0 Transitional//EN"
    "http://www.w3.org/TR/xhtml1/DTD/xhtml1-transitional.dtd">
<html xmlns="http://www.w3.org/1999/xhtml" xml:lang="en" lang="en">
 <head>
  <title>
</title>
<meta http-equiv="Content-Type" content="text/html;charset=utf-8" />
  <meta name='ocr-system' content='tesseract 3.04.00' />
  <meta name='ocr-capabilities' content='ocr_page ocr_carea ocr_par ocr_line ocrx_word'/>
</head>
<body>
  <div class='ocr_page' id='page_1' title='image "./mediiaevibiblio02horogoog_0595.png"; bbox 0 0 3794 6166; ppageno 0'>
   <div class='ocr_carea' id='block_1_1' title="bbox 118 329 179 389">
    <p class='ocr_par' dir='ltr' id='par_1_1' title="bbox 118 329 179 389">
     <span class='ocr_line' id='line_1_1' title="bbox 118 329 179 389; baseline 0 -1"><span class='ocrx_word' id='word_1_1' title='bbox 118 329 179 389; x_wconf 74' lang='lat' dir='ltr'>tia</span> 
     </span>
    </p>
   </div>
   <div class='ocr_carea' id='block_1_2' title="bbox 117 486 917 657">
    <p class='ocr_par' dir='ltr' id='par_1_2' title="bbox 117 486 917 657">
     <span class='ocr_line' id='line_1_2' title="bbox 120 486 917 566; baseline -0.001 -17"><span class='ocrx_word' id='word_1_2' title='bbox 120 490 235 550; x_wconf 77' lang='lat' dir='ltr'>Romae</span> <span class='ocrx_word' id='word_1_3' title='bbox 248 486 335 564; x_wconf 88' lang='lat' dir='ltr'>apud</span> <span class='ocrx_word' id='word_1_4' title='bbox 349 487 507 548; x_wconf 86' lang='lat' dir='ltr'>Sanctum</span> <span class='ocrx_word' id='word_1_5' title='bbox 521 490 655 551; x_wconf 89' lang='lat' dir='ltr'>Petrum</span> <span class='ocrx_word' id='word_1_6' title='bbox 670 488 788 566; x_wconf 91' lang='lat' dir='ltr'>quinto</span> <span class='ocrx_word' id='word_1_7' title='bbox 797 486 917 550; x_wconf 83' lang='lat' dir='ltr'>kalan-</span> 
     </span>
     <span class='ocr_line' id='line_1_3' title="bbox 117 585 553 657; baseline 0.005 -12"><span class='ocrx_word' id='word_1_8' title='bbox 117 586 181 646; x_wconf 88' lang='lat' dir='ltr'>das</span> <span class='ocrx_word' id='word_1_9' title='bbox 196 585 287 657; x_wconf 86' lang='lat' dir='ltr'>maii,</span> <span class='ocrx_word' id='word_1_10' title='bbox 302 599 389 646; x_wconf 88' lang='lat' dir='ltr'>anno</span> <span class='ocrx_word' id='word_1_11' title='bbox 400 586 553 647; x_wconf 85' lang='lat' dir='ltr'>secundo.</span> 
     </span>
    </p>
   </div>
   <div class='ocr_carea' id='block_1_3' title="bbox 459 746 577 834">
    <p class='ocr_par' dir='ltr' id='par_1_3' title="bbox 459 746 577 834">
     <span class='ocr_line' id='line_1_4' title="bbox 459 746 577 834; baseline 0 -1"><span class='ocrx_word' id='word_1_12' title='bbox 459 746 577 834; x_wconf 80' lang='lat' dir='ltr'>ccix</span> 
     </span>
    </p>
   </div>
   <div class='ocr_carea' id='block_1_4' title="bbox 131 881 902 954">
    <p class='ocr_par' dir='ltr' id='par_1_4' title="bbox 131 881 902 954">
     <span class='ocr_line' id='line_1_5' title="bbox 131 881 902 954; baseline -0.003 -12"><span class='ocrx_word' id='word_1_13' title='bbox 131 884 187 942; x_wconf 85' lang='lat' dir='ltr'>Ad</span> <span class='ocrx_word' id='word_1_14' title='bbox 207 883 374 943; x_wconf 59' lang='lat' dir='ltr'>monrium</span> <span class='ocrx_word' id='word_1_15' title='bbox 389 881 617 954; x_wconf 80' lang='lat' dir='ltr'>etcopttulum</span> <span class='ocrx_word' id='word_1_16' title='bbox 631 881 902 944; x_wconf 73' lang='lat' dir='ltr'>antissiodoren.</span> 
     </span>
    </p>
   </div>
   <div class='ocr_carea' id='block_1_5' title="bbox 140 992 898 1164">
    <p class='ocr_par' dir='ltr' id='par_1_5' title="bbox 140 992 898 1164">
     <span class='ocr_line' id='line_1_6' title="bbox 405 992 633 1064; baseline -0.004 -14"><span class='ocrx_word' id='word_1_17' title='bbox 405 993 439 1050; x_wconf 79' lang='lat'>27</span> <span class='ocrx_word' id='word_1_18' title='bbox 451 992 533 1064; x_wconf 88' lang='lat' dir='ltr'>april.</span> <span class='ocrx_word' id='word_1_19' title='bbox 553 992 633 1049; x_wconf 80' lang='lat' dir='ltr'>isis.</span> 
     </span>
     <span class='ocr_line' id='line_1_7' title="bbox 140 1097 898 1164; baseline -0.004 -14"><span class='ocrx_word' id='word_1_20' title='bbox 140 1099 264 1164; x_wconf 79' lang='lat' dir='ltr'>{Regest.‚</span> <span class='ocrx_word' id='word_1_21' title='bbox 277 1098 323 1148; x_wconf 89' lang='lat' dir='ltr'>lib.</span> <span class='ocrx_word' id='word_1_22' title='bbox 336 1099 366 1158; x_wconf 88' lang='lat' dir='ltr'>ll,</span> <span class='ocrx_word' id='word_1_23' title='bbox 377 1099 450 1162; x_wconf 86' lang='lat' dir='ltr'>epist.</span> <span class='ocrx_word' id='word_1_24' title='bbox 469 1098 537 1148; x_wconf 71' lang='lat'>¹035.</span> <span class='ocrx_word' id='word_1_25' title='bbox 552 1098 609 1148; x_wconf 83' lang='lat' dir='ltr'>llss.</span> <span class='ocrx_word' id='word_1_26' title='bbox 621 1099 657 1149; x_wconf 85' lang='lat' dir='ltr'>La</span> <span class='ocrx_word' id='word_1_27' title='bbox 672 1099 745 1149; x_wconf 86' lang='lat' dir='ltr'>Porta</span> <span class='ocrx_word' id='word_1_28' title='bbox 757 1097 792 1148; x_wconf 93' lang='lat' dir='ltr'>dn</span> <span class='ocrx_word' id='word_1_29' title='bbox 803 1097 898 1163; x_wconf 78' lang='lat' dir='ltr'>Thali]</span> 
     </span>
    </p>
   </div>
   <div class='ocr_carea' id='block_1_6' title="bbox 294 1196 743 1270">
    <p class='ocr_par' dir='ltr' id='par_1_6' title="bbox 294 1196 743 1270">
     <span class='ocr_line' id='line_1_8' title="bbox 294 1196 743 1270; baseline 0.002 -16"><span class='ocrx_word' id='word_1_30' title='bbox 294 1197 445 1255; x_wconf 85' lang='lat' dir='ltr'>Novalium</span> <span class='ocrx_word' id='word_1_31' title='bbox 463 1196 590 1256; x_wconf 84' lang='lat' dir='ltr'>decimas</span> <span class='ocrx_word' id='word_1_32' title='bbox 605 1196 743 1270; x_wconf 76' lang='lat' dir='ltr'><strong>indulget.</strong></span> 
     </span>
    </p>
   </div>
   <div class='ocr_carea' id='block_1_7' title="bbox 117 1305 920 2353">
    <p class='ocr_par' dir='ltr' id='par_1_7' title="bbox 118 1305 920 1480">
     <span class='ocr_line' id='line_1_9' title="bbox 162 1305 920 1378; baseline 0.001 -12"><span class='ocrx_word' id='word_1_33' title='bbox 162 1305 339 1378; x_wconf 85' lang='lat' dir='ltr'>lionorius,</span> <span class='ocrx_word' id='word_1_34' title='bbox 363 1307 438 1377; x_wconf 84' lang='lat' dir='ltr'>eto,</span> <span class='ocrx_word' id='word_1_35' title='bbox 455 1305 583 1368; x_wconf 89' lang='lat' dir='ltr'>dilectis</span> <span class='ocrx_word' id='word_1_36' title='bbox 605 1305 720 1367; x_wconf 89' lang='lat' dir='ltr'>liliis...</span> <span class='ocrx_word' id='word_1_37' title='bbox 738 1305 864 1367; x_wconf 88' lang='lat' dir='ltr'>decano</span> <span class='ocrx_word' id='word_1_38' title='bbox 886 1306 920 1367; x_wconf 88' lang='lat' dir='ltr'>at</span> 
     </span>
     <span class='ocr_line' id='line_1_10' title="bbox 118 1403 722 1480; baseline -0.002 -16"><span class='ocrx_word' id='word_1_39' title='bbox 118 1403 267 1480; x_wconf 90' lang='lat' dir='ltr'>capitulo</span> <span class='ocrx_word' id='word_1_40' title='bbox 281 1404 556 1476; x_wconf 70' lang='lat' dir='ltr'>antissiodoren„</span> <span class='ocrx_word' id='word_1_41' title='bbox 571 1403 722 1465; x_wconf 88' lang='lat' dir='ltr'>salutem.</span> 
     </span>
    </p>

    <p class='ocr_par' dir='ltr' id='par_1_8' title="bbox 117 1501 920 2353">
     <span class='ocr_line' id='line_1_11' title="bbox 162 1501 917 1579; baseline -0.001 -16"><span class='ocrx_word' id='word_1_42' title='bbox 162 1505 241 1563; x_wconf 89' lang='lat' dir='ltr'>Cum</span> <span class='ocrx_word' id='word_1_43' title='bbox 268 1518 288 1562; x_wconf 86' lang='lat' dir='ltr'>a</span> <span class='ocrx_word' id='word_1_44' title='bbox 310 1501 404 1563; x_wconf 90' lang='lat' dir='ltr'>nobis</span> <span class='ocrx_word' id='word_1_45' title='bbox 419 1503 541 1579; x_wconf 88' lang='lat' dir='ltr'>petitur</span> <span class='ocrx_word' id='word_1_46' title='bbox 564 1518 671 1577; x_wconf 81' lang='lat' dir='ltr'>usque</span> <span class='ocrx_word' id='word_1_47' title='bbox 686 1501 850 1563; x_wconf 83' lang='lat' dir='ltr'>effectum.</span> <span class='ocrx_word' id='word_1_48' title='bbox 872 1502 917 1562; x_wconf 85' lang='lat' dir='ltr'>Ea</span> 
     </span>
     <span class='ocr_line' id='line_1_12' title="bbox 120 1598 917 1680; baseline -0.005 -19"><span class='ocrx_word' id='word_1_49' title='bbox 120 1601 381 1680; x_wconf 74' lang='lat' dir='ltr'>proptereaque</span> <span class='ocrx_word' id='word_1_50' title='bbox 405 1615 559 1674; x_wconf 83' lang='lat' dir='ltr'>assensu3</span> <span class='ocrx_word' id='word_1_51' title='bbox 581 1600 727 1662; x_wconf 87' lang='lat' dir='ltr'>decimas</span> <span class='ocrx_word' id='word_1_52' title='bbox 746 1598 917 1661; x_wconf 87' lang='lat' dir='ltr'>novalium</span> 
     </span>
     <span class='ocr_line' id='line_1_13' title="bbox 119 1697 917 1774; baseline -0.003 -17"><span class='ocrx_word' id='word_1_53' title='bbox 119 1698 163 1759; x_wconf 93' lang='lat' dir='ltr'>de</span> <span class='ocrx_word' id='word_1_54' title='bbox 175 1698 275 1759; x_wconf 88' lang='lat' dir='ltr'>terris</span> <span class='ocrx_word' id='word_1_55' title='bbox 289 1699 322 1759; x_wconf 90' lang='lat' dir='ltr'>et</span> <span class='ocrx_word' id='word_1_56' title='bbox 337 1697 527 1758; x_wconf 89' lang='lat' dir='ltr'>nemoribus</span> <span class='ocrx_word' id='word_1_57' title='bbox 541 1698 661 1760; x_wconf 82' lang='lat' dir='ltr'>vestris</span> <span class='ocrx_word' id='word_1_58' title='bbox 677 1697 917 1774; x_wconf 75' lang='lat' dir='ltr'>propriisque</span> 
     </span>
     <span class='ocr_line' id='line_1_14' title="bbox 118 1793 920 1871; baseline -0.001 -17"><span class='ocrx_word' id='word_1_59' title='bbox 118 1793 285 1855; x_wconf 88' lang='lat' dir='ltr'>habuistis</span> <span class='ocrx_word' id='word_1_60' title='bbox 313 1796 389 1855; x_wconf 89' lang='lat' dir='ltr'>ante</span> <span class='ocrx_word' id='word_1_61' title='bbox 414 1795 597 1855; x_wconf 86' lang='lat' dir='ltr'>Concilium</span> <span class='ocrx_word' id='word_1_62' title='bbox 622 1794 798 1871; x_wconf 89' lang='lat' dir='ltr'>generale,</span> <span class='ocrx_word' id='word_1_63' title='bbox 822 1793 920 1870; x_wconf 88' lang='lat' dir='ltr'>prout</span> 
     </span>
     <span class='ocr_line' id='line_1_15' title="bbox 118 1889 918 1968; baseline -0.003 -16"><span class='ocrx_word' id='word_1_64' title='bbox 118 1891 314 1967; x_wconf 77' lang='lat' dir='ltr'><strong>redigentur</strong></span> <span class='ocrx_word' id='word_1_65' title='bbox 333 1892 368 1952; x_wconf 94' lang='lat' dir='ltr'>in</span> <span class='ocrx_word' id='word_1_66' title='bbox 386 1892 556 1968; x_wconf 90' lang='lat' dir='ltr'>posterum</span> <span class='ocrx_word' id='word_1_67' title='bbox 576 1890 618 1953; x_wconf 92' lang='lat' dir='ltr'>ad</span> <span class='ocrx_word' id='word_1_68' title='bbox 633 1892 808 1963; x_wconf 87' lang='lat' dir='ltr'>culturam,</span> <span class='ocrx_word' id='word_1_69' title='bbox 824 1889 918 1951; x_wconf 82' lang='lat' dir='ltr'>vobis</span> 
     </span>
     <span class='ocr_line' id='line_1_16' title="bbox 118 1988 915 2066; baseline -0.001 -17"><span class='ocrx_word' id='word_1_70' title='bbox 118 1988 162 2050; x_wconf 92' lang='lat' dir='ltr'>de</span> <span class='ocrx_word' id='word_1_71' title='bbox 176 1989 314 2066; x_wconf 89' lang='lat' dir='ltr'>speciali</span> <span class='ocrx_word' id='word_1_72' title='bbox 339 1989 448 2064; x_wconf 88' lang='lat' dir='ltr'>gratia</span> <span class='ocrx_word' id='word_1_73' title='bbox 470 1989 691 2064; x_wconf 83' lang='lat' dir='ltr'>indulgemus.</span> <span class='ocrx_word' id='word_1_74' title='bbox 714 1989 807 2050; x_wconf 82' lang='lat' dir='ltr'>Nulli</span> <span class='ocrx_word' id='word_1_75' title='bbox 824 2003 915 2064; x_wconf 90' lang='lat' dir='ltr'>ergo,</span> 
     </span>
     <span class='ocr_line' id='line_1_17' title="bbox 119 2087 916 2164; baseline -0.004 -16"><span class='ocrx_word' id='word_1_76' title='bbox 119 2087 197 2156; x_wconf 70' lang='lat' dir='ltr'>etc„</span> <span class='ocrx_word' id='word_1_77' title='bbox 213 2088 335 2147; x_wconf 90' lang='lat' dir='ltr'>nostrae</span> <span class='ocrx_word' id='word_1_78' title='bbox 359 2087 597 2159; x_wconf 89' lang='lat' dir='ltr'>concessionis,</span> <span class='ocrx_word' id='word_1_79' title='bbox 623 2089 685 2151; x_wconf 89' lang='lat' dir='ltr'>etc.</span> <span class='ocrx_word' id='word_1_80' title='bbox 703 2087 738 2148; x_wconf 89' lang='lat' dir='ltr'>Si</span> <span class='ocrx_word' id='word_1_81' title='bbox 761 2087 836 2164; x_wconf 93' lang='lat' dir='ltr'>quis</span> <span class='ocrx_word' id='word_1_82' title='bbox 851 2102 916 2146; x_wconf 91' lang='lat' dir='ltr'>au-</span> 
     </span>
     <span class='ocr_line' id='line_1_18' title="bbox 117 2184 917 2262; baseline -0.003 -16"><span class='ocrx_word' id='word_1_83' title='bbox 117 2187 197 2255; x_wconf 87' lang='lat' dir='ltr'>tem,</span> <span class='ocrx_word' id='word_1_84' title='bbox 209 2188 271 2246; x_wconf 89' lang='lat' dir='ltr'>etc.</span> <span class='ocrx_word' id='word_1_85' title='bbox 281 2185 396 2246; x_wconf 88' lang='lat' dir='ltr'>Datum</span> <span class='ocrx_word' id='word_1_86' title='bbox 404 2186 516 2246; x_wconf 88' lang='lat' dir='ltr'>Romae</span> <span class='ocrx_word' id='word_1_87' title='bbox 527 2184 654 2261; x_wconf 85' lang='lat' dir='ltr'>apudS.</span> <span class='ocrx_word' id='word_1_88' title='bbox 663 2184 917 2262; x_wconf 88' lang='lat' dir='ltr'>Petrumquinlo</span> 
     </span>
     <span class='ocr_line' id='line_1_19' title="bbox 119 2281 663 2353; baseline 0 -10"><span class='ocrx_word' id='word_1_89' title='bbox 119 2281 282 2344; x_wconf 80' lang='lat' dir='ltr'>kalendas</span> <span class='ocrx_word' id='word_1_90' title='bbox 296 2281 388 2353; x_wconf 91' lang='lat' dir='ltr'>maii,</span> <span class='ocrx_word' id='word_1_91' title='bbox 402 2297 491 2345; x_wconf 90' lang='lat' dir='ltr'>anno</span> <span class='ocrx_word' id='word_1_92' title='bbox 506 2281 663 2345; x_wconf 89' lang='lat' dir='ltr'>secundo.</span> 
     </span>
    </p>
   </div>
   <div class='ocr_carea' id='block_1_8' title="bbox 474 2438 570 2526">
    <p class='ocr_par' dir='ltr' id='par_1_9' title="bbox 474 2438 570 2526">
     <span class='ocr_line' id='line_1_20' title="bbox 474 2438 570 2526; baseline -0.021 0"><span class='ocrx_word' id='word_1_93' title='bbox 474 2438 570 2526; x_wconf 79' lang='lat' dir='ltr'>cali</span> 
     </span>
    </p>
   </div>
   <div class='ocr_carea' id='block_1_9' title="bbox 199 2575 834 2649">
    <p class='ocr_par' dir='ltr' id='par_1_10' title="bbox 199 2575 834 2649">
     <span class='ocr_line' id='line_1_21' title="bbox 199 2575 834 2649; baseline -0.009 -12"><span class='ocrx_word' id='word_1_94' title='bbox 199 2575 252 2637; x_wconf 81' lang='lat' dir='ltr'>Ad</span> <span class='ocrx_word' id='word_1_95' title='bbox 263 2575 461 2648; x_wconf 74' lang='lat' dir='ltr'>Philippum</span> <span class='ocrx_word' id='word_1_96' title='bbox 472 2576 691 2634; x_wconf 73' lang='lat' dir='ltr'>Francorum</span> <span class='ocrx_word' id='word_1_97' title='bbox 705 2587 834 2649; x_wconf 72' lang='lat' dir='ltr'>recem.</span> 
     </span>
    </p>
   </div>
   <div class='ocr_carea' id='block_1_10' title="bbox 409 2685 636 2758">
    <p class='ocr_par' dir='ltr' id='par_1_11' title="bbox 409 2685 636 2758">
     <span class='ocr_line' id='line_1_22' title="bbox 409 2685 636 2758; baseline -0.004 -14"><span class='ocrx_word' id='word_1_98' title='bbox 409 2687 443 2744; x_wconf 79' lang='lat'>27</span> <span class='ocrx_word' id='word_1_99' title='bbox 458 2686 540 2758; x_wconf 89' lang='lat' dir='ltr'>april.</span> <span class='ocrx_word' id='word_1_100' title='bbox 558 2685 636 2743; x_wconf 78' lang='grc'><strong>1218.</strong></span> 
     </span>
    </p>
   </div>
   <div class='ocr_carea' id='block_1_11' title="bbox 154 2791 885 2937">
    <p class='ocr_par' dir='ltr' id='par_1_12' title="bbox 154 2791 885 2937">
     <span class='ocr_line' id='line_1_23' title="bbox 154 2791 885 2858; baseline -0.003 -15"><span class='ocrx_word' id='word_1_101' title='bbox 154 2792 292 2858; x_wconf 77' lang='lat' dir='ltr'>[bouquet.</span> <span class='ocrx_word' id='word_1_102' title='bbox 306 2791 406 2844; x_wconf 85' lang='lat' dir='ltr'>liecueil</span> <span class='ocrx_word' id='word_1_103' title='bbox 418 2792 462 2842; x_wconf 86' lang='lat' dir='ltr'>des</span> <span class='ocrx_word' id='word_1_104' title='bbox 472 2792 573 2848; x_wconf 83' lang='lat' dir='ltr'>llist..t.</span> <span class='ocrx_word' id='word_1_105' title='bbox 583 2791 651 2850; x_wconf 82' lang='lat' dir='ltr'>xlx.</span> <span class='ocrx_word' id='word_1_106' title='bbox 662 2806 688 2855; x_wconf 88' lang='lat' dir='ltr'>p.</span> <span class='ocrx_word' id='word_1_107' title='bbox 704 2792 765 2850; x_wconf 60' lang='lat' dir='ltr'>tlt&amp;</span> <span class='ocrx_word' id='word_1_108' title='bbox 776 2792 885 2856; x_wconf 75' lang='lat' dir='ltr'>Regnat..</span> 
     </span>
     <span class='ocr_line' id='line_1_24' title="bbox 391 2871 657 2937; baseline 0 -15"><span class='ocrx_word' id='word_1_109' title='bbox 391 2871 436 2922; x_wconf 87' lang='lat' dir='ltr'>lib.</span> <span class='ocrx_word' id='word_1_110' title='bbox 450 2872 562 2937; x_wconf 85' lang='lat' dir='ltr'>ll,epist.</span> <span class='ocrx_word' id='word_1_111' title='bbox 576 2871 657 2936; x_wconf 61' lang='grc'><strong>1031]</strong></span> 
     </span>
    </p>
   </div>
   <div class='ocr_carea' id='block_1_12' title="bbox 117 2968 918 3132">
    <p class='ocr_par' dir='ltr' id='par_1_13' title="bbox 117 2968 918 3132">
     <span class='ocr_line' id='line_1_25' title="bbox 117 2968 918 3042; baseline 0.002 -16"><span class='ocrx_word' id='word_1_112' title='bbox 117 2971 263 3040; x_wconf 83' lang='lat' dir='ltr'>Querente</span> <span class='ocrx_word' id='word_1_113' title='bbox 278 2969 444 3027; x_wconf 87' lang='lat' dir='ltr'>innocentio</span> <span class='ocrx_word' id='word_1_114' title='bbox 461 2971 500 3027; x_wconf 96' lang='lat' dir='ltr'>lll</span> <span class='ocrx_word' id='word_1_115' title='bbox 526 2968 600 3042; x_wconf 92' lang='lat' dir='ltr'>quod</span> <span class='ocrx_word' id='word_1_116' title='bbox 625 2984 674 3026; x_wconf 87' lang='lat' dir='ltr'>rex</span> <span class='ocrx_word' id='word_1_117' title='bbox 694 2968 841 3042; x_wconf 79' lang='lat' dir='ltr'>Philippus</span> <span class='ocrx_word' id='word_1_118' title='bbox 861 2970 918 3028; x_wconf 89' lang='lat' dir='ltr'>icto</span> 
     </span>
     <span class='ocr_line' id='line_1_26' title="bbox 155 3055 917 3132; baseline -0.003 -16"><span class='ocrx_word' id='word_1_119' title='bbox 155 3074 222 3116; x_wconf 86' lang='lat' dir='ltr'>cum</span> <span class='ocrx_word' id='word_1_120' title='bbox 251 3059 363 3131; x_wconf 85' lang='lat' dir='ltr'>Angliae</span> <span class='ocrx_word' id='word_1_121' title='bbox 383 3072 452 3132; x_wconf 86' lang='lat' dir='ltr'>rege</span> <span class='ocrx_word' id='word_1_122' title='bbox 481 3055 587 3116; x_wconf 86' lang='lat' dir='ltr'>ioedere</span> <span class='ocrx_word' id='word_1_123' title='bbox 609 3072 666 3115; x_wconf 92' lang='lat' dir='ltr'>non</span> <span class='ocrx_word' id='word_1_124' title='bbox 692 3059 829 3128; x_wconf 79' lang='lat' dir='ltr'>stetisset,</span> <span class='ocrx_word' id='word_1_125' title='bbox 852 3073 917 3115; x_wconf 90' lang='lat' dir='ltr'>oum</span> 
     </span>
    </p>
   </div>
   <div class='ocr_carea' id='block_1_13' title="bbox 711 311 1145 389">
    <p class='ocr_par' dir='ltr' id='par_1_14' title="bbox 711 311 1145 389">
     <span class='ocr_line' id='line_1_27' title="bbox 711 311 1145 389; baseline -0.002 0"><span class='ocrx_word' id='word_1_126' title='bbox 711 311 716 321; x_wconf 83' lang='lat'><em>&#39;</em></span> <span class='ocrx_word' id='word_1_127' title='bbox 751 329 979 389; x_wconf 69' lang='lat' dir='ltr'>sessanum.</span> <span class='ocrx_word' id='word_1_128' title='bbox 1004 329 1081 388; x_wconf 83' lang='lat' dir='ltr'>mn.</span> <span class='ocrx_word' id='word_1_129' title='bbox 1106 329 1145 388; x_wconf 91' lang='lat'>11.</span> 
     </span>
    </p>
   </div>
   <div class='ocr_carea' id='block_1_14' title="bbox 1710 331 1770 390">
    <p class='ocr_par' dir='ltr' id='par_1_15' title="bbox 1710 331 1770 390">
     <span class='ocr_line' id='line_1_28' title="bbox 1710 331 1770 390; baseline 0.033 -2"><span class='ocrx_word' id='word_1_130' title='bbox 1710 331 1770 390; x_wconf 71' lang='lat'>714</span> 
     </span>
    </p>
   </div>
   <div class='ocr_carea' id='block_1_15' title="bbox 970 485 1769 1244">
    <p class='ocr_par' dir='ltr' id='par_1_16' title="bbox 970 485 1767 664">
     <span class='ocr_line' id='line_1_29' title="bbox 970 485 1767 566; baseline -0.001 -17"><span class='ocrx_word' id='word_1_131' title='bbox 970 486 1122 559; x_wconf 89' lang='lat' dir='ltr'>obtentu,</span> <span class='ocrx_word' id='word_1_132' title='bbox 1149 485 1191 548; x_wconf 90' lang='lat' dir='ltr'>ab</span> <span class='ocrx_word' id='word_1_133' title='bbox 1214 486 1430 564; x_wconf 82' lang='lat' dir='ltr'>inquisitione</span> <span class='ocrx_word' id='word_1_134' title='bbox 1458 485 1663 548; x_wconf 81' lang='lat' dir='ltr'>absolvimus</span> <span class='ocrx_word' id='word_1_135' title='bbox 1692 502 1767 566; x_wconf 88' lang='lat' dir='ltr'>quae</span> 
     </span>
     <span class='ocr_line' id='line_1_30' title="bbox 971 582 1473 664; baseline 0 -19"><span class='ocrx_word' id='word_1_136' title='bbox 971 582 1058 646; x_wconf 89' lang='lat' dir='ltr'>iacta</span> <span class='ocrx_word' id='word_1_137' title='bbox 1069 584 1179 647; x_wconf 90' lang='lat' dir='ltr'>iuerat</span> <span class='ocrx_word' id='word_1_138' title='bbox 1193 586 1308 647; x_wconf 88' lang='lat' dir='ltr'>contra</span> <span class='ocrx_word' id='word_1_139' title='bbox 1324 601 1399 646; x_wconf 90' lang='lat' dir='ltr'>eum</span> <span class='ocrx_word' id='word_1_140' title='bbox 1413 582 1473 664; x_wconf 84' lang='lat'>(2).</span> 
     </span>
    </p>

    <p class='ocr_par' dir='ltr' id='par_1_17' title="bbox 971 681 1769 1244">
     <span class='ocr_line' id='line_1_31' title="bbox 1012 681 1768 759; baseline 0 -16"><span class='ocrx_word' id='word_1_141' title='bbox 1012 685 1117 744; x_wconf 88' lang='lat' dir='ltr'>Porro</span> <span class='ocrx_word' id='word_1_142' title='bbox 1134 697 1235 759; x_wconf 89' lang='lat' dir='ltr'>super</span> <span class='ocrx_word' id='word_1_143' title='bbox 1258 681 1344 744; x_wconf 88' lang='lat' dir='ltr'>iacto</span> <span class='ocrx_word' id='word_1_144' title='bbox 1364 681 1658 744; x_wconf 80' lang='lat' dir='ltr'>archidiaconatus</span> <span class='ocrx_word' id='word_1_145' title='bbox 1678 684 1768 743; x_wconf 90' lang='lat' dir='ltr'>Pru·</span> 
     </span>
     <span class='ocr_line' id='line_1_32' title="bbox 971 779 1768 841; baseline -0.001 0"><span class='ocrx_word' id='word_1_146' title='bbox 971 779 1121 841; x_wconf 86' lang='lat' dir='ltr'>vinensis</span> <span class='ocrx_word' id='word_1_147' title='bbox 1148 779 1234 841; x_wconf 89' lang='lat' dir='ltr'>nibil</span> <span class='ocrx_word' id='word_1_148' title='bbox 1264 780 1422 841; x_wconf 83' lang='lat' dir='ltr'>duximus</span> <span class='ocrx_word' id='word_1_149' title='bbox 1455 779 1698 841; x_wconf 90' lang='lat' dir='ltr'>immutandum</span> <span class='ocrx_word' id='word_1_150' title='bbox 1726 781 1768 841; x_wconf 91' lang='lat' dir='ltr'>ad</span> 
     </span>
     <span class='ocr_line' id='line_1_33' title="bbox 972 877 1769 955; baseline 0 -16"><span class='ocrx_word' id='word_1_151' title='bbox 972 892 1134 955; x_wconf 81' lang='lat' dir='ltr'>praesens3</span> <span class='ocrx_word' id='word_1_152' title='bbox 1145 878 1202 939; x_wconf 90' lang='lat' dir='ltr'>sed</span> <span class='ocrx_word' id='word_1_153' title='bbox 1214 878 1366 940; x_wconf 85' lang='lat' dir='ltr'>volumus</span> <span class='ocrx_word' id='word_1_154' title='bbox 1381 879 1417 940; x_wconf 92' lang='lat' dir='ltr'>ut</span> <span class='ocrx_word' id='word_1_155' title='bbox 1429 877 1540 940; x_wconf 91' lang='lat' dir='ltr'>omnia</span> <span class='ocrx_word' id='word_1_156' title='bbox 1555 878 1591 939; x_wconf 91' lang='lat' dir='ltr'>in</span> <span class='ocrx_word' id='word_1_157' title='bbox 1604 893 1666 940; x_wconf 88' lang='lat' dir='ltr'>suo</span> <span class='ocrx_word' id='word_1_158' title='bbox 1681 878 1769 939; x_wconf 91' lang='lat' dir='ltr'>statu</span> 
     </span>
     <span class='ocr_line' id='line_1_34' title="bbox 972 975 1767 1052; baseline 0 -16"><span class='ocrx_word' id='word_1_159' title='bbox 972 975 1162 1052; x_wconf 86' lang='lat' dir='ltr'>persistant,</span> <span class='ocrx_word' id='word_1_160' title='bbox 1186 975 1290 1038; x_wconf 89' lang='lat' dir='ltr'>donec</span> <span class='ocrx_word' id='word_1_161' title='bbox 1314 975 1405 1037; x_wconf 89' lang='lat' dir='ltr'>alind</span> <span class='ocrx_word' id='word_1_162' title='bbox 1425 976 1581 1037; x_wconf 81' lang='lat' dir='ltr'>duximus</span> <span class='ocrx_word' id='word_1_163' title='bbox 1603 975 1767 1037; x_wconf 86' lang='lat' dir='ltr'>ordinan-</span> 
     </span>
     <span class='ocr_line' id='line_1_35' title="bbox 973 1071 1769 1152; baseline 0.001 -19"><span class='ocrx_word' id='word_1_164' title='bbox 973 1072 1050 1134; x_wconf 90' lang='lat' dir='ltr'>dum</span> <span class='ocrx_word' id='word_1_165' title='bbox 1066 1071 1125 1152; x_wconf 89' lang='lat'>(3).</span> <span class='ocrx_word' id='word_1_166' title='bbox 1142 1072 1260 1136; x_wconf 88' lang='lat' dir='ltr'>Datum</span> <span class='ocrx_word' id='word_1_167' title='bbox 1274 1075 1398 1146; x_wconf 72' lang='lat' dir='ltr'>Romae,</span> <span class='ocrx_word' id='word_1_168' title='bbox 1417 1073 1504 1151; x_wconf 90' lang='lat' dir='ltr'>apud</span> <span class='ocrx_word' id='word_1_169' title='bbox 1526 1075 1683 1136; x_wconf 80' lang='lat' dir='ltr'>Sanctum</span> <span class='ocrx_word' id='word_1_170' title='bbox 1700 1077 1769 1134; x_wconf 86' lang='lat' dir='ltr'>Pe-</span> 
     </span>
     <span class='ocr_line' id='line_1_36' title="bbox 973 1170 1581 1244; baseline 0 -13"><span class='ocrx_word' id='word_1_171' title='bbox 973 1173 1071 1242; x_wconf 92' lang='lat' dir='ltr'>trum,</span> <span class='ocrx_word' id='word_1_172' title='bbox 1089 1172 1196 1233; x_wconf 87' lang='lat' dir='ltr'>Vkal.</span> <span class='ocrx_word' id='word_1_173' title='bbox 1213 1172 1304 1244; x_wconf 91' lang='lat' dir='ltr'>maii,</span> <span class='ocrx_word' id='word_1_174' title='bbox 1321 1188 1409 1233; x_wconf 90' lang='lat' dir='ltr'>anno</span> <span class='ocrx_word' id='word_1_175' title='bbox 1423 1170 1581 1233; x_wconf 88' lang='lat' dir='ltr'>secundo.</span> 
     </span>
    </p>
   </div>
   <div class='ocr_carea' id='block_1_16' title="bbox 1313 1333 1429 1420">
    <p class='ocr_par' dir='ltr' id='par_1_18' title="bbox 1313 1333 1429 1420">
     <span class='ocr_line' id='line_1_37' title="bbox 1313 1333 1429 1420; baseline -0.017 0"><span class='ocrx_word' id='word_1_176' title='bbox 1313 1333 1429 1420; x_wconf 80' lang='lat' dir='ltr'>duxi</span> 
     </span>
    </p>
   </div>
   <div class='ocr_carea' id='block_1_17' title="bbox 974 1468 1769 1929">
    <p class='ocr_par' dir='ltr' id='par_1_19' title="bbox 974 1468 1769 1929">
     <span class='ocr_line' id='line_1_38' title="bbox 1032 1468 1706 1531; baseline 0.003 -4"><span class='ocrx_word' id='word_1_177' title='bbox 1032 1468 1084 1527; x_wconf 82' lang='lat' dir='ltr'>Ad</span> <span class='ocrx_word' id='word_1_178' title='bbox 1104 1469 1369 1530; x_wconf 83' lang='lat' dir='ltr'>Nootomensem</span> <span class='ocrx_word' id='word_1_179' title='bbox 1390 1468 1706 1531; x_wconf 66' lang='lat' dir='ltr'>camedonensem</span> 
     </span>
     <span class='ocr_line' id='line_1_39' title="bbox 1279 1569 1464 1640; baseline 0 -14"><span class='ocrx_word' id='word_1_180' title='bbox 1279 1569 1464 1640; x_wconf 80' lang='lat' dir='ltr'>episcopos.</span> 
     </span>
     <span class='ocr_line' id='line_1_40' title="bbox 1258 1677 1487 1751; baseline 0 -15"><span class='ocrx_word' id='word_1_181' title='bbox 1258 1677 1294 1736; x_wconf 71' lang='lat'>28</span> <span class='ocrx_word' id='word_1_182' title='bbox 1308 1679 1390 1751; x_wconf 92' lang='lat' dir='ltr'>april.</span> <span class='ocrx_word' id='word_1_183' title='bbox 1407 1679 1487 1736; x_wconf 79' lang='lat' dir='ltr'>iaia.</span> 
     </span>
     <span class='ocr_line' id='line_1_41' title="bbox 974 1782 1769 1850; baseline 0.004 -17"><span class='ocrx_word' id='word_1_184' title='bbox 974 1782 1111 1848; x_wconf 60' lang='lat' dir='ltr'>[bouquet</span> <span class='ocrx_word' id='word_1_185' title='bbox 1121 1785 1223 1836; x_wconf 84' lang='lat' dir='ltr'>Recueil</span> <span class='ocrx_word' id='word_1_186' title='bbox 1234 1783 1278 1834; x_wconf 88' lang='lat' dir='ltr'>des</span> <span class='ocrx_word' id='word_1_187' title='bbox 1288 1784 1347 1835; x_wconf 86' lang='lat' dir='ltr'>bist.</span> <span class='ocrx_word' id='word_1_188' title='bbox 1359 1790 1378 1834; x_wconf 92' lang='lat' dir='ltr'>t.</span> <span class='ocrx_word' id='word_1_189' title='bbox 1387 1785 1454 1841; x_wconf 84' lang='lat' dir='ltr'>xlx,</span> <span class='ocrx_word' id='word_1_190' title='bbox 1463 1785 1665 1850; x_wconf 59' lang='lat' dir='ltr'>potantum,</span> <span class='ocrx_word' id='word_1_191' title='bbox 1679 1783 1724 1834; x_wconf 85' lang='lat' dir='ltr'>lib.</span> <span class='ocrx_word' id='word_1_192' title='bbox 1737 1785 1769 1842; x_wconf 88' lang='lat' dir='ltr'>ll.</span> 
     </span>
     <span class='ocr_line' id='line_1_42' title="bbox 1286 1865 1460 1929; baseline 0.006 -15"><span class='ocrx_word' id='word_1_193' title='bbox 1286 1865 1359 1929; x_wconf 86' lang='lat' dir='ltr'>epist.</span> <span class='ocrx_word' id='word_1_194' title='bbox 1379 1865 1460 1928; x_wconf 74' lang='lat' dir='ltr'>ibis]</span> 
     </span>
    </p>
   </div>
   <div class='ocr_carea' id='block_1_18' title="bbox 972 1962 1772 2393">
    <p class='ocr_par' dir='ltr' id='par_1_20' title="bbox 972 1962 1772 2393">
     <span class='ocr_line' id='line_1_43' title="bbox 972 1962 1769 2038; baseline -0.003 -17"><span class='ocrx_word' id='word_1_195' title='bbox 972 1964 1064 2032; x_wconf 84' lang='lat' dir='ltr'>Quum</span> <span class='ocrx_word' id='word_1_196' title='bbox 1085 1963 1275 2038; x_wconf 80' lang='lat' dir='ltr'>ingelrannus</span> <span class='ocrx_word' id='word_1_197' title='bbox 1293 1962 1330 2020; x_wconf 90' lang='lat' dir='ltr'>de</span> <span class='ocrx_word' id='word_1_198' title='bbox 1346 1965 1476 2031; x_wconf 79' lang='lat' dir='ltr'>cociaco,</span> <span class='ocrx_word' id='word_1_199' title='bbox 1493 1963 1676 2022; x_wconf 79' lang='lat' dir='ltr'>laudunensi</span> <span class='ocrx_word' id='word_1_200' title='bbox 1690 1964 1769 2036; x_wconf 89' lang='lat' dir='ltr'>capi·</span> 
     </span>
     <span class='ocr_line' id='line_1_44' title="bbox 1008 2050 1772 2125; baseline 0.001 -16"><span class='ocrx_word' id='word_1_201' title='bbox 1008 2052 1067 2109; x_wconf 91' lang='lat' dir='ltr'>tulo</span> <span class='ocrx_word' id='word_1_202' title='bbox 1082 2050 1211 2121; x_wconf 89' lang='lat' dir='ltr'>iniestus,</span> <span class='ocrx_word' id='word_1_203' title='bbox 1228 2053 1370 2110; x_wconf 75' lang='lat' dir='ltr'>adamum</span> <span class='ocrx_word' id='word_1_204' title='bbox 1391 2052 1520 2125; x_wconf 85' lang='lat' dir='ltr'>ejusdem</span> <span class='ocrx_word' id='word_1_205' title='bbox 1540 2054 1670 2111; x_wconf 79' lang='lat' dir='ltr'>ecclesie</span> <span class='ocrx_word' id='word_1_206' title='bbox 1689 2053 1772 2110; x_wconf 87' lang='lat' dir='ltr'>deon·</span> 
     </span>
     <span class='ocr_line' id='line_1_45' title="bbox 1008 2141 1772 2215; baseline 0.001 -18"><span class='ocrx_word' id='word_1_207' title='bbox 1008 2155 1077 2197; x_wconf 91' lang='lat' dir='ltr'>num</span> <span class='ocrx_word' id='word_1_208' title='bbox 1092 2142 1279 2199; x_wconf 80' lang='lat' dir='ltr'>incarcerans</span> <span class='ocrx_word' id='word_1_209' title='bbox 1294 2141 1475 2215; x_wconf 86' lang='lat' dir='ltr'>conjecisset,</span> <span class='ocrx_word' id='word_1_210' title='bbox 1491 2141 1594 2199; x_wconf 90' lang='lat' dir='ltr'>deiude</span> <span class='ocrx_word' id='word_1_211' title='bbox 1610 2156 1772 2199; x_wconf 87' lang='lat' dir='ltr'>excommu-</span> 
     </span>
     <span class='ocr_line' id='line_1_46' title="bbox 1008 2228 1770 2303; baseline 0 -16"><span class='ocrx_word' id='word_1_212' title='bbox 1008 2230 1161 2288; x_wconf 82' lang='lat' dir='ltr'>nicationis</span> <span class='ocrx_word' id='word_1_213' title='bbox 1174 2230 1289 2287; x_wconf 88' lang='lat' dir='ltr'>vinculo</span> <span class='ocrx_word' id='word_1_214' title='bbox 1302 2231 1482 2299; x_wconf 86' lang='lat' dir='ltr'>constrictus,</span> <span class='ocrx_word' id='word_1_215' title='bbox 1499 2239 1526 2287; x_wconf 88' lang='lat' dir='ltr'>et</span> <span class='ocrx_word' id='word_1_216' title='bbox 1539 2228 1604 2289; x_wconf 88' lang='lat' dir='ltr'>iacti</span> <span class='ocrx_word' id='word_1_217' title='bbox 1618 2232 1770 2303; x_wconf 87' lang='lat' dir='ltr'>poenitens,</span> 
     </span>
     <span class='ocr_line' id='line_1_47' title="bbox 1008 2317 1769 2393; baseline 0.004 -18"><span class='ocrx_word' id='word_1_218' title='bbox 1008 2317 1195 2377; x_wconf 83' lang='lat' dir='ltr'>absolutionis</span> <span class='ocrx_word' id='word_1_219' title='bbox 1206 2317 1378 2377; x_wconf 73' lang='lat' dir='ltr'>beneficium</span> <span class='ocrx_word' id='word_1_220' title='bbox 1394 2319 1429 2377; x_wconf 91' lang='lat' dir='ltr'>ab</span> <span class='ocrx_word' id='word_1_221' title='bbox 1445 2321 1571 2378; x_wconf 82' lang='lat' dir='ltr'>Honorio</span> <span class='ocrx_word' id='word_1_222' title='bbox 1597 2320 1769 2393; x_wconf 89' lang='lat' dir='ltr'>impetravit.</span> 
     </span>
    </p>
   </div>
   <div class='ocr_carea' id='block_1_19' title="bbox 973 2436 1780 3101">
    <p class='ocr_par' dir='ltr' id='par_1_21' title="bbox 973 2436 1771 2705">
     <span class='ocr_line' id='line_1_48' title="bbox 1013 2436 1771 2514; baseline 0.003 -17"><span class='ocrx_word' id='word_1_223' title='bbox 1013 2437 1180 2498; x_wconf 84' lang='lat' dir='ltr'>Honorius</span> <span class='ocrx_word' id='word_1_224' title='bbox 1203 2437 1416 2514; x_wconf 86' lang='lat' dir='ltr'>episcopus...</span> <span class='ocrx_word' id='word_1_225' title='bbox 1436 2437 1684 2499; x_wconf 90' lang='lat' dir='ltr'>venerabilibus</span> <span class='ocrx_word' id='word_1_226' title='bbox 1699 2436 1771 2499; x_wconf 89' lang='lat' dir='ltr'>ira-</span> 
     </span>
     <span class='ocr_line' id='line_1_49' title="bbox 973 2533 1767 2615; baseline 0 -19"><span class='ocrx_word' id='word_1_227' title='bbox 973 2533 1079 2596; x_wconf 88' lang='lat' dir='ltr'>tribus</span> <span class='ocrx_word' id='word_1_228' title='bbox 1089 2535 1304 2598; x_wconf 88' lang='lat' dir='ltr'>Noviomensi</span> <span class='ocrx_word' id='word_1_229' title='bbox 1317 2537 1350 2597; x_wconf 87' lang='lat' dir='ltr'>et</span> <span class='ocrx_word' id='word_1_230' title='bbox 1365 2536 1577 2598; x_wconf 75' lang='lat' dir='ltr'>laudunensi</span> <span class='ocrx_word' id='word_1_231' title='bbox 1591 2536 1767 2615; x_wconf 80' lang='lat' dir='ltr'>episcopia,</span> 
     </span>
     <span class='ocr_line' id='line_1_50' title="bbox 973 2631 1205 2705; baseline 0.004 -14"><span class='ocrx_word' id='word_1_232' title='bbox 973 2631 1125 2705; x_wconf 89' lang='lat' dir='ltr'>salutem,</span> <span class='ocrx_word' id='word_1_233' title='bbox 1143 2633 1205 2694; x_wconf 87' lang='lat' dir='ltr'>ato.</span> 
     </span>
    </p>

    <p class='ocr_par' dir='ltr' id='par_1_22' title="bbox 973 2728 1780 3101">
     <span class='ocr_line' id='line_1_51' title="bbox 1013 2728 1769 2806; baseline 0.003 -16"><span class='ocrx_word' id='word_1_234' title='bbox 1013 2731 1166 2806; x_wconf 86' lang='lat' dir='ltr'>Praeceps</span> <span class='ocrx_word' id='word_1_235' title='bbox 1194 2728 1235 2791; x_wconf 87' lang='lat' dir='ltr'>ad</span> <span class='ocrx_word' id='word_1_236' title='bbox 1258 2730 1382 2791; x_wconf 90' lang='lat' dir='ltr'>malurn</span> <span class='ocrx_word' id='word_1_237' title='bbox 1398 2729 1599 2793; x_wconf 87' lang='lat' dir='ltr'>conditionis</span> <span class='ocrx_word' id='word_1_238' title='bbox 1614 2730 1769 2792; x_wconf 83' lang='lat' dir='ltr'>numanae</span> 
     </span>
     <span class='ocr_line' id='line_1_52' title="bbox 973 2826 1780 2905; baseline 0.002 -18"><span class='ocrx_word' id='word_1_239' title='bbox 973 2826 1137 2902; x_wconf 79' lang='lat' dir='ltr'>fragilitas</span> <span class='ocrx_word' id='word_1_240' title='bbox 1165 2826 1299 2888; x_wconf 79' lang='lat' dir='ltr'>facilius</span> <span class='ocrx_word' id='word_1_241' title='bbox 1329 2828 1364 2888; x_wconf 94' lang='lat' dir='ltr'>in</span> <span class='ocrx_word' id='word_1_242' title='bbox 1392 2827 1612 2905; x_wconf 80' lang='lat' dir='ltr'>praecipitium</span> <span class='ocrx_word' id='word_1_243' title='bbox 1644 2827 1780 2889; x_wconf 32' lang='lat' dir='ltr'>corruit*</span> 
     </span>
     <span class='ocr_line' id='line_1_53' title="bbox 973 2923 1771 3002; baseline 0.003 -17"><span class='ocrx_word' id='word_1_244' title='bbox 973 2942 1070 3002; x_wconf 90' lang='lat' dir='ltr'>quam</span> <span class='ocrx_word' id='word_1_245' title='bbox 1083 2925 1289 3002; x_wconf 87' lang='lat' dir='ltr'>praecipitata</span> <span class='ocrx_word' id='word_1_246' title='bbox 1302 2927 1466 3001; x_wconf 86' lang='lat' dir='ltr'>resurgat.</span> <span class='ocrx_word' id='word_1_247' title='bbox 1475 2924 1615 2996; x_wconf 90' lang='lat' dir='ltr'>Undesi,</span> <span class='ocrx_word' id='word_1_248' title='bbox 1627 2923 1771 2987; x_wconf 86' lang='lat' dir='ltr'>iaciente</span> 
     </span>
     <span class='ocr_line' id='line_1_54' title="bbox 974 3021 1771 3101; baseline 0.003 -18"><span class='ocrx_word' id='word_1_249' title='bbox 974 3023 1030 3084; x_wconf 96' lang='lat' dir='ltr'>illo</span> <span class='ocrx_word' id='word_1_250' title='bbox 1041 3023 1097 3101; x_wconf 88' lang='lat' dir='ltr'>qui</span> <span class='ocrx_word' id='word_1_251' title='bbox 1113 3038 1178 3084; x_wconf 94' lang='lat' dir='ltr'>non</span> <span class='ocrx_word' id='word_1_252' title='bbox 1198 3022 1269 3084; x_wconf 81' lang='lat' dir='ltr'>vult</span> <span class='ocrx_word' id='word_1_253' title='bbox 1284 3025 1423 3085; x_wconf 90' lang='lat' dir='ltr'>mortem</span> <span class='ocrx_word' id='word_1_254' title='bbox 1439 3023 1634 3101; x_wconf 86' lang='lat' dir='ltr'>peccatoris,</span> <span class='ocrx_word' id='word_1_255' title='bbox 1661 3021 1718 3085; x_wconf 86' lang='lat' dir='ltr'>sed</span> <span class='ocrx_word' id='word_1_256' title='bbox 1735 3023 1771 3085; x_wconf 91' lang='lat' dir='ltr'>ut</span> 
     </span>
    </p>
   </div>
   <div class='ocr_carea' id='block_1_20' title="bbox 156 3120 1771 3307">
    <p class='ocr_par' dir='ltr' id='par_1_23' title="bbox 156 3120 1771 3307">
     <span class='ocr_line' id='line_1_55' title="bbox 158 3120 1771 3215; baseline -0.003 -11"><span class='ocrx_word' id='word_1_257' title='bbox 158 3163 236 3204; x_wconf 90' lang='lat' dir='ltr'>anno</span> <span class='ocrx_word' id='word_1_258' title='bbox 252 3147 433 3204; x_wconf 72' lang='lat' dir='ltr'>mitreum</span> <span class='ocrx_word' id='word_1_259' title='bbox 447 3146 483 3203; x_wconf 90' lang='lat' dir='ltr'>de</span> <span class='ocrx_word' id='word_1_260' title='bbox 497 3147 637 3215; x_wconf 77' lang='lat' dir='ltr'>corbolio,</span> <span class='ocrx_word' id='word_1_261' title='bbox 655 3147 684 3203; x_wconf 89' lang='lat' dir='ltr'>io</span> <span class='ocrx_word' id='word_1_262' title='bbox 703 3147 825 3203; x_wconf 87' lang='lat' dir='ltr'>concilio</span> <span class='ocrx_word' id='word_1_263' title='bbox 849 3147 917 3204; x_wconf 87' lang='lat' dir='ltr'>blel-</span> <span class='ocrx_word' id='word_1_264' title='bbox 974 3121 1079 3196; x_wconf 63' lang='lat' dir='ltr'>magis</span> <span class='ocrx_word' id='word_1_265' title='bbox 1104 3121 1317 3181; x_wconf 53' lang='lat' dir='ltr'><strong>mmmm?</strong></span> <span class='ocrx_word' id='word_1_266' title='bbox 1341 3120 1373 3182; x_wconf 55' lang='lat'>⁸²</span> <span class='ocrx_word' id='word_1_267' title='bbox 1400 3121 1501 3192; x_wconf 80' lang='lat' dir='ltr'>vivat,</span> <span class='ocrx_word' id='word_1_268' title='bbox 1525 3120 1555 3181; x_wconf 69' lang='lat' dir='ltr'>is</span> <span class='ocrx_word' id='word_1_269' title='bbox 1580 3121 1635 3197; x_wconf 67' lang='grc' dir='ltr'>Ψιί</span> <span class='ocrx_word' id='word_1_270' title='bbox 1657 3121 1771 3196; x_wconf 65' lang='lat' dir='ltr'>lapsus</span> 
     </span>
     <span class='ocr_line' id='line_1_56' title="bbox 156 3216 1771 3307; baseline -0.002 -24"><span class='ocrx_word' id='word_1_271' title='bbox 156 3235 226 3293; x_wconf 73' lang='lat' dir='ltr'>quus</span> <span class='ocrx_word' id='word_1_272' title='bbox 252 3234 358 3303; x_wconf 62' lang='lat' dir='ltr'>hamio,</span> <span class='ocrx_word' id='word_1_273' title='bbox 383 3233 544 3307; x_wconf 71' lang='lat' dir='ltr'>Philippum</span> <span class='ocrx_word' id='word_1_274' title='bbox 564 3234 647 3306; x_wconf 59' lang='lat'>0³19,</span> <span class='ocrx_word' id='word_1_275' title='bbox 667 3232 786 3291; x_wconf 61' lang='lat' dir='ltr'>liberum</span> <span class='ocrx_word' id='word_1_276' title='bbox 806 3233 917 3306; x_wconf 58' lang='lat' dir='ltr'>pfaesq.</span> <span class='ocrx_word' id='word_1_277' title='bbox 974 3218 1092 3290; x_wconf 67' lang='lat' dir='ltr'>lueet,</span> <span class='ocrx_word' id='word_1_278' title='bbox 1106 3216 1147 3278; x_wconf 89' lang='lat' dir='ltr'>ad</span> <span class='ocrx_word' id='word_1_279' title='bbox 1163 3232 1221 3279; x_wconf 92' lang='lat' dir='ltr'>cor</span> <span class='ocrx_word' id='word_1_280' title='bbox 1236 3233 1331 3278; x_wconf 90' lang='lat' dir='ltr'>suum</span> <span class='ocrx_word' id='word_1_281' title='bbox 1345 3217 1516 3279; x_wconf 86' lang='lat' dir='ltr'>humiliter</span> <span class='ocrx_word' id='word_1_282' title='bbox 1528 3218 1725 3288; x_wconf 82' lang='lat' dir='ltr'>revertatur,</span> <span class='ocrx_word' id='word_1_283' title='bbox 1738 3219 1771 3280; x_wconf 90' lang='lat' dir='ltr'>et</span> 
     </span>
    </p>
   </div>
   <div class='ocr_carea' id='block_1_21' title="bbox 120 3315 1774 4763">
    <p class='ocr_par' dir='ltr' id='par_1_24' title="bbox 120 3315 1774 4763">
     <span class='ocr_line' id='line_1_57' title="bbox 155 3315 1767 3394; baseline -0.004 -12"><span class='ocrx_word' id='word_1_284' title='bbox 155 3327 248 3394; x_wconf 77' lang='lat' dir='ltr'>sisset,</span> <span class='ocrx_word' id='word_1_285' title='bbox 264 3324 292 3380; x_wconf 90' lang='lat' dir='ltr'>in</span> <span class='ocrx_word' id='word_1_286' title='bbox 307 3322 441 3382; x_wconf 85' lang='lat' dir='ltr'>eumdem</span> <span class='ocrx_word' id='word_1_287' title='bbox 453 3326 570 3380; x_wconf 84' lang='lat' dir='ltr'>Petrum</span> <span class='ocrx_word' id='word_1_288' title='bbox 583 3324 681 3380; x_wconf 81' lang='lat' dir='ltr'>Rome</span> <span class='ocrx_word' id='word_1_289' title='bbox 697 3322 842 3394; x_wconf 84' lang='lat' dir='ltr'>inquisitio</span> <span class='ocrx_word' id='word_1_290' title='bbox 858 3321 917 3378; x_wconf 86' lang='lat' dir='ltr'>lieri</span> <span class='ocrx_word' id='word_1_291' title='bbox 973 3315 1083 3376; x_wconf 91' lang='lat' dir='ltr'>redire</span> <span class='ocrx_word' id='word_1_292' title='bbox 1096 3315 1136 3376; x_wconf 88' lang='lat' dir='ltr'>ad</span> <span class='ocrx_word' id='word_1_293' title='bbox 1149 3315 1258 3375; x_wconf 92' lang='lat' dir='ltr'>sinum</span> <span class='ocrx_word' id='word_1_294' title='bbox 1270 3315 1421 3378; x_wconf 74' lang='lat' dir='ltr'>ecclesias</span> <span class='ocrx_word' id='word_1_295' title='bbox 1434 3315 1550 3376; x_wconf 90' lang='lat' dir='ltr'>matris</span> <span class='ocrx_word' id='word_1_296' title='bbox 1563 3330 1644 3386; x_wconf 90' lang='lat' dir='ltr'>suae,</span> <span class='ocrx_word' id='word_1_297' title='bbox 1662 3331 1767 3392; x_wconf 91' lang='lat' dir='ltr'>aquo,</span> 
     </span>
     <span class='ocr_line' id='line_1_58' title="bbox 154 3410 1768 3490; baseline 0.001 -18"><span class='ocrx_word' id='word_1_298' title='bbox 154 3415 253 3487; x_wconf 78' lang='lat' dir='ltr'>coepit,</span> <span class='ocrx_word' id='word_1_299' title='bbox 265 3429 320 3485; x_wconf 86' lang='lat' dir='ltr'>qna</span> <span class='ocrx_word' id='word_1_300' title='bbox 336 3413 480 3472; x_wconf 85' lang='lat' dir='ltr'>Honorius</span> <span class='ocrx_word' id='word_1_301' title='bbox 496 3426 573 3481; x_wconf 77' lang='lat' dir='ltr'>euin,</span> <span class='ocrx_word' id='word_1_302' title='bbox 590 3410 751 3485; x_wconf 87' lang='lat' dir='ltr'>postulante</span> <span class='ocrx_word' id='word_1_303' title='bbox 771 3425 850 3484; x_wconf 87' lang='lat' dir='ltr'>rege,</span> <span class='ocrx_word' id='word_1_304' title='bbox 865 3411 915 3468; x_wconf 89' lang='lat' dir='ltr'>ab·</span> <span class='ocrx_word' id='word_1_305' title='bbox 974 3413 1080 3490; x_wconf 86' lang='lat' dir='ltr'>culpis</span> <span class='ocrx_word' id='word_1_306' title='bbox 1107 3413 1176 3473; x_wconf 89' lang='lat' dir='ltr'>suis</span> <span class='ocrx_word' id='word_1_307' title='bbox 1206 3412 1429 3488; x_wconf 71' lang='lat' dir='ltr'>exigentibus</span> <span class='ocrx_word' id='word_1_308' title='bbox 1452 3413 1562 3474; x_wconf 87' lang='lat' dir='ltr'>iuerat</span> <span class='ocrx_word' id='word_1_309' title='bbox 1581 3412 1768 3489; x_wconf 67' lang='lat' dir='ltr'>elongatus</span> 
     </span>
     <span class='ocr_line' id='line_1_59' title="bbox 156 3503 1774 3588; baseline -0.001 -17"><span class='ocrx_word' id='word_1_310' title='bbox 156 3503 252 3560; x_wconf 89' lang='lat' dir='ltr'>solvit.</span> <span class='ocrx_word' id='word_1_311' title='bbox 886 3564 888 3569; x_wconf 89' lang='lat'>.</span> <span class='ocrx_word' id='word_1_312' title='bbox 973 3509 1110 3586; x_wconf 84' lang='lat' dir='ltr'>aspiret,</span> <span class='ocrx_word' id='word_1_313' title='bbox 1129 3525 1264 3570; x_wconf 88' lang='lat' dir='ltr'>manum</span> <span class='ocrx_word' id='word_1_314' title='bbox 1280 3509 1331 3571; x_wconf 91' lang='lat' dir='ltr'>ilii</span> <span class='ocrx_word' id='word_1_315' title='bbox 1347 3508 1504 3570; x_wconf 87' lang='lat' dir='ltr'>debemus</span> <span class='ocrx_word' id='word_1_316' title='bbox 1520 3509 1693 3588; x_wconf 87' lang='lat' dir='ltr'>porrigere</span> <span class='ocrx_word' id='word_1_317' title='bbox 1713 3508 1774 3570; x_wconf 91' lang='lat' dir='ltr'>ad-</span> 
     </span>
     <span class='ocr_line' id='line_1_60' title="bbox 161 3606 1772 3687; baseline -0.002 -15"><span class='ocrx_word' id='word_1_318' title='bbox 161 3611 329 3673; x_wconf 78' lang='lat' dir='ltr'>Honorius</span> <span class='ocrx_word' id='word_1_319' title='bbox 362 3609 575 3687; x_wconf 86' lang='lat' dir='ltr'>spiscopus...</span> <span class='ocrx_word' id='word_1_320' title='bbox 608 3607 763 3685; x_wconf 87' lang='lat' dir='ltr'>Philippo</span> <span class='ocrx_word' id='word_1_321' title='bbox 794 3607 918 3669; x_wconf 88' lang='lat' dir='ltr'>illustri</span> <span class='ocrx_word' id='word_1_322' title='bbox 969 3607 1138 3684; x_wconf 88' lang='lat' dir='ltr'>jutricem,</span> <span class='ocrx_word' id='word_1_323' title='bbox 1160 3608 1205 3680; x_wconf 89' lang='lat' dir='ltr'>ut,</span> <span class='ocrx_word' id='word_1_324' title='bbox 1223 3607 1322 3685; x_wconf 85' lang='lat' dir='ltr'>juxta</span> <span class='ocrx_word' id='word_1_325' title='bbox 1335 3606 1421 3684; x_wconf 89' lang='lat' dir='ltr'>quod</span> <span class='ocrx_word' id='word_1_326' title='bbox 1440 3607 1596 3669; x_wconf 90' lang='lat' dir='ltr'>admonet</span> <span class='ocrx_word' id='word_1_327' title='bbox 1616 3623 1677 3669; x_wconf 85' lang='lat' dir='ltr'>nos</span> <span class='ocrx_word' id='word_1_328' title='bbox 1693 3622 1772 3684; x_wconf 87' lang='lat' dir='ltr'>pro-</span> 
     </span>
     <span class='ocr_line' id='line_1_61' title="bbox 121 3704 1771 3784; baseline -0.002 -14"><span class='ocrx_word' id='word_1_329' title='bbox 121 3711 327 3770; x_wconf 80' lang='lat' dir='ltr'>Francorum</span> <span class='ocrx_word' id='word_1_330' title='bbox 342 3708 412 3784; x_wconf 86' lang='lat' dir='ltr'>regi</span> <span class='ocrx_word' id='word_1_331' title='bbox 427 3707 578 3778; x_wconf 85' lang='lat' dir='ltr'>salutem,</span> <span class='ocrx_word' id='word_1_332' title='bbox 595 3709 658 3768; x_wconf 92' lang='lat' dir='ltr'>etc.</span> <span class='ocrx_word' id='word_1_333' title='bbox 973 3705 1084 3783; x_wconf 88' lang='lat' dir='ltr'>pheta,</span> <span class='ocrx_word' id='word_1_334' title='bbox 1108 3704 1231 3766; x_wconf 90' lang='lat' dir='ltr'>debilia</span> <span class='ocrx_word' id='word_1_335' title='bbox 1257 3721 1367 3783; x_wconf 85' lang='lat' dir='ltr'>genua</span> <span class='ocrx_word' id='word_1_336' title='bbox 1389 3705 1597 3776; x_wconf 87' lang='lat' dir='ltr'>roboremus,</span> <span class='ocrx_word' id='word_1_337' title='bbox 1621 3721 1662 3766; x_wconf 93' lang='lat' dir='ltr'>ne</span> <span class='ocrx_word' id='word_1_338' title='bbox 1685 3705 1714 3766; x_wconf 90' lang='lat' dir='ltr'>si</span> <span class='ocrx_word' id='word_1_339' title='bbox 1739 3705 1771 3766; x_wconf 87' lang='lat' dir='ltr'>ei</span> 
     </span>
     <span class='ocr_line' id='line_1_62' title="bbox 162 3798 1771 3882; baseline -0.004 -13"><span class='ocrx_word' id='word_1_340' title='bbox 162 3809 212 3869; x_wconf 82' lang='lat' dir='ltr'>Ex</span> <span class='ocrx_word' id='word_1_341' title='bbox 227 3806 448 3867; x_wconf 86' lang='lat' dir='ltr'>inculcatione</span> <span class='ocrx_word' id='word_1_342' title='bbox 463 3821 601 3881; x_wconf 88' lang='lat' dir='ltr'>precum</span> <span class='ocrx_word' id='word_1_343' title='bbox 610 3820 697 3882; x_wconf 87' lang='lat' dir='ltr'>quas</span> <span class='ocrx_word' id='word_1_344' title='bbox 706 3819 765 3880; x_wconf 89' lang='lat' dir='ltr'>pro</span> <span class='ocrx_word' id='word_1_345' title='bbox 775 3819 920 3866; x_wconf 86' lang='lat' dir='ltr'>venara-</span> <span class='ocrx_word' id='word_1_346' title='bbox 974 3800 1075 3880; x_wconf 86' lang='lat' dir='ltr'>(quod</span> <span class='ocrx_word' id='word_1_347' title='bbox 1091 3798 1209 3882; x_wconf 89' lang='lat' dir='ltr'>absiil)</span> <span class='ocrx_word' id='word_1_348' title='bbox 1232 3801 1471 3864; x_wconf 90' lang='lat' dir='ltr'>misericordiae</span> <span class='ocrx_word' id='word_1_349' title='bbox 1491 3801 1602 3863; x_wconf 87' lang='lat' dir='ltr'>aditus</span> <span class='ocrx_word' id='word_1_350' title='bbox 1624 3801 1771 3878; x_wconf 86' lang='lat' dir='ltr'>denege-</span> 
     </span>
     <span class='ocr_line' id='line_1_63' title="bbox 120 3899 1770 3982; baseline -0.004 -16"><span class='ocrx_word' id='word_1_351' title='bbox 120 3900 917 3982; x_wconf 83' lang='lat' dir='ltr'>bililratrenostro.senonensiarcnispiscopo(1)</span> <span class='ocrx_word' id='word_1_352' title='bbox 973 3902 1038 3972; x_wconf 90' lang='lat' dir='ltr'>tur,</span> <span class='ocrx_word' id='word_1_353' title='bbox 1064 3900 1097 3961; x_wconf 96' lang='lat' dir='ltr'>et</span> <span class='ocrx_word' id='word_1_354' title='bbox 1122 3899 1249 3961; x_wconf 89' lang='lat' dir='ltr'>incidat</span> <span class='ocrx_word' id='word_1_355' title='bbox 1268 3899 1303 3961; x_wconf 91' lang='lat' dir='ltr'>in</span> <span class='ocrx_word' id='word_1_356' title='bbox 1332 3899 1576 3978; x_wconf 89' lang='lat' dir='ltr'>desperationis</span> <span class='ocrx_word' id='word_1_357' title='bbox 1602 3899 1770 3978; x_wconf 88' lang='lat' dir='ltr'>abyssum,</span> 
     </span>
     <span class='ocr_line' id='line_1_64' title="bbox 122 3997 1772 4075; baseline -0.003 -11"><span class='ocrx_word' id='word_1_358' title='bbox 122 4006 180 4064; x_wconf 89' lang='lat' dir='ltr'>tua</span> <span class='ocrx_word' id='word_1_359' title='bbox 209 4002 305 4064; x_wconf 89' lang='lat' dir='ltr'>nobis</span> <span class='ocrx_word' id='word_1_360' title='bbox 334 4002 504 4063; x_wconf 79' lang='lat' dir='ltr'>serenitas</span> <span class='ocrx_word' id='word_1_361' title='bbox 529 3999 719 4072; x_wconf 77' lang='lat' dir='ltr'>destinauit,</span> <span class='ocrx_word' id='word_1_362' title='bbox 745 3999 917 4061; x_wconf 69' lang='lat' dir='ltr'>intellexi·</span> <span class='ocrx_word' id='word_1_363' title='bbox 973 3998 1077 4059; x_wconf 86' lang='lat' dir='ltr'>irater</span> <span class='ocrx_word' id='word_1_364' title='bbox 1089 3999 1213 4070; x_wconf 88' lang='lat' dir='ltr'>noster,</span> <span class='ocrx_word' id='word_1_365' title='bbox 1228 4014 1302 4059; x_wconf 89' lang='lat' dir='ltr'>cum</span> <span class='ocrx_word' id='word_1_366' title='bbox 1318 3997 1410 4075; x_wconf 89' lang='lat' dir='ltr'>ligna</span> <span class='ocrx_word' id='word_1_367' title='bbox 1423 3997 1612 4070; x_wconf 89' lang='lat' dir='ltr'>incidimus,</span> <span class='ocrx_word' id='word_1_368' title='bbox 1629 4000 1772 4060; x_wconf 82' lang='lat' dir='ltr'>exeunte</span> 
     </span>
     <span class='ocr_line' id='line_1_65' title="bbox 122 4095 1772 4177; baseline -0.002 -16"><span class='ocrx_word' id='word_1_369' title='bbox 122 4097 703 4177; x_wconf 87' lang='lat' dir='ltr'>musquodintercedsbasexanimo</span> <span class='ocrx_word' id='word_1_370' title='bbox 716 4112 775 4174; x_wconf 92' lang='lat' dir='ltr'>pro</span> <span class='ocrx_word' id='word_1_371' title='bbox 788 4096 916 4169; x_wconf 89' lang='lat' dir='ltr'>eodem,</span> <span class='ocrx_word' id='word_1_372' title='bbox 974 4096 1139 4157; x_wconf 88' lang='lat' dir='ltr'>securide</span> <span class='ocrx_word' id='word_1_373' title='bbox 1160 4095 1347 4169; x_wconf 88' lang='lat' dir='ltr'>manubrio,</span> <span class='ocrx_word' id='word_1_374' title='bbox 1371 4097 1565 4174; x_wconf 85' lang='lat' dir='ltr'>perimatur,</span> <span class='ocrx_word' id='word_1_375' title='bbox 1582 4098 1615 4159; x_wconf 89' lang='lat' dir='ltr'>et</span> <span class='ocrx_word' id='word_1_376' title='bbox 1635 4096 1675 4158; x_wconf 90' lang='lat' dir='ltr'>de</span> <span class='ocrx_word' id='word_1_377' title='bbox 1691 4113 1772 4158; x_wconf 91' lang='lat' dir='ltr'>nos-</span> 
     </span>
     <span class='ocr_line' id='line_1_66' title="bbox 122 4194 1773 4276; baseline -0.003 -17"><span class='ocrx_word' id='word_1_378' title='bbox 122 4199 196 4276; x_wconf 87' lang='lat' dir='ltr'>ipsa</span> <span class='ocrx_word' id='word_1_379' title='bbox 215 4197 440 4258; x_wconf 87' lang='lat' dir='ltr'>inculcatione</span> <span class='ocrx_word' id='word_1_380' title='bbox 455 4212 590 4274; x_wconf 90' lang='lat' dir='ltr'>precum</span> <span class='ocrx_word' id='word_1_381' title='bbox 604 4195 732 4273; x_wconf 87' lang='lat' dir='ltr'>regium</span> <span class='ocrx_word' id='word_1_382' title='bbox 744 4194 834 4257; x_wconf 83' lang='lat' dir='ltr'>circa</span> <span class='ocrx_word' id='word_1_383' title='bbox 855 4194 919 4256; x_wconf 88' lang='lat' dir='ltr'>boc</span> <span class='ocrx_word' id='word_1_384' title='bbox 972 4194 1406 4271; x_wconf 75' lang='lat' dir='ltr'>tris-requiraturmanibus</span> <span class='ocrx_word' id='word_1_385' title='bbox 1422 4194 1559 4272; x_wconf 89' lang='lat' dir='ltr'>sanguis</span> <span class='ocrx_word' id='word_1_386' title='bbox 1578 4197 1662 4273; x_wconf 89' lang='lat' dir='ltr'>ejus.</span> <span class='ocrx_word' id='word_1_387' title='bbox 1679 4195 1773 4256; x_wconf 89' lang='lat' dir='ltr'>Licet</span> 
     </span>
     <span class='ocr_line' id='line_1_67' title="bbox 122 4290 1770 4372; baseline -0.002 -17"><span class='ocrx_word' id='word_1_388' title='bbox 122 4295 279 4356; x_wconf 84' lang='lat' dir='ltr'>affectum</span> <span class='ocrx_word' id='word_1_389' title='bbox 291 4295 428 4372; x_wconf 89' lang='lat' dir='ltr'>plenius.</span> <span class='ocrx_word' id='word_1_390' title='bbox 444 4294 615 4355; x_wconf 86' lang='lat' dir='ltr'>innuente.</span> <span class='ocrx_word' id='word_1_391' title='bbox 635 4295 719 4353; x_wconf 79' lang='lat' dir='ltr'>Cum·</span> <span class='ocrx_word' id='word_1_392' title='bbox 737 4293 839 4368; x_wconf 86' lang='lat' dir='ltr'>igitur</span> <span class='ocrx_word' id='word_1_393' title='bbox 853 4291 920 4352; x_wconf 83' lang='lat' dir='ltr'>ba·-</span> <span class='ocrx_word' id='word_1_394' title='bbox 972 4291 1076 4366; x_wconf 91' lang='lat' dir='ltr'>igitur</span> <span class='ocrx_word' id='word_1_395' title='bbox 1098 4291 1219 4353; x_wconf 86' lang='lat' dir='ltr'>nobilis</span> <span class='ocrx_word' id='word_1_396' title='bbox 1233 4293 1286 4352; x_wconf 74' lang='lat' dir='ltr'>sir</span> <span class='ocrx_word' id='word_1_397' title='bbox 1300 4290 1555 4371; x_wconf 77' lang='lat' dir='ltr'>lnjorannus(t)</span> <span class='ocrx_word' id='word_1_398' title='bbox 1576 4292 1617 4353; x_wconf 92' lang='lat' dir='ltr'>de</span> <span class='ocrx_word' id='word_1_399' title='bbox 1632 4292 1770 4353; x_wconf 87' lang='lat' dir='ltr'>Cociaoo</span> 
     </span>
     <span class='ocr_line' id='line_1_68' title="bbox 121 4388 1768 4468; baseline -0.003 -15"><span class='ocrx_word' id='word_1_400' title='bbox 121 4392 261 4454; x_wconf 91' lang='lat' dir='ltr'>beamus</span> <span class='ocrx_word' id='word_1_401' title='bbox 271 4392 454 4453; x_wconf 88' lang='lat' dir='ltr'>tirmiteriu</span> <span class='ocrx_word' id='word_1_402' title='bbox 464 4390 860 4468; x_wconf 79' lang='lat' dir='ltr'>proposito.ea,quantum</span> <span class='ocrx_word' id='word_1_403' title='bbox 870 4404 920 4451; x_wconf 90' lang='lat' dir='ltr'>se-</span> <span class='ocrx_word' id='word_1_404' title='bbox 973 4388 1157 4466; x_wconf 85' lang='lat' dir='ltr'>superhoc</span> <span class='ocrx_word' id='word_1_405' title='bbox 1183 4389 1362 4465; x_wconf 87' lang='lat' dir='ltr'>plurimum</span> <span class='ocrx_word' id='word_1_406' title='bbox 1391 4388 1571 4466; x_wconf 88' lang='lat' dir='ltr'>deliquisse</span> <span class='ocrx_word' id='word_1_407' title='bbox 1601 4391 1768 4460; x_wconf 87' lang='lat' dir='ltr'>noscatur,</span> 
     </span>
     <span class='ocr_line' id='line_1_69' title="bbox 121 4484 1773 4566; baseline -0.004 -13"><span class='ocrx_word' id='word_1_408' title='bbox 121 4490 266 4553; x_wconf 91' lang='lat' dir='ltr'>cundum</span> <span class='ocrx_word' id='word_1_409' title='bbox 282 4493 385 4551; x_wconf 87' lang='lat' dir='ltr'>Deum</span> <span class='ocrx_word' id='word_1_410' title='bbox 398 4489 614 4566; x_wconf 89' lang='lat' dir='ltr'>potuerimus,</span> <span class='ocrx_word' id='word_1_411' title='bbox 632 4486 916 4564; x_wconf 87' lang='lat' dir='ltr'>sempereldoere,</span> <span class='ocrx_word' id='word_1_412' title='bbox 973 4486 1060 4564; x_wconf 89' lang='lat' dir='ltr'>quod</span> <span class='ocrx_word' id='word_1_413' title='bbox 1075 4486 1232 4548; x_wconf 90' lang='lat' dir='ltr'>dilectum</span> <span class='ocrx_word' id='word_1_414' title='bbox 1247 4487 1352 4546; x_wconf 87' lang='lat' dir='ltr'>lilium</span> <span class='ocrx_word' id='word_1_415' title='bbox 1366 4490 1404 4547; x_wconf 83' lang='lat' dir='ltr'>A.</span> <span class='ocrx_word' id='word_1_416' title='bbox 1423 4484 1472 4565; x_wconf 86' lang='lat'>(5)</span> <span class='ocrx_word' id='word_1_417' title='bbox 1499 4486 1661 4548; x_wconf 90' lang='lat' dir='ltr'>decanum</span> <span class='ocrx_word' id='word_1_418' title='bbox 1683 4488 1773 4546; x_wconf 83' lang='lat' dir='ltr'>Lau-</span> 
     </span>
     <span class='ocr_line' id='line_1_70' title="bbox 122 4584 1771 4666; baseline -0.002 -18"><span class='ocrx_word' id='word_1_419' title='bbox 122 4604 195 4666; x_wconf 87' lang='lat' dir='ltr'>quae</span> <span class='ocrx_word' id='word_1_420' title='bbox 208 4589 274 4650; x_wconf 87' lang='lat' dir='ltr'>tuae</span> <span class='ocrx_word' id='word_1_421' title='bbox 290 4587 491 4649; x_wconf 83' lang='lat' dir='ltr'>sublimitati</span> <span class='ocrx_word' id='word_1_422' title='bbox 506 4586 698 4647; x_wconf 84' lang='lat' dir='ltr'>noverimus</span> <span class='ocrx_word' id='word_1_423' title='bbox 713 4586 811 4661; x_wconf 80' lang='lat' dir='ltr'>grata</span> <span class='ocrx_word' id='word_1_424' title='bbox 831 4601 918 4658; x_wconf 89' lang='lat' dir='ltr'>esse,</span> <span class='ocrx_word' id='word_1_425' title='bbox 973 4584 1132 4644; x_wconf 88' lang='lat' dir='ltr'>dunensis</span> <span class='ocrx_word' id='word_1_426' title='bbox 1163 4584 1314 4645; x_wconf 86' lang='lat' dir='ltr'>ecclesiae</span> <span class='ocrx_word' id='word_1_427' title='bbox 1339 4585 1413 4662; x_wconf 87' lang='lat' dir='ltr'>capi</span> <span class='ocrx_word' id='word_1_428' title='bbox 1442 4584 1569 4655; x_wconf 89' lang='lat' dir='ltr'>iecerit,</span> <span class='ocrx_word' id='word_1_429' title='bbox 1595 4585 1771 4661; x_wconf 89' lang='lat' dir='ltr'>ipsumque</span> 
     </span>
     <span class='ocr_line' id='line_1_71' title="bbox 121 4681 1769 4763; baseline -0.002 -16"><span class='ocrx_word' id='word_1_430' title='bbox 121 4685 297 4763; x_wconf 86' lang='lat' dir='ltr'>praeiatum</span> <span class='ocrx_word' id='word_1_431' title='bbox 318 4685 617 4761; x_wconf 88' lang='lat' dir='ltr'>archiepiscopum,</span> <span class='ocrx_word' id='word_1_432' title='bbox 634 4684 768 4745; x_wconf 88' lang='lat' dir='ltr'>tuarum</span> <span class='ocrx_word' id='word_1_433' title='bbox 783 4698 919 4760; x_wconf 88' lang='lat' dir='ltr'>precum</span> <span class='ocrx_word' id='word_1_434' title='bbox 973 4681 1114 4743; x_wconf 90' lang='lat' dir='ltr'>detinuit</span> <span class='ocrx_word' id='word_1_435' title='bbox 1134 4682 1168 4742; x_wconf 92' lang='lat' dir='ltr'>in</span> <span class='ocrx_word' id='word_1_436' title='bbox 1193 4682 1324 4759; x_wconf 87' lang='lat' dir='ltr'>privata</span> <span class='ocrx_word' id='word_1_437' title='bbox 1349 4683 1513 4754; x_wconf 88' lang='lat' dir='ltr'>custodia,</span> <span class='ocrx_word' id='word_1_438' title='bbox 1536 4681 1594 4744; x_wconf 89' lang='lat' dir='ltr'>sed</span> <span class='ocrx_word' id='word_1_439' title='bbox 1610 4682 1769 4756; x_wconf 89' lang='lat' dir='ltr'>bonesta;</span> 
     </span>
    </p>
   </div>
   <div class='ocr_carea' id='block_1_22' title="bbox 121 4812 1773 5668">
    <p class='ocr_par' dir='ltr' id='par_1_25' title="bbox 121 4812 1773 5668">
     <span class='ocr_line' id='line_1_72' title="bbox 158 4812 1767 4888; baseline -0.003 -15"><span class='ocrx_word' id='word_1_440' title='bbox 158 4816 200 4888; x_wconf 83' lang='grc'><strong>(1)</strong></span> <span class='ocrx_word' id='word_1_441' title='bbox 222 4819 304 4874; x_wconf 88' lang='lat' dir='ltr'>Petro</span> <span class='ocrx_word' id='word_1_442' title='bbox 319 4816 354 4874; x_wconf 93' lang='lat' dir='ltr'>dc</span> <span class='ocrx_word' id='word_1_443' title='bbox 365 4815 507 4875; x_wconf 88' lang='lat' dir='ltr'>Corbolio.</span> <span class='ocrx_word' id='word_1_444' title='bbox 974 4827 1031 4870; x_wconf 91' lang='lat' dir='ltr'>non</span> <span class='ocrx_word' id='word_1_445' title='bbox 1047 4812 1194 4882; x_wconf 87' lang='lat' dir='ltr'>baberent,</span> <span class='ocrx_word' id='word_1_446' title='bbox 1209 4814 1267 4871; x_wconf 83' lang='lat' dir='ltr'>nisi</span> <span class='ocrx_word' id='word_1_447' title='bbox 1278 4815 1311 4868; x_wconf 82' lang='lat' dir='ltr'>de</span> <span class='ocrx_word' id='word_1_448' title='bbox 1329 4814 1473 4870; x_wconf 82' lang='lat' dir='ltr'>voluntate</span> <span class='ocrx_word' id='word_1_449' title='bbox 1485 4814 1578 4884; x_wconf 82' lang='lat' dir='ltr'>patris</span> <span class='ocrx_word' id='word_1_450' title='bbox 1592 4813 1691 4886; x_wconf 73' lang='lat' dir='ltr'>{terent</span> <span class='ocrx_word' id='word_1_451' title='bbox 1707 4829 1767 4868; x_wconf 82' lang='lat' dir='ltr'>cer·</span> 
     </span>
     <span class='ocr_line' id='line_1_73' title="bbox 158 4883 1771 4966; baseline -0.004 -21"><span class='ocrx_word' id='word_1_452' title='bbox 158 4891 198 4959; x_wconf 76' lang='lat'>(2)</span> <span class='ocrx_word' id='word_1_453' title='bbox 214 4890 282 4947; x_wconf 85' lang='lat' dir='ltr'>Cum</span> <span class='ocrx_word' id='word_1_454' title='bbox 304 4903 352 4944; x_wconf 85' lang='lat' dir='ltr'>rex</span> <span class='ocrx_word' id='word_1_455' title='bbox 376 4887 532 4959; x_wconf 85' lang='lat' dir='ltr'>Philippus,</span> <span class='ocrx_word' id='word_1_456' title='bbox 548 4900 585 4942; x_wconf 89' lang='lat' dir='ltr'>ne</span> <span class='ocrx_word' id='word_1_457' title='bbox 605 4885 641 4942; x_wconf 93' lang='lat' dir='ltr'>ali</span> <span class='ocrx_word' id='word_1_458' title='bbox 662 4893 784 4942; x_wconf 83' lang='lat' dir='ltr'>notanus</span> <span class='ocrx_word' id='word_1_459' title='bbox 803 4892 915 4942; x_wconf 89' lang='lat' dir='ltr'>notare·</span> <span class='ocrx_word' id='word_1_460' title='bbox 973 4885 1091 4941; x_wconf 79' lang='lat' dir='ltr'>tiores.»</span> <span class='ocrx_word' id='word_1_461' title='bbox 1106 4884 1175 4942; x_wconf 90' lang='lat' dir='ltr'>lnde</span> <span class='ocrx_word' id='word_1_462' title='bbox 1190 4884 1348 4941; x_wconf 85' lang='lat' dir='ltr'>maiilabes</span> <span class='ocrx_word' id='word_1_463' title='bbox 1362 4886 1389 4940; x_wconf 96' lang='lat' dir='ltr'>in</span> <span class='ocrx_word' id='word_1_464' title='bbox 1401 4883 1649 4958; x_wconf 86' lang='lat' dir='ltr'>archiepiscopum</span> <span class='ocrx_word' id='word_1_465' title='bbox 1666 4883 1771 4966; x_wconf 77' lang='lat' dir='ltr'>retusa.</span> 
     </span>
     <span class='ocr_line' id='line_1_74' title="bbox 121 4901 1769 5042; baseline -0.003 -25"><span class='ocrx_word' id='word_1_466' title='bbox 121 4969 167 5017; x_wconf 87' lang='lat' dir='ltr'>tur</span> <span class='ocrx_word' id='word_1_467' title='bbox 186 4960 223 5017; x_wconf 87' lang='lat' dir='ltr'>de</span> <span class='ocrx_word' id='word_1_468' title='bbox 242 4959 373 5042; x_wconf 75' lang='lat' dir='ltr'>perjurio,</span> <span class='ocrx_word' id='word_1_469' title='bbox 391 4958 479 5015; x_wconf 87' lang='lat' dir='ltr'>lilium</span> <span class='ocrx_word' id='word_1_470' title='bbox 497 4972 580 5013; x_wconf 90' lang='lat' dir='ltr'>suum</span> <span class='ocrx_word' id='word_1_471' title='bbox 595 4963 624 5012; x_wconf 91' lang='lat' dir='ltr'>et</span> <span class='ocrx_word' id='word_1_472' title='bbox 643 4901 772 5013; x_wconf 54' lang='lat' dir='ltr'>(barones</span> <span class='ocrx_word' id='word_1_473' title='bbox 791 4957 919 5028; x_wconf 89' lang='lat' dir='ltr'>quicum</span> <span class='ocrx_word' id='word_1_474' title='bbox 1011 4954 1178 5026; x_wconf 71' lang='grc'><strong>(31011111</strong></span> <span class='ocrx_word' id='word_1_475' title='bbox 1200 4971 1231 5012; x_wconf 86' lang='lat' dir='ltr'>re</span> <span class='ocrx_word' id='word_1_476' title='bbox 1258 4955 1406 5028; x_wconf 86' lang='lat' dir='ltr'>Phiiippus</span> <span class='ocrx_word' id='word_1_477' title='bbox 1434 4961 1534 5028; x_wconf 88' lang='lat' dir='ltr'>ageret</span> <span class='ocrx_word' id='word_1_478' title='bbox 1550 4969 1616 5013; x_wconf 91' lang='lat' dir='ltr'>cum</span> <span class='ocrx_word' id='word_1_479' title='bbox 1634 4957 1769 5022; x_wconf 80' lang='lat' dir='ltr'>llonono¹</span> 
     </span>
     <span class='ocr_line' id='line_1_75' title="bbox 121 5026 1769 5101; baseline -0.003 -14"><span class='ocrx_word' id='word_1_480' title='bbox 121 5047 157 5088; x_wconf 89' lang='lat' dir='ltr'>eo</span> <span class='ocrx_word' id='word_1_481' title='bbox 169 5030 274 5087; x_wconf 90' lang='lat' dir='ltr'>bellum</span> <span class='ocrx_word' id='word_1_482' title='bbox 288 5045 317 5086; x_wconf 87' lang='lat' dir='ltr'>ru</span> <span class='ocrx_word' id='word_1_483' title='bbox 334 5029 467 5101; x_wconf 69' lang='lat' dir='ltr'>angliam</span> <span class='ocrx_word' id='word_1_484' title='bbox 483 5028 646 5095; x_wconf 90' lang='lat' dir='ltr'>intulerant,</span> <span class='ocrx_word' id='word_1_485' title='bbox 663 5033 802 5083; x_wconf 88' lang='lat' dir='ltr'>terrarum</span> <span class='ocrx_word' id='word_1_486' title='bbox 818 5028 918 5084; x_wconf 89' lang='lat' dir='ltr'>multa·</span> <span class='ocrx_word' id='word_1_487' title='bbox 974 5042 1027 5084; x_wconf 90' lang='lat' dir='ltr'>nos</span> <span class='ocrx_word' id='word_1_488' title='bbox 1038 5029 1191 5083; x_wconf 87' lang='lat' dir='ltr'>nescimus.</span> <span class='ocrx_word' id='word_1_489' title='bbox 1209 5026 1386 5083; x_wconf 76' lang='lat' dir='ltr'>Arbitrantur</span> <span class='ocrx_word' id='word_1_490' title='bbox 1402 5034 1496 5082; x_wconf 71' lang='lat' dir='ltr'>summ</span> <span class='ocrx_word' id='word_1_491' title='bbox 1513 5027 1709 5084; x_wconf 79' lang='lat' dir='ltr'>senonensem</span> <span class='ocrx_word' id='word_1_492' title='bbox 1725 5041 1769 5083; x_wconf 89' lang='lat' dir='ltr'>ar·</span> 
     </span>
     <span class='ocr_line' id='line_1_76' title="bbox 121 5096 1772 5170; baseline -0.002 -12"><span class='ocrx_word' id='word_1_493' title='bbox 121 5103 201 5159; x_wconf 88' lang='lat' dir='ltr'>tione</span> <span class='ocrx_word' id='word_1_494' title='bbox 211 5102 394 5168; x_wconf 88' lang='lat' dir='ltr'>coercuisset,</span> <span class='ocrx_word' id='word_1_495' title='bbox 413 5101 475 5156; x_wconf 77' lang='lat' dir='ltr'>«Pa</span> <span class='ocrx_word' id='word_1_496' title='bbox 499 5106 634 5168; x_wconf 87' lang='lat' dir='ltr'>atamen,</span> <span class='ocrx_word' id='word_1_497' title='bbox 651 5098 742 5170; x_wconf 88' lang='lat' dir='ltr'>inquit</span> <span class='ocrx_word' id='word_1_498' title='bbox 753 5099 919 5156; x_wconf 82' lang='lat' dir='ltr'>Guilleirnus</span> <span class='ocrx_word' id='word_1_499' title='bbox 974 5096 1187 5169; x_wconf 87' lang='lat' dir='ltr'>chlepisoopurn</span> <span class='ocrx_word' id='word_1_500' title='bbox 1207 5097 1356 5154; x_wconf 89' lang='lat' dir='ltr'>dissidium</span> <span class='ocrx_word' id='word_1_501' title='bbox 1373 5096 1507 5153; x_wconf 87' lang='lat' dir='ltr'>babuisse</span> <span class='ocrx_word' id='word_1_502' title='bbox 1522 5112 1586 5154; x_wconf 88' lang='lat' dir='ltr'>oum</span> <span class='ocrx_word' id='word_1_503' title='bbox 1602 5099 1772 5155; x_wconf 90' lang='lat' dir='ltr'>Pruvinensi</span> 
     </span>
     <span class='ocr_line' id='line_1_77' title="bbox 122 5113 1772 5252; baseline -0.002 -22"><span class='ocrx_word' id='word_1_504' title='bbox 122 5174 211 5240; x_wconf 86' lang='lat' dir='ltr'>Brito,</span> <span class='ocrx_word' id='word_1_505' title='bbox 230 5179 307 5228; x_wconf 85' lang='lat' dir='ltr'>torno</span> <span class='ocrx_word' id='word_1_506' title='bbox 327 5178 424 5227; x_wconf 88' lang='lat' dir='ltr'>nostro</span> <span class='ocrx_word' id='word_1_507' title='bbox 439 5113 537 5252; x_wconf 47' lang='grc'><strong>11811,</strong></span> <span class='ocrx_word' id='word_1_508' title='bbox 560 5184 628 5243; x_wconf 87' lang='lat' dir='ltr'>pag.</span> <span class='ocrx_word' id='word_1_509' title='bbox 646 5170 707 5237; x_wconf 84' lang='grc'><strong>109,</strong></span> <span class='ocrx_word' id='word_1_510' title='bbox 727 5183 792 5225; x_wconf 89' lang='lat' dir='ltr'>eum</span> <span class='ocrx_word' id='word_1_511' title='bbox 814 5168 916 5225; x_wconf 82' lang='lat' dir='ltr'>nibilo-</span> <span class='ocrx_word' id='word_1_512' title='bbox 975 5166 1187 5236; x_wconf 85' lang='lat' dir='ltr'>archidiacono,</span> <span class='ocrx_word' id='word_1_513' title='bbox 1201 5169 1286 5240; x_wconf 90' lang='lat' dir='ltr'>quale</span> <span class='ocrx_word' id='word_1_514' title='bbox 1306 5168 1404 5225; x_wconf 88' lang='lat' dir='ltr'>babuit</span> <span class='ocrx_word' id='word_1_515' title='bbox 1418 5168 1487 5225; x_wconf 90' lang='lat' dir='ltr'>olim</span> <span class='ocrx_word' id='word_1_516' title='bbox 1509 5168 1679 5226; x_wconf 77' lang='lat' dir='ltr'>parisiensis</span> <span class='ocrx_word' id='word_1_517' title='bbox 1694 5172 1772 5242; x_wconf 89' lang='lat' dir='ltr'>epis·</span> 
     </span>
     <span class='ocr_line' id='line_1_78' title="bbox 122 5237 1772 5312; baseline -0.002 -12"><span class='ocrx_word' id='word_1_518' title='bbox 122 5245 218 5300; x_wconf 90' lang='lat' dir='ltr'>minus</span> <span class='ocrx_word' id='word_1_519' title='bbox 236 5241 384 5298; x_wconf 83' lang='lat' dir='ltr'>delevere</span> <span class='ocrx_word' id='word_1_520' title='bbox 408 5239 456 5297; x_wconf 83' lang='lat' dir='ltr'>biri</span> <span class='ocrx_word' id='word_1_521' title='bbox 485 5242 528 5296; x_wconf 88' lang='lat' dir='ltr'>sui</span> <span class='ocrx_word' id='word_1_522' title='bbox 550 5248 713 5312; x_wconf 88' lang='lat' dir='ltr'>suspectum</span> <span class='ocrx_word' id='word_1_523' title='bbox 738 5238 858 5308; x_wconf 88' lang='lat' dir='ltr'>babens,</span> <span class='ocrx_word' id='word_1_524' title='bbox 872 5254 918 5296; x_wconf 89' lang='lat' dir='ltr'>ar·</span> <span class='ocrx_word' id='word_1_525' title='bbox 974 5254 1063 5310; x_wconf 88' lang='lat' dir='ltr'>copus</span> <span class='ocrx_word' id='word_1_526' title='bbox 1075 5252 1140 5295; x_wconf 89' lang='lat' dir='ltr'>cum</span> <span class='ocrx_word' id='word_1_527' title='bbox 1156 5238 1301 5312; x_wconf 87' lang='lat' dir='ltr'>Stephano</span> <span class='ocrx_word' id='word_1_528' title='bbox 1313 5237 1350 5295; x_wconf 90' lang='lat' dir='ltr'>de</span> <span class='ocrx_word' id='word_1_529' title='bbox 1373 5238 1527 5305; x_wconf 72' lang='lat' dir='ltr'>dasianus.</span> <span class='ocrx_word' id='word_1_530' title='bbox 1550 5246 1596 5297; x_wconf 91' lang='lat' dir='ltr'>cui</span> <span class='ocrx_word' id='word_1_531' title='bbox 1616 5255 1665 5297; x_wconf 83' lang='lat' dir='ltr'>rex</span> <span class='ocrx_word' id='word_1_532' title='bbox 1681 5240 1772 5298; x_wconf 86' lang='lat' dir='ltr'>Ludo-</span> 
     </span>
     <span class='ocr_line' id='line_1_79' title="bbox 121 5309 1773 5437; baseline -0.002 -66"><span class='ocrx_word' id='word_1_533' title='bbox 121 5314 306 5397; x_wconf 85' lang='lat' dir='ltr'>chiepisoopo</span> <span class='ocrx_word' id='word_1_534' title='bbox 321 5311 479 5370; x_wconf 84' lang='lat' dir='ltr'>senonensi</span> <span class='ocrx_word' id='word_1_535' title='bbox 492 5316 521 5368; x_wconf 83' lang='lat' dir='ltr'>et</span> <span class='ocrx_word' id='word_1_536' title='bbox 535 5311 597 5394; x_wconf 77' lang='lat' dir='ltr'>ejus</span> <span class='ocrx_word' id='word_1_537' title='bbox 611 5310 802 5383; x_wconf 73' lang='lat' dir='ltr'>suffraganeis</span> <span class='ocrx_word' id='word_1_538' title='bbox 813 5310 921 5368; x_wconf 88' lang='lat' dir='ltr'>litteras</span> <span class='ocrx_word' id='word_1_539' title='bbox 976 5311 1056 5391; x_wconf 73' lang='lat' dir='ltr'>picus</span> <span class='ocrx_word' id='word_1_540' title='bbox 1071 5311 1108 5369; x_wconf 87' lang='lat' dir='ltr'>VI</span> <span class='ocrx_word' id='word_1_541' title='bbox 1123 5309 1246 5392; x_wconf 80' lang='lat' dir='ltr'>laverat.</span> <span class='ocrx_word' id='word_1_542' title='bbox 1263 5312 1322 5437; x_wconf 63' lang='grc'><strong>3111</strong></span> <span class='ocrx_word' id='word_1_543' title='bbox 1338 5310 1491 5367; x_wconf 84' lang='lat' dir='ltr'>occasione</span> <span class='ocrx_word' id='word_1_544' title='bbox 1506 5311 1773 5369; x_wconf 87' lang='lat' dir='ltr'>archidiaconorum</span> 
     </span>
     <span class='ocr_line' id='line_1_80' title="bbox 121 5381 1770 5455; baseline -0.002 -13"><span class='ocrx_word' id='word_1_545' title='bbox 121 5385 286 5452; x_wconf 81' lang='lat' dir='ltr'>destinavit,</span> <span class='ocrx_word' id='word_1_546' title='bbox 303 5383 446 5455; x_wconf 90' lang='lat' dir='ltr'>inquibus</span> <span class='ocrx_word' id='word_1_547' title='bbox 461 5383 672 5454; x_wconf 83' lang='lat' dir='ltr'>notavrtipsunr</span> <span class='ocrx_word' id='word_1_548' title='bbox 686 5396 717 5437; x_wconf 92' lang='lat' dir='ltr'>re</span> <span class='ocrx_word' id='word_1_549' title='bbox 739 5395 785 5438; x_wconf 86' lang='lat' dir='ltr'>ern</span> <span class='ocrx_word' id='word_1_550' title='bbox 802 5396 918 5438; x_wconf 86' lang='lat' dir='ltr'>excom·</span> <span class='ocrx_word' id='word_1_551' title='bbox 972 5395 1035 5454; x_wconf 66' lang='lat' dir='ltr'>jura</span> <span class='ocrx_word' id='word_1_552' title='bbox 1051 5388 1152 5437; x_wconf 85' lang='lat' dir='ltr'>restrrn</span> <span class='ocrx_word' id='word_1_553' title='bbox 1176 5381 1250 5438; x_wconf 89' lang='lat' dir='ltr'>enda</span> <span class='ocrx_word' id='word_1_554' title='bbox 1285 5382 1391 5438; x_wconf 88' lang='lat' dir='ltr'>ecrevit</span> <span class='ocrx_word' id='word_1_555' title='bbox 1404 5383 1546 5440; x_wconf 92' lang='lat' dir='ltr'>llonorius</span> <span class='ocrx_word' id='word_1_556' title='bbox 1560 5385 1596 5452; x_wconf 92' lang='lat' dir='ltr'>ll,</span> <span class='ocrx_word' id='word_1_557' title='bbox 1614 5391 1690 5440; x_wconf 79' lang='lat' dir='ltr'>ionio</span> <span class='ocrx_word' id='word_1_558' title='bbox 1704 5398 1770 5439; x_wconf 91' lang='lat' dir='ltr'>nos·</span> 
     </span>
     <span class='ocr_line' id='line_1_81' title="bbox 122 5396 1548 5580; baseline -0.006 -66"><span class='ocrx_word' id='word_1_559' title='bbox 122 5458 298 5514; x_wconf 84' lang='lat' dir='ltr'>inunicaturn</span> <span class='ocrx_word' id='word_1_560' title='bbox 316 5469 390 5510; x_wconf 88' lang='lat' dir='ltr'>esse.</span> <span class='ocrx_word' id='word_1_561' title='bbox 408 5455 527 5525; x_wconf 85' lang='lat' dir='ltr'>Propter</span> <span class='ocrx_word' id='word_1_562' title='bbox 541 5452 616 5580; x_wconf 60' lang='lat' dir='ltr'>quod</span> <span class='ocrx_word' id='word_1_563' title='bbox 635 5467 745 5535; x_wconf 28' lang='lat' dir='ltr'>sydono</span> <span class='ocrx_word' id='word_1_564' title='bbox 758 5451 834 5524; x_wconf 89' lang='lat' dir='ltr'>apud</span> <span class='ocrx_word' id='word_1_565' title='bbox 849 5454 917 5510; x_wconf 87' lang='lat' dir='ltr'>blel-</span> <span class='ocrx_word' id='word_1_566' title='bbox 977 5462 1018 5509; x_wconf 94' lang='lat' dir='ltr'>tro</span> <span class='ocrx_word' id='word_1_567' title='bbox 1031 5453 1141 5532; x_wconf 56' lang='grc' dir='ltr'>ΧΗ.</span> <span class='ocrx_word' id='word_1_568' title='bbox 1155 5396 1206 5509; x_wconf 59' lang='lat' dir='ltr'>ffel</span> <span class='ocrx_word' id='word_1_569' title='bbox 1223 5459 1327 5524; x_wconf 88' lang='lat' dir='ltr'>etseq.</span> <span class='ocrx_word' id='word_1_570' title='bbox 1348 5453 1512 5580; x_wconf 42' lang='lat' dir='ltr'>Sssouquet.)</span> <span class='ocrx_word' id='word_1_571' title='bbox 1545 5503 1548 5506; x_wconf 20' lang='grc'><strong>1</strong></span> 
     </span>
     <span class='ocr_line' id='line_1_82' title="bbox 122 5522 1483 5599; baseline -0.003 -15"><span class='ocrx_word' id='word_1_572' title='bbox 122 5526 231 5585; x_wconf 83' lang='lat' dir='ltr'>drrnunr</span> <span class='ocrx_word' id='word_1_573' title='bbox 247 5531 424 5599; x_wconf 81' lang='lat' dir='ltr'>eorsgregnta</span> <span class='ocrx_word' id='word_1_574' title='bbox 440 5525 529 5594; x_wconf 77' lang='lat' dir='ltr'>(antro</span> <span class='ocrx_word' id='word_1_575' title='bbox 561 5524 623 5583; x_wconf 75' lang='lat' dir='ltr'>sio.</span> <span class='ocrx_word' id='word_1_576' title='bbox 646 5522 738 5581; x_wconf 74' lang='lat' dir='ltr'>rnetba</span> <span class='ocrx_word' id='word_1_577' title='bbox 755 5522 919 5596; x_wconf 89' lang='lat' dir='ltr'>quadrage·</span> <span class='ocrx_word' id='word_1_578' title='bbox 1011 5522 1053 5594; x_wconf 74' lang='lat' dir='ltr'>ti)</span> <span class='ocrx_word' id='word_1_579' title='bbox 1069 5523 1250 5579; x_wconf 78' lang='lat' dir='ltr'>sortiendum</span> <span class='ocrx_word' id='word_1_580' title='bbox 1262 5541 1270 5578; x_wconf 89' lang='lat'><em>:</em></span> <span class='ocrx_word' id='word_1_581' title='bbox 1281 5526 1353 5595; x_wconf 88' lang='lat' dir='ltr'>lnge</span> <span class='ocrx_word' id='word_1_582' title='bbox 1367 5538 1483 5580; x_wconf 87' lang='lat' dir='ltr'>rannus.</span> 
     </span>
     <span class='ocr_line' id='line_1_83' title="bbox 122 5592 1469 5668; baseline -0.004 -12"><span class='ocrx_word' id='word_1_583' title='bbox 122 5600 211 5667; x_wconf 77' lang='lat' dir='ltr'>sinis)</span> <span class='ocrx_word' id='word_1_584' title='bbox 236 5598 361 5653; x_wconf 90' lang='lat' dir='ltr'>universi</span> <span class='ocrx_word' id='word_1_585' title='bbox 390 5596 527 5667; x_wconf 88' lang='lat' dir='ltr'>primates</span> <span class='ocrx_word' id='word_1_586' title='bbox 554 5595 637 5666; x_wconf 81' lang='lat' dir='ltr'>regni</span> <span class='ocrx_word' id='word_1_587' title='bbox 662 5593 919 5666; x_wconf 83' lang='lat' dir='ltr'>proclamaverunt,</span> <span class='ocrx_word' id='word_1_588' title='bbox 1011 5592 1469 5668; x_wconf 77' lang='lat' dir='ltr'>(5)adsnn1ndecourlsnu011.</span> 
     </span>
    </p>
   </div>
   <div class='ocr_carea' id='block_1_23' title="bbox 123 5664 923 5743">
    <p class='ocr_par' dir='ltr' id='par_1_26' title="bbox 123 5664 923 5743">
     <span class='ocr_line' id='line_1_84' title="bbox 123 5664 923 5743; baseline -0.009 -15"><span class='ocrx_word' id='word_1_589' title='bbox 123 5668 199 5743; x_wconf 89' lang='lat' dir='ltr'>quod</span> <span class='ocrx_word' id='word_1_590' title='bbox 221 5669 312 5741; x_wconf 84' lang='lat' dir='ltr'>ipsum</span> <span class='ocrx_word' id='word_1_591' title='bbox 336 5680 435 5739; x_wconf 85' lang='lat' dir='ltr'>regern</span> <span class='ocrx_word' id='word_1_592' title='bbox 447 5674 562 5739; x_wconf 88' lang='lat' dir='ltr'>propter</span> <span class='ocrx_word' id='word_1_593' title='bbox 575 5664 630 5722; x_wconf 84' lang='lat' dir='ltr'>boc</span> <span class='ocrx_word' id='word_1_594' title='bbox 642 5670 923 5725; x_wconf 74' lang='lat' dir='ltr'>excommunicatum</span> 
     </span>
    </p>
   </div>
   <div class='ocr_carea' id='block_1_24' title="bbox 0 0 1908 6164">
    <p class='ocr_par' dir='ltr' id='par_1_27' title="bbox 0 0 1908 6164">
     <span class='ocr_line' id='line_1_85' title="bbox 0 0 1908 6164; baseline 0 0"><span class='ocrx_word' id='word_1_595' title='bbox 0 0 1908 6164; x_wconf 95' lang='lat' dir='ltr'> </span> 
     </span>
    </p>
   </div>
  </div>
 </body>
</html>
