3802 6166
119 277 178 341 ne
733 281 909 345 nondun
930 281 978 343 111
997 282 1145 344 crana.
1627 256 1633 263 ’
1709 280 1768 343 rso

119 438 297 516 utrumque
316 437 494 517 inquiratis
514 436 769 516 diligentissime
788 440 914 505 verita-
963 444 1020 521 jus
1034 456 1132 503 suum
1150 454 1263 503 coram
1275 437 1408 502 domino
1423 437 1511 503 feodi
1532 438 1692 518 prosequi
1711 439 1769 505 de-

120 534 187 599 tem
202 536 236 599 et
247 552 320 614 quae
337 536 501 599 invenerit
515 536 657 600 fideliter
676 537 865 614 redigentes
878 538 914 600 in
966 539 1104 613 buisset,
1112 537 1259 616 praefatae
1271 536 1392 599 litterae
1415 553 1482 599 non
1496 536 1654 600 valebant
1668 554 1768 615 quum

120 632 266 710 scriptis,
291 649 331 695 ea
352 633 413 694 sub
433 634 554 696 vestris
569 635 689 712 sigillis
703 636 744 697 ad
767 637 914 698 nostram
969 653 1036 698 non
1050 636 1174 699 iaciant
1187 636 1387 698 mentionem
1403 634 1489 713 quod
1508 634 1597 697 leodi
1613 635 1769 697 dominus

121 731 333 809 praesentiam
356 732 600 805 transmittatis,
625 734 661 795 ut
685 749 746 811 per
771 736 916 795 vestram
969 735 1070 797 luerit
1087 735 1277 811 requisitus,
1294 733 1327 796 et
1344 733 1416 810 ipse
1436 733 1470 793 in
1491 733 1682 795 exbibenda
1706 732 1769 796 sibi

121 828 317 890 relationem
331 828 485 891 instructi
511 830 547 891 in
570 830 703 907 negotio
726 831 811 908 ipso,
835 847 917 892 auc·
966 832 1095 911 justitia
1122 833 1270 895 extiterit
1298 831 1470 907 negligens
1501 831 1556 893 vel
1585 831 1794 909 remissus3·

122 924 194 986 tore
209 925 360 998 Domine,
372 926 600 1003 procedamus,
617 927 779 1005 proutille
794 928 850 1004 qui
861 927 917 989 dat
971 928 1174 1008 subjungens
1182 929 1269 1008 quod
1279 929 1403 991 eaedem
1413 929 1544 1002 litterae,
1554 928 1703 991 salsitate
1712 944 1770 991 ex-

123 1021 277 1083 omnibus
289 1022 465 1085 affluenter
477 1024 510 1086 et
523 1040 590 1086 non
604 1024 809 1102 improperat
822 1025 917 1087 nobis
971 1043 1096 1106 pressa,
1113 1027 1237 1090 suerint
1250 1027 1445 1105 impetratae,
1462 1042 1501 1089 eo
1516 1027 1604 1105 quod
1626 1042 1769 1103 sugges-

124 1118 167 1182 ad
181 1120 234 1180 sui
248 1120 392 1182 nominis
409 1122 570 1184 honorem
594 1122 627 1185 et
647 1122 788 1198 gloriam
807 1121 917 1199 inspi-
971 1127 1041 1188 tum
1048 1124 1157 1189 iuerat
1166 1126 1310 1188 castrum
1318 1124 1400 1186 illud
1410 1124 1452 1185 ad
1460 1124 1610 1186 eamdem
1618 1124 1769 1200 reginam

123 1215 223 1279 rabit.
245 1218 386 1289 Quodsi
406 1233 473 1280 non
497 1234 612 1281 omnes
635 1218 689 1280 his
715 1219 918 1298 exequendis
972 1225 1102 1286 ratione
1116 1222 1257 1286 dotalitii
1285 1223 1472 1300 pertinere;
1495 1238 1596 1300 quum
1631 1237 1697 1283 nec
1728 1220 1767 1283 ab

126 1314 302 1393 potueritis
316 1315 490 1390 interesse,
512 1317 549 1379 tu
570 1332 622 1387 ea,
636 1315 739 1380 irater
753 1317 917 1395 episcope,
973 1322 1081 1394 initio,
1097 1337 1159 1383 nec
1180 1321 1319 1382 durante
1339 1319 1550 1382 matrimonio
1569 1335 1589 1381 a
1608 1320 1686 1381 viro
1710 1319 1771 1380 sibi

126 1427 335 1474 cumeorum
356 1413 462 1476 altero
476 1414 696 1475 nihilominus
710 1415 918 1491 exsequaris.
974 1418 1075 1481 suerit
1096 1419 1131 1479 in
1155 1417 1332 1481 donatione
1353 1419 1487 1496 propter
1501 1417 1635 1494 nuptias
1657 1416 1769 1492 assig-

125 1509 245 1571 Datum
272 1510 439 1584 Laterani,
473 1513 548 1572 XVI
577 1510 712 1573 kalend.
746 1511 918 1585 februarii,
975 1519 1099 1579 natum.
1115 1517 1165 1578 Ad
1183 1517 1255 1578 baec
1273 1517 1384 1578 autem
1404 1515 1469 1577 luit
1487 1531 1530 1576 ex
1551 1516 1645 1592 parte
1667 1514 1770 1591 ipsius

126 1606 337 1682 pontificatus
351 1606 687 1688 nostriannoprimo.
974 1615 1101 1691 reginae
1130 1629 1336 1691 responsum,
1373 1613 1461 1690 quod
1494 1613 1596 1674 vidua
1630 1612 1770 1688 spoliata

975 1711 1165 1789 irrequisito
1193 1711 1281 1773 leodi
1302 1710 1447 1783 domino,
1473 1710 1689 1787 spoliatorem
1715 1726 1770 1771 seu

976 1809 1179 1871 detentorem
1201 1808 1250 1870 rei
1276 1824 1388 1871 coram
1416 1807 1644 1870 ecclesiastice
1661 1806 1770 1884 judice

977 1909 1106 1984 poterat
1117 1907 1305 1980 convenire,
1320 1908 1415 1984 cujus
1429 1905 1569 1968 interest
1580 1905 1701 1967 viduas
1715 1905 1770 1966 de·

976 2004 1121 2078 tensare,
1137 2021 1199 2067 nec
1219 2005 1322 2077 obest,
1339 2004 1425 2081 quod
1445 2003 1509 2065 sibi
1530 2005 1679 2065 castrum
1694 2000 1770 2063 illud

978 2119 998 2164 a
1020 2104 1094 2165 viro
1113 2104 1318 2179 assignatum
1341 2118 1408 2164 non
1429 2101 1549 2174 luerat,
1575 2117 1651 2163 cum
1676 2100 1771 2162 clarae

978 2201 1147 2262 memoriae
1171 2203 1317 2265 ioannes
1345 2216 1407 2261 ren
1433 2199 1574 2275 Angliae,
1602 2198 1713 2260 baeres
1742 2196 1772 2258 et

979 2315 1151 2360 successor
1175 2299 1241 2360 viri
1269 2298 1337 2369 sui,
1365 2297 1510 2359 castrum
1541 2295 1717 2372 praelatum
1740 2294 1771 2355 in

459 1849 591 1937 CXLV

190 2054 244 2115 Ad
267 2055 559 2129 archiepiscopum
582 2054 616 2116 et
637 2056 805 2116 decertum
830 2055 865 2116 ct

262 2154 541 2214 archidiaconum
560 2155 784 2214 turonenses.

424 2275 457 2331 li
470 2272 530 2347 jan.
548 2273 626 2332 rau.

158 2402 280 2468 [liegest.,
289 2401 335 2454 lib.
350 2403 370 2455 1.
384 2402 458 2469 epist.
474 2404 529 2455 lot.
544 2405 603 2456 liss.
616 2406 654 2458 Lu
665 2406 741 2457 Porta
753 2405 787 2456 du
800 2403 893 2469 Thali]

128 2563 162 2620 in
190 2578 276 2622 causa
302 2564 484 2638 berengariae
509 2572 607 2623 contra
634 2565 688 2624 W.
717 2562 754 2623 de
785 2562 925 2623 Guerchia

166 2650 342 2710 detentorem
366 2654 451 2710 castri
473 2653 572 2727 segrei
591 2654 701 2710 ratione
721 2652 840 2711 dotalitii
859 2668 923 2726 per·

165 2740 282 2798 tinentia
297 2740 332 2797 ad
347 2742 438 2814 ipsam
454 2755 510 2815 quo
529 2756 580 2815 per
598 2756 664 2799 eum
684 2740 776 2799 lucrat
793 2740 925 2816 spoliate,

165 2827 300 2887 mandata
316 2829 374 2887 dat.

979 2396 1208 2458 concambium
1232 2411 1292 2472 pro
1315 2395 1392 2456 aliis
1414 2393 1513 2456 rebus
1536 2391 1771 2454 dotalitialibus

980 2495 1087 2557 eidem
1102 2492 1313 2565 concesserit,
1327 2494 1361 2555 et
1374 2493 1446 2570 ipsa
1459 2489 1541 2553 illud
1557 2490 1614 2551 diu
1629 2507 1691 2567 pre
1703 2489 1770 2551 dote

980 2592 1117 2670 pacitice
1131 2591 1342 2669 possedisset.
1366 2590 1415 2652 Ad
1436 2590 1509 2651 baec
1530 2589 1641 2650 autem
1657 2588 1720 2649 suit
1734 2601 1771 2647 ex

981 2692 1074 2767 parte
1095 2689 1200 2766 ipsius
1225 2688 1347 2750 nobilis
1375 2687 1582 2764 replicatum,
1607 2685 1695 2762 quod
1718 2698 1770 2745 ren

981 2787 1157 2865 praedictus
1179 2787 1286 2848 haeres
1300 2802 1367 2847 non
1382 2786 1492 2846 luerat
1505 2784 1594 2861 regis
1610 2780 1768 2851 Riccardi,

980 2899 1042 2946 nec
1054 2883 1206 2945 dominus
1217 2885 1429 2961 andegaven.
1444 2881 1500 2944 sed
1515 2880 1665 2959 ejusdem
1678 2878 1770 2941 castri

981 2982 1094 3060 raptor
1112 2981 1221 3059 potius
1245 2983 1278 3043 et
1297 2982 1444 3053 invasor,
1470 2979 1572 3042 etita
1591 2981 1668 3056 jus,
1692 2974 1769 3056 quod

130 3087 265 3166 piscopo
280 3089 313 3151 et
329 3088 459 3151 dilectis
473 3089 551 3151 filiis
566 3091 692 3153 decano
712 3091 928 3156 etarcbidia-
980 3081 1053 3157 ipse
1085 3096 1292 3158 nequaquam
1326 3078 1460 3151 habuit,
1494 3076 1677 3140 transferre
1713 3090 1768 3136 11⁰ss

129 3199 213 3246 cono
231 3188 397 3249 Turonen.
981 3178 1087 3256 potuit
1100 3178 1132 3239 in
1145 3179 1305 3254 reginam.
1317 3177 1366 3240 Ad
1379 3176 1464 3255 quod
1478 3175 1525 3237 sio
1540 3191 1618 3253 pars
1631 3173 1768 3252 eJ‘usden

169 3284 220 3345 Ex
241 3284 335 3361 parte
356 3284 539 3348 carissimae
558 3285 593 3347 in
612 3287 745 3350 Christo
766 3287 844 3350 filiae
864 3291 929 3350 Be-
982 3278 1106 3353 iessinae
1135 3276 1317 3353 respondit,
1336 3274 1422 3353 quod
1442 3274 1558 3335 lOssiia
1582 3272 1768 3348 rescriptum

128 3381 304 3457 rengariae,
316 3383 481 3459 quondam
492 3384 621 3461 Angliee
631 3386 758 3462 reginae
772 3386 925 3458 illustris,
981 3376 1132 3453 exceptio
1145 3374 1334 3452 hujusmodi
1346 3389 1411 3434 non
1422 3371 1564 3444 valebat,
1579 3386 1641 3431 nec
1656 3369 1767 3430 habere

128 3477 193 3540 ruit
217 3481 421 3556 propositum
449 3496 561 3543 coram
596 3482 702 3555 nohis,
728 3484 816 3561 qued
851 3500 928 3545 eum
982 3472 1244 3535 debebatlocum
1265 3472 1301 3533 in
1324 3470 1541 3548 possessorio
1559 3467 1645 3546 quod
1666 3466 1768 3528 eadem

129 3575 275 3638 nobilem
289 3578 398 3639 virum
413 3580 467 3640 W.
484 3580 702 3642 deGuerchia
723 3580 927 3643 detentorem
982 3573 1097 3634 contra
1123 3570 1245 3633 dictum
1271 3568 1415 3631 nobilem
1437 3565 1632 3630 intentabat.
1657 3568 1768 3626 Verum

128 3674 231 3736 castri
257 3676 372 3751 Segrei
399 3677 530 3739 ratione
558 3677 701 3740 dotalitii
731 3679 928 3755 pertinentis
981 3686 1040 3731 vos
1062 3685 1162 3730 aures
1186 3667 1376 3746 hujusmodi
1389 3663 1640 3742 exceptionibus
1653 3659 1768 3723 frivolis

127 3770 171 3833 ad
184 3768 312 3850 [ipsam
329 3789 394 3850 quo
408 3790 469 3852 per
485 3790 561 3836 eum
579 3775 632 3836 vel
655 3777 728 3853 eJus
749 3776 928 3853 complices
981 3766 1187 3838 adhibentes,
1209 3766 1244 3826 in
1261 3764 1437 3842 principali
1453 3762 1586 3838 negotio
1600 3759 1768 3837 procedere

128 3870 419 3948 contrajustitiam
433 3871 542 3934 fuerat
563 3872 715 3950 spoliata,
730 3874 928 3935 auctoritate
982 3863 1142 3925 hactenus
1184 3862 1359 3924 distulistis
1394 3861 1430 3922 in
1469 3858 1616 3937 ejusdem
1657 3856 1769 3933 regini}

169 2989 348 3064 Honorius,
372 2991 447 3063 etc,
462 2991 646 3056 venerabili
669 2992 766 3055 tratri
790 2993 926 3056 archie-

21 4024 24 4029 .
127 3964 224 4028 bonae
243 3970 413 4031 memoriae
429 3969 613 4030 innocentii
629 3985 723 4047 papas
738 3969 927 4047 praedeces·
982 3974 1162 4036 gravamen
1186 3976 1252 4021 non
1276 3957 1441 4020 modicum
1465 3959 1498 4018 ei
1517 3958 1697 4034 jacturam·
1712 3955 1769 4015 NOS

129 4063 217 4124 soris
229 4063 335 4127 nostri
348 4081 460 4127 coram
472 4064 567 4127 vobis
581 4082 681 4143 super
695 4066 758 4128 boc
770 4067 930 4130 traxisset
982 4074 1062 4121 vero
1084 4057 1233 4119 volentos
1262 4058 1298 4118 ui
1326 4056 1403 4117 finis
1434 4053 1547 4115 litibus
1578 4054 1768 4130 imponatur,

129 4159 165 4221 in
186 4176 342 4237 causam
364 4162 470 4224 dictus
489 4162 610 4224 nobilis
634 4163 830 4241 excipiendo
850 4180 930 4242 pro-
983 4155 1175 4219 discretioni
1203 4155 1323 4217 vestrae
1350 4169 1411 4232 per
1437 4151 1630 4229 apostolica
1660 4148 1771 4227 scripta

128 4258 251 4335 posuit,
274 4258 360 4335 quod
386 4258 506 4321 litterae
520 4261 718 4336 Apostollcae
742 4277 809 4323 non
830 4261 927 4323 vale·
983 4252 1204 4333 praecipiendo
1224 4252 1431 4322 mandamus,
1452 4250 1616 4327 quatenus
1638 4249 1667 4309 si
1688 4245 1771 4311 vobis

128 4353 209 4417 bant
229 4371 289 4432 pro
311 4371 361 4428 eo,
387 4356 473 4435 quod
494 4358 640 4419 castrum
664 4359 849 4431 Guerclriae,
872 4357 929 4420 ubi
983 4351 1170 4415 constiterit
1187 4348 1310 4412 dictum
1332 4348 1476 4410 nobilem
1497 4349 1626 4408 terram
1642 4349 1675 4408 et
1688 4361 1772 4407 man·

128 4452 180 4516 est
194 4455 267 4531 ejus
282 4453 485 4515 domicilium
505 4455 701 4533 principale,
719 4456 871 4518 consistit
893 4456 928 4517 in
983 4451 1110 4512 sionem
1133 4447 1257 4509 habere
1277 4447 1313 4508 in
1334 4445 1548 4520 andegaven.
1575 4444 1727 4516 dioecesi,
1746 4442 1773 4502 ir

129 4551 265 4614 dioecesi
289 4552 471 4625 Redonen„
488 4569 561 4630 quae
577 4553 663 4614 ultra
685 4553 768 4615 duas
786 4554 928 4616 dietasa
983 4564 1048 4625 qua
1068 4545 1236 4609 interdum
1260 4543 1433 4606 consuevit
1451 4543 1663 4613 commorari,
1681 4542 1713 4603 et
1727 4541 1772 4618 ip·

128 4649 271 4712 Turonis
293 4650 343 4712 est
365 4650 510 4725 remota3
540 4650 627 4711 unde
650 4651 720 4713 illic
745 4650 835 4713 trahi
861 4667 929 4713 non
984 4662 1056 4706 sam
1079 4643 1251 4705 dioecesim
1275 4656 1296 4703 a
1321 4640 1466 4703 Turonis
1492 4640 1579 4702 ultra
1606 4639 1691 4701 duas
1718 4650 1774 4699 non

129 4745 466 4826 poterat-secundum
490 4747 761 4810 constitutionem
788 4749 928 4810 concilii
984 4743 1084 4805 distet
1105 4742 1222 4813 dietas,
1246 4741 1281 4803 et
1305 4739 1341 4800 in
1367 4737 1484 4800 eadem
1510 4737 1692 4813 litigiosam
1714 4748 1774 4799 rem

129 4846 307 4921 generalis.
323 4849 446 4909 Verum
468 4845 664 4923 replicatum
688 4845 751 4909 luit
771 4861 814 4909 ex
835 4848 930 4925 parte
984 4857 1073 4913 esse,
1100 4856 1165 4902 non
1199 4836 1406 4900 obstantibus
1433 4835 1688 4912 exceliiffliibus
1711 4834 1775 4896 filiii

129 4942 275 5017 reginae,
305 4942 391 5020 quod
419 4943 507 5004 idem
531 4942 653 5004 nobilis
678 4944 822 5005 Turonis
848 4943 929 5004 satis
984 4938 1103 5015 quaein
1114 4936 1269 5015 petitorio
1283 4934 1392 5012 potius
1412 4949 1511 5011 quam
1532 4934 1566 4994 in
1580 4931 1776 5012 possessorio

130 5039 260 5115 poterat
281 5042 462 5112 conveniri,
482 5058 556 5103 cum
579 5057 645 5101 non
674 5041 781 5102 solum
802 5041 928 5103 Redon.
984 5037 1092 5098 locum
1124 5034 1249 5095 habere
1281 5033 1452 5102 videntur,
1482 5032 1518 5092 in
1546 5031 1621 5108 ipso
1654 5028 1777 5108 negotio

110 5142 113 5147 '
132 5136 190 5197 sed
214 5137 314 5199 etiam
338 5138 490 5199 dioecesis
515 5139 728 5214 Andegaven.
743 5139 876 5207 existat,
891 5154 929 5201 eo
980 5136 1077 5211 juxta
1092 5133 1241 5210 l¹li⁰rum
1256 5130 1494 5192 0011ti¹¹0¹¹fiilm
1509 5126 1708 5201 litterarum,
1725 5143 1777 5188 su·

129 5236 216 5312 quod
231 5236 267 5295 in
280 5236 352 5312 ipsa
366 5238 476 5297 castra
489 5238 521 5297 et
533 5236 683 5297 redditus
696 5236 807 5314 plures
818 5236 928 5309 habet,
984 5231 1074 5293 blato
1096 5229 1273 5310 cujuslibet
1299 5226 1572 5289 contradictionis
1588 5229 1621 5288 et
1636 5225 1778 5304 appella-

129 5334 164 5394 et
198 5335 353 5406 castrum,
384 5334 425 5395 de
453 5350 517 5411 quo
546 5334 685 5410 quaestio
712 5334 869 5407 vertitur,
895 5335 931 5396 in
985 5329 1085 5391 tionis
1101 5327 1284 5399 obstaculo,
1299 5326 1428 5389 ratione
1444 5324 1569 5401 praevia
1583 5322 1777 5400 procedatis.

130 5430 247 5493 eadem
282 5431 443 5493 consistat
477 5430 624 5504 dioecesi,
659 5448 732 5510 quae
759 5448 778 5492 a
804 5435 928 5496 Turon.
985 5425 1188 5510 praeceptum
1218 5424 1438 5501 apostolicum
1464 5421 1577 5484 taliter
1605 5418 1779 5499 impleturi,

133 5544 342 5607 nequaquam
367 5528 454 5590 ultra
480 5529 653 5592 duodecim
669 5530 929 5605 leuguasdistat.
986 5526 1072 5607 quod
1087 5523 1202 5587 eadem
1226 5522 1344 5598 regina
1370 5536 1429 5599 pro
1455 5518 1585 5581 deiectu
1612 5520 1724 5582 vestro
1745 5512 1780 5577 ad

132 5627 223 5690 Idem
246 5642 326 5691 vero
348 5626 470 5704 adjecit
491 5629 577 5705 quod
602 5644 676 5690 cum
704 5627 792 5690 dicta
816 5629 931 5705 regina
987 5642 1049 5688 nos
1062 5621 1217 5685 laborare
1233 5619 1374 5681 ulterius
1396 5634 1463 5680 non
1487 5617 1637 5693 cogatur,
1655 5624 1781 5681 necros
