3802 6166
115 314 154 380 n
742 282 977 371 'nrrsronm
1000 306 1079 368 um.
1102 305 1127 368 1.
1724 308 1762 370 11

111 480 190 556 jura
204 471 408 551 episcopalia
422 470 458 533 in
472 466 640 548 praedictis
652 468 802 532 ecclesiis
812 483 912 531 exer-

115 571 224 640 cendi,
245 588 318 649 quae
345 568 525 632 secundum
546 567 647 629 etiam
668 564 910 629 consessionem

115 672 206 734 tuam
215 670 294 732 sunt
306 669 339 730 in
353 668 490 729 dioecesi
503 666 718 735 Thuamensi,
730 664 908 743 prohibuit,

115 784 158 831 ue
171 771 207 830 tu
223 768 331 846 ipsum
353 781 452 844 super
471 765 595 827 eisdem
617 764 768 826 ecclesiis
791 764 825 825 et
847 778 910 825 ea-

115 864 267 929 rumdem
297 863 507 943 pertinentiis
528 862 703 940 inquietes.
737 862 788 923 Ne
809 861 913 938 igitur

117 964 314 1041 saepedictns
337 960 557 1023 Thuamensis
592 960 767 1022 occasione
796 958 912 1021 serbo-

116 1078 189 1123 rum
202 1061 348 1133 illorum,
363 1060 553 1123 eorumdem
572 1058 725 1121 videlicet
740 1058 913 1135 pertinen-

115 1160 170 1222 tiis
198 1160 235 1220 in
260 1158 349 1219 villis
377 1158 410 1219 et
436 1156 586 1219 ecclesiis
613 1156 812 1234 supradictis
836 1155 911 1232 plus

116 1273 279 1333 usurpare
295 1257 476 1335 praesumat
496 1270 594 1333 quam
614 1255 677 1317 sibi
693 1270 712 1316 a
727 1252 911 1315 canonibus

115 1356 246 1417 ratione
267 1354 355 1432 jnris
381 1353 579 1432 episcopalis
603 1353 828 1431 permittitur:
850 1367 911 1414 nos

115 1453 264 1515 10101101
277 1451 486 1514 indemnitati
500 1451 566 1513 tuae
584 1452 731 1528 paternas
747 1448 913 1511 sollicitu-

114 1550 190 1611 dine
219 1565 420 1627 praecavere,
442 1548 668 1611 insinuatione
695 1547 911 1626 pracsentium

116 1649 335 1720 declaramus,
360 1646 553 1725 praedictam
575 1645 759 1708 clausulam
785 1646 826 1707 ad
854 1645 912 1709 illa

120 1744 239 1807 debere
254 1745 426 1823 restringi,
443 1760 517 1822 quac
534 1744 603 1822 juri
625 1744 806 1823 episcopali
828 1759 911 1807 nos·

119 1843 239 1903 cuntur
262 1858 405 1904 annexa.
435 1841 527 1904 Nulli
550 1856 630 1919 ergo
651 1840 822 1903 hominum
841 1856 913 1904 om-

119 1939 198 2002 nino
224 1940 333 2008 liceat,
359 1940 420 2001 etc.
448 1940 566 2001 Datum
593 1938 735 2011 Perusii,
764 1940 810 2001 111
838 1938 912 2000 idus

118 2042 214 2113 Aug„
231 2037 441 2114 pontificatus
454 2036 560 2099 nostri
570 2051 658 2099 anno
673 2036 791 2115 primo.

469 2260 560 2346 XIV

186 2466 236 2527 Ad
250 2467 460 2539 Stephanum
472 2465 626 2527 abbatem
640 2465 845 2527 111010110νὶ1

118 2570 151 2625 s.
176 2566 353 2625 Benedicti
375 2565 582 2636 casinensia,
608 2566 748 2637 ejusque
768 2562 911 2637 1101101.

423 2678 456 2733 la
471 2691 538 2751 aug.
557 2676 634 2734 1116.

251 2817 403 2881 [llullarium
415 2819 569 2877 Ronlanum,
580 2823 599 2868 1.
614 2818 657 2876 lll,
671 2832 697 2882 p.
707 2816 776 2883 1011

118 2978 300 3036 111111111οί10
318 2977 457 3036 bonorum
477 2977 615 3047 oninium,
639 2992 673 3036 ac
697 2978 912 3053 privilegiorum

257 3068 406 3125 concessio
423 3066 596 3124 monasterio
611 3067 769 3129 casinensi.

156 3202 324 3264 Honorius
363 3203 554 3280 episcopus,
590 3218 707 3265 sersus
740 3219 912 3265 servorum

119 3302 190 3373 Dei,
208 3300 337 3362 dilectis
350 3299 429 3360 filiis
448 3300 615 3376 Stephano
640 3299 751 3362 abbati
771 3317 911 3362 monas-

117 3399 192 3459 terii
213 3400 246 3458 S.
263 3397 433 3459 Benedicti
449 3399 656 3470 casinensis,
678 3400 817 3476 ejusque
843 3399 913 3459 lra-

118 3496 222 3557 tribus
235 3497 302 3556 tam
318 3495 536 3571 praesentibns
559 3512 656 3572 quam
677 3495 796 3556 tuturis
811 3511 913 3573 regu-

118 3594 220 3655 larem
235 3594 337 3654 111011
353 3593 511 3670 professis
527 3593 781 3670 inperpetuum.

156 3692 379 3768 omnipotenti
394 3694 473 3762 Deo,
494 3694 587 3767 anus
602 3691 722 3754 melior
745 3691 795 3752 est
807 3691 911 3752 mise-

116 3789 260 3850 ricordia
275 3789 483 3865 supervitas,
504 3789 630 3864 gratias
645 3788 776 3865 agimus
797 3789 913 3866 copio-

116 3902 181 3959 sas,
214 3888 371 3964 quoniam
400 3887 567 3963 gloriosus
603 3887 638 3947 in
667 3887 792 3949 sanctis
828 3888 909 3960 suis,

117 3986 216 4060 atque
239 3983 402 4045 mirabilis
424 3984 489 4054 est,
513 3986 546 4045 et
571 3984 711 4046 virtutes
732 4000 810 4046 suas
837 3984 913 4045 ubi-

962 466 1052 528 idem
1066 463 1317 535 monasteriam,
1333 466 1366 529 et
1380 464 1493 528 omnia
1507 482 1581 544 quae
1596 466 1760 545 adipsum

963 565 1130 643 pertinent
1145 565 1242 642 pleno
1259 566 1336 643 jure
1356 564 1468 643 quieta
1493 580 1636 643 semper,
1659 569 1693 627 et
1717 566 1759 627 ab

964 663 1054 725 omni
1078 666 1160 741 jugo
1188 662 1378 725 mortalium
1416 662 1524 724 libera
1560 663 1620 724 sub
1656 663 1760 726 solius

964 761 1088 823 sanctae
1103 763 1261 823 Romanae
1275 760 1432 822 Ecclesiae
1443 763 1520 839 jure
1544 777 1582 822 ac
1602 763 1760 838 perpetua

964 857 1155 920 defensione
1176 858 1370 921 consistant.
1395 860 1563 921 Praeterea
1582 876 1761 937 quascum-

964 972 1028 1034 que
1053 957 1294 1035 possessiones,
1323 973 1537 1035 quaecumque
1564 957 1651 1019 bona
1673 957 1760 1019 idem

964 1056 1200 1118 monasterium
1216 1056 1250 1116 in
1268 1056 1521 1132 praesentiarum
1539 1055 1629 1133 juste
1644 1072 1683 1117 ac
1698 1072 1759 1117 ca-

964 1153 1085 1214 nonice
1096 1152 1252 1229 possidet,
1269 1156 1327 1215 aut
1340 1152 1374 1214 in
1385 1153 1531 1214 suturam
1545 1154 1761 1214 concessione

965 1250 1173 1324 Pontificum,
1184 1251 1360 1325 largitione
1369 1266 1484 1327 regum
1493 1250 1544 1312 rel
1558 1250 1756 1328 principum,

965 1346 1134 1410 oblatione
1153 1348 1311 1421 fidelium,
1334 1364 1394 1409 seu
1419 1348 1495 1409 aliis
1514 1350 1616 1426 justis
1639 1349 1757 1421 modis,

965 1447 1144 1524 praestante
1173 1446 1313 1508 Domino
1335 1446 1456 1523 poterit
1483 1446 1634 1523 adipisci,
1662 1446 1759 1506 tlrma

964 1542 1070 1617 vobis,
1086 1544 1272 1621 vestrisque
1298 1543 1556 1616 successoribus,
1581 1546 1613 1605 et
1631 1543 1761 1605 illibata

966 1644 1191 1718 permaneant.
1216 1644 1251 1702 ln
1268 1640 1387 1719 quibus
1409 1641 1481 1702 haec
1494 1641 1637 1718 propriis
1657 1640 1759 1701 duxi-

965 1755 1038 1799 mus
1053 1739 1288 1816 experimenda
1302 1738 1484 1800 vocabulis
1503 1739 1668 1816 Inprimis
1687 1754 1762 1799 mo-

965 1837 1147 1898 nasterium
1177 1835 1302 1897 domini
1332 1836 1514 1898 Salvatoris
1547 1836 1690 1914 positum
1718 1836 1760 1897 ad

966 1934 1081 2011 pedem
1097 1933 1208 1994 Casini
1229 1934 1362 2005 Montis,
1377 1935 1614 1996 monasterium
1630 1934 1760 1995 Sanctae

966 2032 1150 2093 Genetricis
1178 2032 1237 2093 Dei
1263 2031 1411 2108 Virginis
1443 2032 1559 2093 Mariae
1585 2031 1671 2110 quod
1695 2047 1760 2094 10-

965 2130 1061 2191 catur
1090 2127 1319 2201 Plumbarola,
1358 2130 1595 2191 monasterium
1629 2130 1760 2190 Sanctae

966 2227 1082 2288 llariae
1114 2227 1150 2287 iu
1182 2226 1319 2303 cingla,
1356 2228 1475 2289 cellam
1513 2226 1625 2288 Sancti
1653 2229 1762 2288 Bene-

965 2323 1046 2385 dicti
1072 2324 1109 2384 in
1135 2325 1261 2401 Capua,
1292 2340 1366 2385 curn
1397 2324 1491 2386 cellis
1522 2325 1556 2386 et
1587 2324 1760 2401 pertinen-

965 2422 1021 2483 tiis
1044 2422 1126 2495 suis,
1150 2422 1264 2483 Sancti
1287 2422 1404 2499 Angeli
1429 2421 1471 2483 ad
1497 2422 1662 2493 Formam,
1685 2437 1760 2482 cum

966 2519 1059 2581 cellis
1075 2522 1109 2582 et
1127 2520 1337 2596 pertinentiis
1360 2521 1440 2592 suis,
1465 2519 1578 2581 Sancti
1598 2518 1760 2580 Johannis

966 2616 1168 2690 Puellarum,
1187 2617 1299 2678 Sancti
1314 2617 1400 2690 llutl,
1418 2620 1451 2679 S.
1463 2616 1632 2678 Benedicti
1644 2615 1758 2688 Pizoli,

966 2714 1078 2777 Sancti
1096 2715 1217 2791 Angeli
1236 2715 1277 2776 ad
1293 2714 1495 2787 odaldiscos,
1520 2718 1553 2777 S.
1570 2713 1707 2789 Agathae
1723 2714 1759 2773 in

963 2816 1101 2885 Aversa,
1123 2814 1252 2875 Sanctae
1268 2814 1409 2875 Caeciliae
1430 2814 1463 2874 et
1484 2813 1597 2875 Sancti
1616 2811 1761 2873 Dimitrii

965 2910 1000 2971 in
1015 2910 1166 2988 Neapoli.
1193 2911 1382 2973 incivitate
1405 2912 1638 2973 beneventana
1653 2910 1762 2972 ecclc-

965 3008 1049 3071 siam
1081 3008 1194 3071 Sancti
1212 3010 1382 3071 Benedicti
1405 3009 1446 3070 ad
1472 3010 1605 3071 Portam
1634 3007 1758 3081 nunni,

966 3107 1079 3169 Sancti
1094 3107 1224 3168 Nicolal
1237 3108 1272 3169 in
1290 3107 1428 3170 civitate
1443 3108 1547 3180 Nora,
1565 3106 1680 3169 Sancti
1693 3107 1762 3168 Be-

965 3205 1087 3266 nedicti
1103 3205 1138 3266 in
1155 3207 1316 3278 Pantana,
1337 3206 1451 3267 Sancti
1465 3205 1597 3267 Nicolal
1612 3205 1647 3266 in
1663 3206 1760 3266 Petra

966 3303 1135 3375 Pulecina,
1169 3307 1203 3363 S.
1232 3303 1366 3379 Georgii
1396 3304 1431 3364 in
1461 3302 1617 3375 Fenuclo,
1648 3301 1761 3362 Sancti

964 3400 1126 3461 iohannis
1142 3400 1176 3460 in
1191 3401 1382 3472 Turlecuso,
1399 3400 1511 3461 Sancti
1527 3401 1616 3461 Petri
1631 3400 1666 3460 in
1682 3400 1762 3461 Ros-

964 3514 1057 3569 sano,
1074 3500 1107 3558 S.
1124 3498 1242 3573 Angeli
1253 3498 1289 3557 in
1300 3498 1470 3575 Capraria,
1484 3498 1595 3558 Sancti
1608 3496 1761 3559 Januarii

964 3610 1067 3672 prope
1081 3597 1317 3666 Beneventum,
1340 3596 1454 3656 Sancti
1475 3595 1610 3656 Martini
1627 3593 1758 3664 ibidem,

966 3694 1079 3754 Sancti
1102 3693 1254 3769 Dionysii
1287 3693 1322 3754 in
1365 3694 1479 3765 Ponte,
1514 3696 1546 3753 S.
1579 3691 1758 3765 anastasii,

965 3792 1095 3852 Sanctae
1119 3790 1237 3853 Marias
1268 3791 1304 3852 in
1331 3793 1477 3853 canneto
1501 3792 1598 3868 jnxta
1622 3790 1760 3852 1111110111

964 3889 1125 3961 Trinium,
1168 3888 1281 3950 Sancti
1320 3889 1493 3951 Laurentii
1534 3889 1570 3950 in
1608 3887 1758 3962 Salern0,

965 3986 1078 4048 Sanc-ti
1094 3986 1298 4049 Liberatoris
1319 3988 1354 4048 in
1370 3986 1532 4059 diarchia,
1558 4003 1633 4048 cum
1652 3987 1763 4049 omni-

116 4098 256 4159 cumque
270 4082 341 4143 vult
354 4081 516 4143 ineffabili
531 4081 678 4145 bonitate
696 4082 908 4144 demonstrat.
963 4084 1025 4146 bus
1037 4086 1108 4146 suis
1123 4086 1347 4163 pertinentiis,
1363 4088 1396 4147 S.
1412 4085 1582 4147 Benedicti
1596 4086 1630 4147 in
1643 4085 1758 4157 Marsi,

117 4182 189 4256 lpse
204 4180 325 4256 qnippe
346 4180 549 4254 dignationis
575 4197 644 4242 snae
668 4181 816 4258 potentia
830 4180 913 4243 bea·
965 4185 998 4243 S.
1015 4182 1130 4245 Mariae
1145 4183 1180 4243 in
1202 4185 1302 4255 Luco,
1318 4185 1351 4244 S.
1367 4184 1528 4246 cosmatis
1545 4184 1579 4244 in
1594 4183 1758 4256 civitella,

114 4277 280 4338 tissimum
294 4278 508 4339 Benedictum
521 4281 647 4354 patrem
661 4279 833 4340 constituit
845 4294 913 4341 mo·
965 4281 1078 4343 Sancti
1090 4280 1209 4357 101011
1224 4282 1258 4341 10
1281 4283 1400 4343 Barcio
1415 4297 1489 4343 cnm
1513 4281 1666 4343 ominibus
1678 4297 1759 4359 per-

115 4376 310 4448 nachorum,
332 4377 441 4452 ipsum
466 4377 657 4438 monasticae
684 4377 910 4453 legislatorem
962 4378 1113 4441 tinentiis
1142 4379 1222 4450 suis,
1255 4380 1385 4440 Sanotae
1411 4379 1527 4440 Mariae
1553 4379 1759 4440 Ancillarum

114 4475 147 4534 01
174 4474 383 4549 operatorem
408 4489 482 4535 esse
510 4473 699 4550 disponens,
732 4475 768 4538 ut
792 4474 910 4536 merito
963 4476 1022 4538 Dei
1036 4477 1072 4537 111
1089 4476 1223 4538 civitate
1244 4476 1434 4549 Cosentina,
1466 4477 1578 4539 Sancti
1605 4477 1698 4539 Petri
1719 4475 1759 4537 de

115 4571 294 4631 (lasinense
318 4571 557 4633 monasterium
572 4571 606 4631 in
623 4588 697 4649 qno,
712 4573 745 4633 et
767 4572 912 4634 sanctis·
963 4575 1065 4647 Lacu,
1088 4575 1201 4637 Sancti
1217 4575 1307 4637 Petri
1322 4574 1363 4635 de
1383 4574 1545 4637 avellana
1567 4588 1642 4635 cum
1666 4573 1758 4635 cellis

115 4668 197 4729 sime
220 4668 304 4729 11111
324 4670 358 4729 01
379 4669 620 4745 gloriosissime
641 4668 733 4741 obiit,
757 4670 909 4732 omnibus
962 4672 996 4734 et
1007 4672 1218 4749 pertinentiis
1234 4673 1317 4744 suis,
1335 4674 1447 4734 Sancti
1461 4672 1591 4734 Erasini
1604 4672 1636 4733 et
1652 4674 1684 4731 S.
1700 4672 1760 4732 Be·

114 4782 173 4843 per
188 4764 399 4827 Occidentem
420 4765 632 4827 monasteriis
653 4766 823 4841 dignitatis
840 4766 911 4844 pri·
962 4770 1097 4842 nedicti,
1114 4773 1148 4832 et
1161 4772 1193 4831 S.
1213 4770 1427 4832 scholasticae
1443 4770 1477 4830 in
1500 4769 1626 4839 Gaieta,
1645 4768 1759 4830 Sancti

112 4864 236 4939 attegio
252 4863 440 4925 antecellat.
464 4864 626 4935 Quoniam
647 4864 751 4939 igitur
774 4863 909 4940 dignum
961 4867 1123 4929 Manniin
1144 4868 1269 4929 Fundis
1284 4884 1358 4929 cum
1380 4867 1476 4928 cellis
1500 4868 1533 4928 et
1546 4865 1756 4943 pertinentiis

113 4963 174 5032 est,
191 4963 228 5023 ut
240 4962 305 5022 tam
316 4961 446 5024 celebre
457 4977 496 5023 ac
512 4962 657 5023 solemne
672 4962 909 5025 monasterinm
962 4965 1043 5037 suis,
1062 4965 1191 5025 Sanctae
1204 4964 1341 5040 Agathae
1356 4966 1389 5025 et
1400 4964 1512 5024 Sancti
1527 4962 1708 5035 Benedicti,
1725 4964 1759 5025 et

114 5060 306 5137 apostolica
336 5061 438 5120 Sedes
469 5059 647 5138 specialius
679 5061 906 5137 amplectatur,
962 5063 1075 5124 Sancti
1091 5061 1251 5139 Stephani
1271 5061 1305 5121 in
1320 5061 1511 5134 Terracina,
1536 5061 1647 5123 Sancti
1666 5062 1757 5127 Petri

114 5159 353 5219 monasterium
383 5158 508 5235 ipsum,
536 5157 577 5218 ad
603 5158 775 5235 exemplar
801 5158 909 5220 felicis
961 5159 1754 5236 1111010110,0111001111011011110111111111,

115 5257 283 5317 menmrian
298 5256 476 5317 Clementis
491 5257 524 5317 et
543 5256 726 5318 innocentii
742 5258 910 5317 Romano-
962 5261 995 5319 S.
1026 5258 1131 5319 Heliae
1163 5257 1197 5317 in
1225 5256 1406 5329 ambrisia,
1442 5258 1553 5319 Sancti
1587 5258 1684 5318 Pauli
1719 5258 1755 5319 in

114 5370 185 5414 rum
204 5354 402 5415 Pontificum
424 5353 704 5431 praedecessorum
720 5356 908 5416 nostrorum
963 5358 1109 5425 Foresta,
1128 5357 1162 5417 S.
1178 5355 1294 5417 Mariae
1310 5358 1384 5418 etS.
1396 5356 1563 5417 vincentii
1579 5355 1613 5415 in
1628 5356 1754 5417 Ponte-

115 5451 175 5511 sub
189 5452 279 5513 beati
298 5452 384 5512 Petri
400 5454 433 5511 et
448 5454 559 5513 nostra
575 5453 780 5529 protectione
800 5454 909 5513 susci·
961 5468 1062 5515 curvo
1078 5468 1151 5512 cnm
1165 5453 1258 5513 cellis
1271 5454 1303 5515 et
1314 5453 1523 5530 pertinentiis
1539 5453 1620 5524 suis,
1638 5453 1754 5514 Sancti

115 5552 232 5629 pimus,
249 5551 284 5610 et
301 5549 475 5626 praesentis
494 5550 606 5627 scripti
627 5550 802 5627 privilegio
817 5566 910 5612 com·
960 5550 1129 5613 Benedicti
1143 5550 1178 5610 in
1193 5552 1391 5627 Bagnorala,
1405 5552 1437 5611 S.
1455 5551 1571 5613 Mariae
1584 5553 1618 5612 et
1633 5553 1665 5611 S.
1681 5552 1751 5611 Lu-

115 5649 284 5711 muninns.
301 5648 338 5709 ln
352 5646 467 5725 primis
486 5647 646 5727 siquidem
663 5648 856 5722 statuentes,
873 5652 909 5712 ut
961 5649 1021 5712 ciae
1045 5649 1079 5711 in
1111 5647 1195 5713 11110
1223 5648 1385 5721 histricia,
1421 5648 1533 5711 Sancti
1561 5647 1692 5713 Nicolal
1721 5648 1754 5709 et
