3802 6166
119 322 179 383 «ab
680 314 858 379 HONORII
885 316 1012 379 PAPAE
1033 318 1079 378 111
1101 317 1209 379 VITA.
1711 322 1772 384 430

120 479 309 558 talibusque
320 476 468 553 aLegato
478 473 694 554 suspensione
705 475 918 549 mulctatl,ne
972 492 991 535 «
1012 477 1138 555 partam
1154 466 1357 540 decimarum
1367 478 1421 540 vel
1435 479 1578 542 aliarum
1594 478 1770 545 obventio·

120 575 326 654 inambigua
342 574 427 638 tanti
449 574 598 637 criminis
614 574 711 652 culpa
731 573 916 647 dividisse,
971 591 990 634 «
1011 591 1090 635 num
1102 575 1423 645 Ecclesiasticarum,
1435 577 1470 638 in
1484 576 1603 655 quibus
1615 581 1672 657 lus
1683 579 1772 642 obti-

119 691 250 737 summo
266 674 383 736 salutis
395 673 554 751 periculo,
568 673 812 747 immiscerent;
836 689 917 751 pro·
972 689 990 732 «
1016 674 1095 735 nent
1109 675 1313 750 patronatus,
1327 675 1391 736 sibi
1406 676 1597 749 retinentes,
1618 681 1771 755 expecto

120 773 264 851 locaque
279 775 417 834 Romam
432 771 519 843 sunt,
545 769 665 848 qulbus
694 770 918 832 itinerationis
973 773 1253 848 «repraesentant
1278 773 1417 835 clericos
1443 775 1483 835 ad
1514 775 1666 851 easdem3
1693 777 1773 839 huic

118 886 232 932 comes
256 871 363 932 lactus
389 870 440 931 est
466 870 538 946 ipse
564 869 753 930 Eridericus
781 867 917 930 sceleris
972 869 1143 931 «uulneri
1170 887 1329 933 cancroso
1356 873 1389 934 et
1414 872 1596 934 simoniaco
1620 890 1772 938 censurae

117 970 239 1030 auctor
270 969 303 1029 in
333 982 472 1044 eamque
504 983 595 1044 spem
628 982 741 1028 omnes
771 966 917 1026 animum
972 968 1137 1028 «serrum
1148 969 1356 1045 apponimus,
1367 971 1595 1043 decernentes,
1610 973 1696 1033 utex
1707 989 1771 1052 qno

122 1067 278 1128 erexerat
298 1066 455 1137 futurum,
475 1067 511 1126 ut
528 1064 697 1126 Pontificio
715 1063 918 1140 benignitate
972 1082 991 1125 «
1013 1067 1200 1128 constiterit
1213 1069 1388 1144 patronum
1404 1068 1596 1146 hujusmodi
1609 1069 1772 1147 flagitium

120 1164 261 1242 quaestio
294 1179 409 1224 eorum
449 1161 561 1223 mitior
595 1163 725 1239 agenda
762 1161 847 1222 soret
886 1161 919 1222 θῖ
973 1166 1234 1243 «perpetrasse,
1255 1166 1631 1240 anathemateleriatur‚
1653 1171 1772 1246 etejns

119 1262 283 1323 immunes
299 1260 447 1338 ajudicii
460 1261 566 1337 poenis
579 1260 842 1333 dimitterentur3
861 1258 918 1320 sed
973 1279 992 1321 «
1012 1263 1103 1324 terra
1120 1266 1326 1340 supponatur
1337 1265 1569 1328 Ecclesiastico
1583 1251 1771 1340 interdicto,

120 1376 177 1436 spe
194 1359 343 1422 frustrati
358 1360 445 1420 sunt.
973 1360 1119 1422 «donec
1144 1361 1324 1423 Ecclesiam
1350 1362 1489 1424 liberam
1518 1380 1592 1426 cum
1615 1382 1676 1426 suo
1695 1369 1773 1442 jnre

159 1459 307 1520 Aderant
321 1461 392 1534 jam
403 1459 517 1520 Romae
533 1455 780 1519 coloniensium
795 1454 919 1516 civium
973 1474 991 1517 «
1013 1456 1157 1520 dimittat
1172 1460 1264 1520 salvo
1276 1463 1352 1537 jure
1364 1463 1569 1537 patronatus
1585 1462 1670 1539 quod
1684 1463 1714 1524 ei
1730 1463 1771 1524 de

119 1557 289 1626 Ecclesiae,
311 1571 375 1633 que
397 1555 498 1616 totius
520 1554 663 1632 patroni,
685 1569 824 1631 quorum
845 1553 918 1614 stn-
973 1573 991 1616 «
1014 1557 1242 1618 misericordia
1258 1573 1480 1631 reservamus,
1493 1559 1549 1636 qui
1565 1562 1772 1638 possuntper

120 1655 211 1715 dium
227 1653 430 1731 praecipuum
445 1651 527 1713 illud
544 1653 618 1714 erat
635 1653 673 1714 ut
690 1649 916 1728 parricidium,
973 1671 991 1714 «
1009 1654 1096 1731 juris
1108 1656 1262 1717 excusari
1274 1655 1534 1731 ignorantiam».
1552 1657 1678 1718 Deinde
1690 1674 1772 1719 uero

119 1753 206 1830 quod
223 1752 263 1812 ad
280 1750 378 1812 Urbis
393 1766 523 1828 quoque
538 1766 607 1813 suae
621 1748 838 1826 ignominiam
853 1765 918 1826 pa·
973 1752 1081 1828 capite
1096 1752 1223 1815 decimo
1238 1753 1348 1825 tertie,
1365 1750 1469 1815 laicos
1485 1754 1541 1832 qui
1557 1771 1631 1815 cum
1646 1755 1773 1817 sancti-

118 1851 243 1911 tratum
260 1849 379 1920 fuerat,
395 1848 586 1926 Apostolica
600 1847 797 1909 auctoritate
809 1845 920 1907 vindi·
973 1850 1173 1911 monialibus
1202 1850 1272 1911 sola
1291 1851 1527 1913 sollicitatione
1549 1853 1728 1929 peccarint,
1752 1868 1772 1915 a

119 1948 264 2009 caretur.
282 1947 482 2018 Quinetiam
493 1948 564 2023 jam
575 1945 616 2007 ad
627 1945 810 2007 Honorium
825 1943 921 2020 prin·
974 1948 1121 2025 corporis
1139 1949 1173 2009 θῖ
1186 1949 1360 2023 sanguinis
1375 1942 1587 2026 perceptione
1601 1950 1748 2013 excludit
1762 1973 1771 2027 ;

119 2046 230 2123 cipum
257 2044 383 2121 aliquot
408 2044 527 2106 litterae
556 2043 674 2104 delatae
689 2043 832 2111 fuerant,
862 2041 919 2118 qui
974 2061 1031 2106 eos
1051 2061 1130 2106 vero
1150 2045 1205 2123 qui
1228 2047 1327 2107 aliam
1349 2048 1476 2108 crimen
1498 2049 1770 2121 consummarint,

120 2145 280 2220 urgerent
293 2143 420 2204 tantmn
436 2141 560 2203 orimur
577 2140 830 2203 conniventibus
845 2156 921 2201 ocu·
973 2142 1139 2221 ipsolacto
1150 2137 1670 2208 excommunicationissententia
1680 2147 1773 2208 inno-

122 2240 165 2301 lis
196 2256 264 2301 non
286 2257 359 2301 esse
389 2239 715 2317 praetermittendum.
742 2240 790 2300 Re
818 2237 920 2313 igitur
974 2243 1068 2303 datos
1081 2257 1153 2303 esse
1162 2242 1342 2304 constituit.
1356 2244 1453 2304 Extat
1463 2243 1615 2320 synodus
1629 2245 1672 2305 IV
1681 2248 1771 2306 Con-

122 2338 370 2400 consultissime
385 2339 517 2414 cognita
530 2337 663 2400 tandem
685 2338 720 2398 in
742 2337 831 2414 ipsos
858 2335 919 2396 hos
973 2344 1025 2401 cil.
1043 2342 1142 2401 tomo.

120 2437 295 2514 episcopos
305 2435 469 2513 judicium
492 2435 655 2513 prolatum
682 2435 743 2506 est,
768 2434 919 2510 quicum
1014 2438 1053 2500 Et
1076 2437 1208 2515 quidem
1242 2438 1480 2515 deplorandum
1508 2441 1558 2501 est
1579 2438 1773 2518 huiusmodi

121 2535 331 2612 purgationis
362 2534 509 2595 subsidio
534 2549 668 2595 causam
697 2548 791 2593 suam
819 2532 919 2593 tutari
974 2536 1112 2608 crimen,
1129 2535 1260 2614 quaudo
1276 2536 1408 2613 quidem
1428 2536 1462 2596 in
1477 2537 1654 2597 Germania
1670 2537 1770 2598 nimis

121 2634 362 2710 nequivissent,
393 2631 489 2693 ambo
525 2630 658 2694 sedibus
693 2631 763 2692 suis
800 2630 919 2708 dejecti
975 2632 1129 2711 frequens
1142 2633 1324 2694 admissum
1344 2636 1556 2706 memoratur,
1578 2633 1664 2712 quod
1681 2637 1772 2698 certe

123 2733 212 2792 sunt.
228 2730 418 2792 Eridericus
433 2731 543 2791 autem
558 2730 689 2791 tametsi
699 2728 816 2800 laicus,
834 2727 919 2804 quod
975 2732 1059 2792 iram
1083 2731 1143 2792 Dei
1171 2733 1206 2793 ut
1232 2731 1312 2792 tides
1342 2732 1463 2793 Christi
1491 2748 1529 2794 ac
1554 2733 1674 2809 religio
1696 2733 1774 2796 inde

122 2829 253 2891 nullum
289 2828 353 2890 sibi
393 2828 582 2904 coniugium
620 2825 918 2896 animadvertisset,
975 2829 1146 2890 eliminata
1170 2829 1222 2900 sit,
1251 2828 1353 2890 illatis
1378 2829 1572 2902 haeresibus,
1605 2830 1773 2893 exarsisse

121 2928 208 2988 clam
225 2928 329 2988 Roma
345 2927 492 2998 secessit,
507 2927 707 3003 tandemque
718 2925 831 2986 Leodii
847 2940 921 3000 cap
975 2942 1041 2988 nou
1060 2927 1250 2988 dubitarim.
1271 2929 1355 2989 Nam
1384 2928 1417 2989 et
1436 2930 1584 2989 loannes
1608 2928 1773 3005 Ligranus

121 3024 919 3102 tus‚Colouiamquedelatusequuleosuspensus,
975 3025 1038 3087 hoc
1072 3024 1232 3087 Pontihce
1265 3025 1424 3098 Honori0,
1459 3042 1533 3087 cum
1568 3027 1775 3103 frequentius

123 3139 222 3200 quam
239 3124 356 3184 Rotam
369 3122 489 3199 vulgus
505 3125 683 3199 nuncupat,
697 3121 919 3190 excruciatus.
977 3123 1252 3185 sanctimoniales
1268 3124 1457 3185 sollicitatae
1471 3125 1505 3184 in
1521 3124 1706 3187 Brubantia
1722 3126 1776 3187 di-

123 3220 241 3282 avibus
257 3222 291 3281 in
306 3236 415 3281 escam
434 3220 591 3281 dimissus
611 3222 661 3281 est
680 3217 778 3299 (ibid.
802 3218 858 3279 lib.
878 3220 919 3290 ll,
976 3222 1189 3292 vexarentur,
1207 3235 1268 3281 nec
1283 3224 1395 3297 posset
1416 3220 1553 3282 alterius
1573 3223 1774 3284 auctoritate

125 3334 152 3379 c.
170 3318 234 3397 17).
267 3321 387 3379 Postea
411 3317 452 3379 ab
475 3316 689 3378 interioribus
712 3314 921 3394 pontificibus
976 3319 1025 3380 rei
1053 3333 1238 3389 occurrere,
1256 3318 1297 3378 ad
1316 3319 1539 3395 Apostolicam
1567 3318 1685 3380 sedem
1708 3319 1772 3381 sibi

125 3416 195 3492 ipse
216 3414 435 3491 Engelbertus
458 3416 546 3477 inter
560 3416 692 3475 sanctos
711 3415 762 3474 est
784 3413 920 3484 relatus,
977 3415 1231 3490 confugiendum
1246 3414 1448 3486 decreverat,
1467 3414 1523 3476 sed
1539 3417 1663 3492 optimo
1676 3433 1774 3479 cona·

123 3513 260 3592 diesque
283 3514 341 3575 illa
361 3514 463 3575 festus
479 3514 692 3590 praescriptus
706 3511 767 3584 est,
783 3510 922 3587 septima
977 3512 1026 3574 tui
1053 3528 1141 3572 mors
1165 3512 1342 3572 immatura
1367 3512 1567 3573 intercessit.
1593 3512 1774 3576 Defunctus

123 3612 321 3674 Novembris
358 3610 596 3690 (Martyrolog.
633 3609 746 3684 Rom.)
780 3606 922 3669 Conradi
978 3609 1117 3672 enimin
1136 3606 1407 3688 itinereluit(l).

124 3712 235 3771 autem
256 3710 358 3785 legati
380 3710 525 3786 synodus
540 3709 574 3770 in
590 3708 767 3769 Germania
783 3706 923 3783 insignis
1017 3711 1252 3784 Hungarorum
1277 3708 1427 3784 reginam
1456 3723 1530 3768 cum
1559 3707 1774 3770 Oradiensem

124 3811 185 3870 est.
203 3810 282 3869 Erat
296 3807 325 3867 is
340 3808 436 3869 valde
446 3806 602 3883 religioni
611 3806 772 3878 addictus,
785 3820 924 3881 corrup·
979 3806 1153 3868 ecclesiam
1168 3805 1357 3867 consecrari
1373 3804 1544 3877 audiisset,
1562 3821 1669 3883 neque
1685 3822 1777 3868 com-

124 3906 267 3982 lalaeque
279 3921 408 3967 morum
432 3906 614 3966 acerrimus
628 3904 760 3965 vindex.
782 3903 872 3975 Quod
889 3903 924 3963 in
978 3905 1127 3981 petentes
1141 3902 1268 3964 fructus
1281 3902 1523 3979 adscripsisset,
1541 3903 1628 3964 unde
1640 3902 1685 3963 ali
1701 3904 1777 3965 Cle-

125 4004 326 4065 monachatu
354 4004 454 4065 eliam
480 4002 614 4065 titulum
649 4001 857 4066 exercuisset
888 4000 924 4062 iu
978 4018 1036 4062 rus
1046 4001 1260 4078 Ecclesiaque
1272 4000 1430 4061 exornari
1441 4016 1480 4061 ac
1491 4001 1776 4076 restaurari3cum

125 4102 278 4163 instituto
304 4101 516 4163 Cisterciensi
548 4100 649 4178 probe
679 4099 854 4168 servando,
890 4103 925 4160 ut
978 4115 1032 4160 res
1041 4099 1210 4176 postulare
1219 4098 1397 4176 posset;ob
1407 4098 1779 4161 indotatameameccle·

127 4201 246 4260 Surius
276 4202 437 4261 memorat
460 4199 495 4259 iu
521 4200 563 4260 lV
585 4202 815 4260 conciliorum
835 4198 923 4258 tomo
980 4198 1064 4258 siam
1080 4198 1188 4258 clerus
1210 4197 1251 4257 ad
1267 4197 1450 4257 Honorium
1471 4213 1540 4257 rem
1565 4197 1777 4261 deserendam

126 4297 187 4357 snb
208 4299 356 4359 Honorio
381 4299 437 4358 111.
456 4297 669 4372 Annoigitur
687 4295 922 4364 Domini1225,
980 4295 1119 4366 censuit,
1140 4297 1176 4355 ut
1199 4295 1316 4370 regina
1337 4293 1376 4354 ad
1394 4294 1596 4371 implendum
1612 4294 1645 4355 id
1668 4296 1777 4356 minus
1874 4342 1879 4351 .

126 4396 245 4473 quarto
268 4394 344 4456 Idus
366 4394 567 4466 Decembris,
586 4394 689 4455 multa
703 4393 744 4454 de
758 4392 924 4453 relorma-
980 4393 1180 4468 adigeretur.
1202 4392 1369 4452 Honorius
1388 4391 1474 4453 datis
1493 4391 1534 4452 ad
1551 4408 1624 4453 eam
1644 4392 1775 4467 litteris,

125 4492 218 4555 tione
233 4492 314 4553 cleri
331 4490 509 4552 salubriter
526 4490 708 4561 constituit,
726 4505 800 4566 quae
825 4490 858 4549 et
883 4486 925 4548 ab
980 4491 1107 4551 monuit
1117 4489 1151 4550 in
1168 4489 1239 4550 haec
1254 4487 1355 4551 verba
1373 4510 1380 4548 :
1397 4506 1415 4548 «
1430 4491 1509 4549 Cum
1526 4488 1612 4550 sicut
1625 4505 1668 4549 ex
1682 4489 1776 4549 rela-

126 4589 280 4651 omnibus
292 4589 564 4666 archiepiscopis,
576 4604 616 4649 ac
630 4604 745 4650 eorum
757 4587 925 4662 suffraga-
980 4589 1069 4649 tione
1100 4586 1237 4663 capituli
1266 4585 1457 4646 Oradiensis
1493 4585 1588 4646 nobis
1621 4585 1776 4660 innotuit,

128 4688 217 4759 aeis,
249 4685 438 4759 abbatibus,
474 4686 572 4764 atque
601 4685 677 4747 aliis
713 4683 924 4763 quibuslibet,
981 4682 1779 4763 quodeorumlecerit,ecclesiamconsecrari30t

127 4787 197 4848 tum
209 4785 350 4858 clericis,
362 4786 432 4847 tum
443 4784 653 4861 regularibus
666 4782 829 4845 servanda
839 4798 927 4860 prae-
981 4783 1112 4844 nonsit
1134 4782 1288 4853 ecclesia,
1310 4782 1374 4841 nisi
1396 4780 1436 4840 de
1456 4781 1530 4841 dote
1554 4779 1723 4857 provisum
1745 4780 1778 4842 ei

128 4884 226 4960 cepit,
243 4887 276 4945 et
291 4885 326 4945 in
341 4884 384 4945 iis
399 4883 492 4944 luere
506 4883 711 4945 etadversus
725 4881 828 4943 laicos
848 4895 927 4958 pro·
981 4881 1092 4953 luerit,
1106 4879 1343 4950 consecranda,
1361 4894 1400 4939 eo
1419 4877 1592 4938 liberalius
1605 4875 1645 4938 ad
1659 4877 1779 4939 dotan-
1834 4861 1841 4875 ⁹

129 4981 285 5057 mulgatae
299 4981 565 5053 constitutiones,
583 4997 722 5057 quarum
737 4980 820 5040 diras
835 4994 925 5056 prae-
981 4980 1057 5041 dam
1086 4978 1277 5056 praedictam
1302 4975 1476 5036 ecclesiam
1504 4974 1635 5052 aperire
1658 4992 1779 5037 munus

129 5079 245 5156 cipuas
258 5094 434 5141 recensere
448 5079 544 5153 libet3
559 5079 666 5156 capite
677 5078 765 5140 euim
776 5093 864 5139 nono
879 5076 927 5138 sio
982 5075 1217 5138 munificentiae
1228 5072 1413 5144 tueedebes,
1427 5072 1511 5151 quod
1520 5072 1562 5133 ad
1571 5072 1632 5134 hoc
1646 5072 1777 5145 lortius,

130 5177 251 5239 habet:
268 5178 457 5252 «Quoniam
472 5178 507 5238 in
522 5177 718 5254 quibusdam
735 5176 818 5237 locis
848 5174 927 5237 Ale·
981 5178 1149 5252 umquam
1165 5188 1207 5234 ex
1219 5170 1329 5234 debito
1337 5173 1407 5247 jam
1418 5171 1541 5232 teneris
1553 5169 1612 5251 (2).
1631 5174 1780 5248 Pragen-

129 5292 149 5334 «
170 5275 332 5346 manniae,
343 5274 534 5337 fundatores
549 5275 772 5336 Ecclesiarum
784 5273 837 5335 vel
852 5273 927 5333 hae·
982 5273 1085 5344 sibus,
1102 5287 1176 5333 eum
1192 5268 1370 5347 aliquando
1381 5268 1594 5330 conscientiae
1605 5271 1780 5346 scrupulus

130 5372 267 5434 «redes
302 5374 450 5449 ipsorum
484 5374 657 5449 potestate,
692 5372 727 5433 in
765 5387 829 5449 qua
871 5385 928 5432 eos
982 5372 1129 5433 animum
1144 5367 1346 5439 verberaret,
1370 5367 1399 5427 si
1418 5384 1493 5427 cum
1513 5367 1635 5429 natalis
1656 5366 1780 5429 Christi

132 5472 320 5533 «Ecclesia
350 5471 521 5549 hucusque
543 5471 711 5543 sustinuit,
735 5469 925 5541 abutuntur,
983 5464 1779 5534 diesinsextamferiamincidisset,carnibustum

169 5604 210 5675 (l)
224 5602 348 5660 Thomas
361 5604 455 5661 contri
478 5604 623 5661 atensisiu
640 5604 704 5660 Vita
725 5604 752 5661 8.
775 5601 929 5675 lutgardis
1019 5600 1060 5674 (Ξ)
1072 5599 1113 5659 cl.
1130 5616 1163 5657 su
1186 5616 1208 5657 r.
1226 5599 1331 5667 Quinta
1349 5596 1525 5666 comp-ilatio,
1543 5595 1590 5653 lib.
1608 5595 1779 5665 111,ut.2s,

136 5675 273 5745 t'irpiuiq
291 5673 339 5732 lib.
356 5676 393 5741 11,
408 5689 434 5731 c.
450 5619 479 5744 ἃ),
496 5675 570 5747 opud
586 5674 779 5733 suriumtom.
792 5673 819 5731 ³.
984 5687 1010 5730 c.
1021 5673 1110 5743 unic,
1126 5615 1183 5729 coe
1194 5671 1262 5741 3173
1277 5669 1364 5743 Greg.
1381 5667 1429 5737 lll,
1442 5666 1489 5725 lib.
1504 5669 1544 5724 lll
1556 5667 1597 5725 tit.
1610 5666 1654 5723 to.
