3802 6166
9 275 16 281 ,
52 202 120 265 285

51 364 128 427 tota
149 360 214 425 die.
236 360 420 435 Quodcirca
439 362 689 429 universitatem
709 366 855 427 vestram

53 476 224 537 rogamus,
253 477 425 522 menemus
448 462 605 524 attentius
627 464 660 524 et
683 462 856 524 hortamur

54 576 118 639 per
145 558 336 636 apostolica
366 558 459 620 vebis
492 561 616 637 scripta
647 562 854 634 mandantes,

54 662 235 737 quatenus,
253 658 339 719 sicut
358 658 499 720 salutem
513 662 657 721 vestram
670 660 809 735 diligitis
823 661 856 721 et

54 756 220 819 honorem
235 758 268 817 et
282 772 393 818 caram
409 757 540 819 habetis
552 758 694 835 gratiam
710 759 855 820 divinam

55 855 92 917 01
103 856 264 927 nestram,
287 854 382 917 vobis
406 856 479 917 sine
497 873 590 919 mora
612 857 802 935 praeficiatis
814 856 856 917 ad

54 954 179 1015 uestrae
203 953 352 1027 regimen
378 954 523 1016 civitatis
548 956 753 1033 potestatem,
776 970 858 1015 een-

57 1051 149 1113 sules
159 1051 211 1112 rel
225 1053 398 1124 rectorem,
411 1053 467 1131 qui
481 1054 681 1131 quaestiones
693 1056 726 1114 et
738 1069 857 1115 causas

56 1148 149 1211 inter
170 1164 230 1211 res
254 1148 407 1212 subortas
430 1151 550 1227 peterit
570 1151 763 1228 posmodum
785 1153 857 1212 ter-

57 1248 201 1319 minare,
218 1248 432 1309 ostendentes
452 1250 603 1326 protinus
618 1266 678 1328 per
692 1250 856 1323 ellectum,

60 1345 178 1422 quanti
193 1345 260 1407 sint
273 1346 360 1423 apud
385 1363 444 1408 res
464 1348 621 1424 penderis
643 1364 757 1425 preces
778 1364 860 1409 nos-

59 1445 134 1516 trie,
155 1446 188 1505 et
209 1444 294 1521 qued
321 1444 369 1505 sic
394 1444 572 1506 debeamus
599 1463 657 1508 res
683 1448 718 1507 in
740 1447 859 1509 vestris

59 1542 318 1604 necessitatibus
346 1544 522 1615 exaudire,
550 1544 636 1607 sicut
661 1561 721 1622 pro
748 1547 859 1607 restra

59 1641 170 1702 salute
184 1640 340 1716 rogantes
359 1657 379 1701 a
398 1641 491 1703 vebis
514 1640 674 1703 fuerimus
696 1642 858 1704 exauditi.

61 1739 99 1799 Si
123 1754 202 1800 vere
234 1738 401 1816 aliquibus
434 1742 646 1817 juramentis
685 1740 861 1804 atlversum

58 1853 122 1899 vos
147 1837 290 1898 invicem
312 1838 489 1899 temerarie
514 1840 684 1916 praesens,
701 1838 862 1901 tenemini

60 1933 203 1997 forsitan
219 1934 366 2011 obligati,
387 1936 429 1996 ad
443 1936 618 1997 consilium
638 1937 789 2000 nestrum
804 1954 863 1998 su-

59 2048 122 2111 per
146 2034 189 2093 iis
213 2048 386 2095 recurrere
411 2035 563 2111 poteritis
586 2035 735 2114 tempere
758 2052 861 2113 eper-

60 2133 154 2202 tune,
174 2130 252 2208 quia
274 2132 383 2208 parati
409 2149 524 2193 sumus
550 2134 741 2211 impendere
762 2134 864 2210 spiri-

59 2228 210 2291 tualibus
259 2228 477 2305 langueribus
521 2231 680 2293 salutaris
723 2232 863 2294 antidoti

59 2326 265 2389 medicinam
281 2330 314 2388 et
333 2328 407 2405 paci
427 2330 546 2390 restrae
567 2329 738 2391 intendere
752 2346 791 2391 ae
807 2346 864 2391 sa-

57 2425 136 2487 luti.
144 2426 264 2486 Datum
272 2426 438 2500 Laterani,
450 2429 510 2488 Xll
520 2428 586 2489 kal.
599 2428 721 2500 martii,
736 2427 865 2505 pontiti·

60 2524 164 2586 catus
175 2524 279 2586 nestri
294 2540 382 2586 anuo
397 2525 514 2602 prime.

377 2684 564 2772 GCXXIX

65 2857 123 2917 Ad
141 2858 296 2931 priorem
318 2856 351 2917 ct
375 2858 562 2929 capitutum
580 2856 781 2918 cerceiorum
800 2859 863 2918 Jo-

202 2957 327 3016 1101ιηί0
341 2954 374 3015 ct
388 2957 490 3016 Paccii
510 2956 727 3017 Tuderttnos

357 3088 390 3145 19
404 3085 474 3145 febr.
495 3089 573 3145 lali.

63 3174 141 3237 [eod.
162 3173 213 3224 lat.
236 3174 307 3234 teat,
323 3191 349 3240 p.
368 3176 421 3226 ill.
441 3178 498 3227 llss.
517 3176 696 3241 Bibliothtque
712 3175 863 3242 nationale]

63 3294 125 3351 Eos
142 3299 173 3349 ct
190 3293 327 3350 ecclesias
350 3308 450 3351 cerum
468 3309 534 3352 cum
558 3293 691 3351 omnibus
709 3292 792 3351 bouis
811 3293 864 3351 sub

249 3384 281 3440 Β.
296 3383 371 3440 Petri
387 3384 562 3456 protectione
577 3384 685 3457 recipit.

108 3507 215 3569 iustis
238 3508 419 3585 petentium
443 3510 544 3570 ete...
581 3522 688 3582 arsque
712 3523 863 3569 assensu.

68 3607 254 3667 Personam
269 3609 302 3668 et
315 3605 490 3668 ecclesiam
505 3608 650 3668 vestram
665 3623 740 3668 cum
757 3605 865 3667 emni-

66 3702 132 3765 bus
147 3702 243 3764 benis
258 3720 331 3781 quae
364 3703 662 3781 impraesentiarum
681 3703 866 3765 rationabi-

66 3801 147 3862 liter
170 3802 358 3878 pessidetis,
386 3804 439 3863 rel
461 3802 495 3863 in
519 3802 665 3863 futurum
688 3804 865 3879 praestante

67 3899 211 3961 Domino
224 3900 326 3978 justis
343 3900 449 3962 medis
471 3900 623 3977 poteritis
636 3900 788 3977 adipisci,
805 3899 865 3960 sub

67 3996 159 4059 beati
176 3997 266 4058 Petri
275 3999 309 4059 et
318 3999 434 4059 nostra
448 3998 653 4076 protectione
667 3999 866 4075 suscipimus

67 4096 103 4157 et
128 4096 301 4173 praesentis
327 4097 442 4173 scripti
466 4097 587 4174 pagiua
614 4096 865 4158 communimus.

64 4193 161 4255 Nulli
181 4210 260 4269 erge
280 4196 414 4256 omnine
439 4195 620 4267 hominum,
640 4194 728 4256 etc...
746 4197 866 4255 nestrae

65 4292 296 4370 protectionis,
309 4294 398 4354 etc...
412 4292 446 4353 si
457 4293 531 4370 quis
542 4293 650 4353 autem
662 4294 750 4355 010...

108 4392 227 4452 Datum
243 4391 409 4463 Laterani,
427 4390 554 4452 decime
567 4376 727 4451 kalendas
742 4389 866 4462 martii,

65 4488 280 4568 pontificatus
293 4488 398 4551 uestri
411 4504 498 4550 anne
512 4488 596 4566 prim
605 4504 636 4549 e.

386 4649 551 4737 CCXXX

66 4807 123 4866 Aci
150 4804 432 4877 archiepiscopos,
463 4805 638 4876 episcopos
663 4800 697 4861 ci
720 4799 867 4868 abbates,

109 4905 255 4977 priores
268 4901 301 4962 ei
315 4904 400 4961 altos
413 4902 637 4961 ecclesiane-m
648 4898 812 4973 prelatos
825 4900 870 4958 ad

109 5014 195 5074 qnos
211 4998 336 5060 littere
346 4995 585 5073 pervenerint.

365 5130 399 5187 19
417 5128 487 5187 febr.
503 5129 581 5186 1117.

69 5220 146 5289 [cod.
168 5219 214 5270 lat.
231 5218 302 5277 31131,
323 5234 349 5283 p.
370 5218 425 5268 l30.
449 5220 506 5269 blss.
527 5216 704 5280 bibliotheque
718 5213 870 5280 nationale]

68 5326 306 5402 Archicpiscepis
326 5333 355 5384 et
375 5325 519 5399 episcopis
538 5323 574 5383 ad
594 5339 665 5396 ques
684 5323 784 5380 littero
809 5324 872 5380 ista

108 5418 293 5493 pervenerint
306 5415 488 5474 commendat
500 5412 630 5472 ordinem
648 5412 698 5471 SS.
714 5412 868 5470 Trinitatis.

114 5566 223 5636 Quum
253 5563 351 5639 justa
383 5560 520 5625 verbum
552 5556 711 5636 Apostoli,
748 5556 871 5620 benum

689 202 920 265 EPISTOLAE.
943 204 1022 265 LlB.
1046 203 1071 266 Ι.

1647 204 1710 265 2811

909 364 1041 443 operari
1066 364 1249 435 teneamur,
1274 359 1315 425 ad
1342 360 1451 424 omnis
1476 376 1566 425 curce
1592 362 1710 426 defen-

910 464 1037 525 sionem
1059 463 1092 525 et
1115 461 1338 540 provisionem
1363 461 1496 522 illerum
1522 462 1708 540 praesertim

910 578 1044 640 operam
1060 560 1219 622 adbibere
1231 560 1383 621 tenemur
1397 560 1453 637 qui
1466 558 1623 637 operibus
1635 560 1710 636 pie-

911 661 988 722 tatis
1002 660 1159 721 insistunt
1174 660 1206 720 et
1221 658 1469 735 compatiuntur
1480 658 1709 735 proximorum

911 758 1081 819 laboribus
1097 759 1129 819 et
1144 757 1313 819 aerumnis.
1330 756 1409 817 lude
1431 757 1482 818 est
1503 757 1588 834 quod
1610 774 1711 834 quum

911 857 1023 918 dilecti
1038 856 1099 916 tilii
1113 859 1260 917 Jeannes
1282 855 1435 915 minister
1454 855 1487 916 et
1505 854 1625 917 fratres
1654 870 1713 916 or-

912 955 1000 1016 dinis
1024 957 1148 1017 sanctae
1174 952 1348 1015 'l'rinitatis
1370 954 1402 1014 et
1428 952 1648 1029 captivorum,
1673 969 1712 1015 se

912 1052 1094 1131 receptioni
1108 1067 1303 1129 pauperum,
1320 1050 1527 1111 infirmorum
1550 1052 1710 1113 consela-

912 1151 1008 1223 tieni,
1025 1166 1064 1211 ac
1086 1147 1306 1226 redemptioni
1326 1148 1543 1225 exposuerint
1558 1148 1710 1225 captive-

913 1265 999 1317 rum,
1022 1248 1273 1310 universitatem
1296 1262 1470 1307 monemus
1496 1247 1654 1308 attentius
1678 1246 1713 1309 et

914 1348 1097 1419 hortamur,
1115 1347 1278 1423 qnatenus
1299 1361 1356 1406 ees
1378 1347 1410 1405 et
1425 1344 1558 1405 demum
1576 1345 1712 1406 illerum

914 1444 1197 1507 recommendatos
1226 1442 1388 1504 habentes
1405 1443 1438 1504 et
1452 1441 1665 1506 defendentes
1691 1458 1712 1505 a

915 1544 1135 1620 malignorum
1161 1543 1308 1612 incursu,
1337 1540 1557 1617 parochianos
1582 1543 1711 1603 vestros

915 1644 973 1703 aut
987 1643 1035 1703 eis
1049 1641 1089 1702 de
1106 1639 1201 1702 benis
1219 1639 1283 1700 sibi
1298 1654 1318 1699 a
1333 1641 1402 1699 Dee
1417 1638 1547 1699 collatis
1562 1639 1711 1701 eleemo-

915 1755 1016 1817 synas
1031 1738 1227 1814 largiantur,
1245 1737 1278 1797 et
1292 1735 1464 1796 beneflciis
1484 1735 1712 1798 charitatisil-

917 1839 1023 1899 lerum
1035 1854 1094 1914 pro
1109 1852 1206 1913 pesse
1230 1833 1393 1895 auxilium
1411 1833 1711 1911 censerantepper·

915 1940 1048 2008 tunnm,
1084 1932 1247 1996 moneatis
1280 1931 1437 1993 attentius
1471 1933 1503 1994 et
1532 1932 1713 1994 efficaciter

916 2034 1092 2096 inducatis.
1127 2033 1246 2093 Datum
1278 2028 1447 2101 Laterani,
1477 2031 1523 2090 XI
1550 2029 1714 2093 kalendas

917 2133 1040 2205 martii,
1055 2130 1266 2209 pontificatus
1279 2128 1384 2190 nestri
1397 2143 1485 2189 anuo
1498 2127 1617 2204 primo.

1224 2415 1411 2503 GCXXXI

917 2627 969 2686 Ad
982 2627 1015 2686 J.
1026 2625 1270 2699 presbeterum
1284 2626 1434 2686 ecclcstce
1446 2622 1577 2684 sericio
1588 2623 1717 2683 Merite

1037 2726 1074 2784 tu
1089 2724 1275 2784 Gariumcti
1296 2725 1436 2796 ejusque
1450 2722 1593 2796 [101101.

1211 2909 1243 2966 le
1257 2906 1329 2966 febr.
1346 2908 1425 2965 1217.

949 2997 1021 3063 [Ced.
1032 2997 1078 3049 lat.
1090 2995 1161 3049 teat.
1173 3012 1198 3061 p.
1211 2996 1264 3047 tot.
1276 2998 1333 3047 llss.
1346 2994 1522 3059 bibliotheque
1532 2993 1684 3058 nationale]

918 3150 962 3210 nd
988 3151 1133 3223 exemplar
1159 3149 1303 3208 Coelostiui
1327 3163 1374 3220 pp.
1403 3149 1443 3204 lll
1470 3146 1714 3216 constitutionem,

953 3252 1008 3309 qua
1029 3237 1058 3293 in
1077 3250 1177 3292 eorum
1197 3240 1339 3292 conventu
1355 3232 1502 3304 quinarius
1521 3232 1640 3289 fratrum
1659 3246 1714 3289 uu·

954 3340 1051 3383 merus
1064 3324 1195 3393 habetur,
1211 3322 1371 3380 confirmat.

958 3500 975 3558 J
979 3496 1061 3557 ustis
1078 3495 1223 3557 filiorum
1240 3492 1390 3554 ecclesiae
1405 3490 1558 3568 precibus
1573 3488 1717 3565 benigne

920 3594 1184 3657 condescendere
1209 3608 1269 3653 nes
1294 3590 1432 3667 eportet,
1458 3589 1491 3649 et
1514 3588 1595 3665 ipsis
1617 3586 1718 3649 facile

919 3693 1067 3754 fauorem
1081 3689 1309 3768 Apostolicum
1324 3685 1500 3764 impartiri,
1515 3687 1552 3747 ut
1565 3702 1666 3763 quum
1681 3699 1718 3747 se

920 3790 1079 3853 benevole
1110 3787 1256 3850 viderint
1289 3784 1479 3857 exauditos,
1513 3783 1646 3844 facilius
1674 3782 1716 3845 ad

921 3890 1128 3953 devotionern
1142 3888 1289 3948 nestram
1299 3886 1332 3947 01
1340 3883 1496 3945 Ecclesiae
1504 3882 1717 3944 inducantur.

921 3988 1113 4065 Eaprepter,
1126 3983 1238 4046 dilecti
1255 3983 1288 4043 in
1308 3981 1447 4043 Domine
1463 3980 1535 4053 tilii,
1558 3980 1718 4057 scriptum

921 4085 1149 4149 authenticum
1170 4098 1235 4160 que
1250 4081 1349 4159 Juxta
1372 4079 1546 4141 facultates
1565 4078 1720 4139 ecelesiae

922 4186 1051 4255 vestrae,
1066 4183 1105 4243 de
1119 4197 1258 4242 assensu
1268 4176 1471 4240 venerabilis
1486 4176 1599 4238 fratris
1612 4176 1719 4238 nestri

922 4279 1106 4345 Placentini
1120 4277 1278 4355 episcopi,
1293 4274 1512 4337 consideratis
1522 4277 1594 4351 ejus
1607 4273 1721 4335 facul-

921 4380 1056 4451 tatibus,
1074 4376 1264 4455 quinarium
1283 4374 1319 4434 in
1337 4388 1377 4434 ea
1392 4372 1533 4434 fratrum
1545 4387 1720 4433 numerum

923 4477 1060 4558 previde
1084 4474 1260 4544 statuistis,
1283 4468 1719 4549 perspicaciterintuentes,

922 4594 965 4639 ne
989 4589 1090 4653 super
1115 4573 1302 4650 aliquorum
1325 4569 1516 4646 receptione
1542 4569 1663 4644 praeter
1686 4566 1720 4627 id

924 4675 1009 4753 qued
1029 4673 1188 4735 statutum
1205 4671 1255 4730 est
1269 4666 1403 4746 possitis
1427 4664 1574 4743 qualibet
1596 4664 1722 4739 impre-

923 4774 1025 4835 bitate
1050 4770 1183 4840 vexari,
1210 4765 1478 4828 constitutionem
1505 4761 1611 4838 ipsam
1636 4760 1722 4822 sicut

924 4867 1167 4934 rationabiliter
1186 4865 1273 4925 facta
1291 4866 1351 4933 est,
1368 4860 1410 4922 ad
1426 4858 1597 4935 exemplar
1611 4857 1722 4920 felicis

925 4970 1093 5031 memoriae
1131 4961 1287 5024 celestini
1323 4963 1422 5035 Papae
1465 4956 1722 5034 praedecessoris

925 5066 1042 5137 uestri,
1055 5061 1252 5124 auctoritate
1267 5055 1456 5135 apostolica
1471 5054 1721 5127 confirmamus,

925 5166 958 5226 01
981 5159 1154 5241 praesentis
1182 5156 1296 5234 scripti
1321 5153 1443 5232 pagina
1468 5151 1721 5224 communimus,

925 5262 991 5324 nisi
1010 5259 1094 5321 ferte
1113 5257 1148 5317 in
1167 5254 1296 5317 tantum
1316 5251 1421 5329 ipsius
1445 5249 1597 5310 ecclesiae
1616 5247 1725 5309 facul-

925 5363 1010 5423 tates
1025 5354 1235 5419 excroverint
1250 5351 1336 5429 quod
1352 5349 1464 5426 plures
1479 5347 1596 5409 merite
1612 5346 1724 5409 valeat

926 5443 1723 5526 retinere,salroinomnibustamenApestelicae

927 5556 1022 5621 Sedis
1046 5550 1212 5615 mandate.
1243 5546 1335 5611 Nulli
1362 5560 1442 5621 erge
1468 5543 1613 5615 omnino,
1633 5541 1723 5604 ete...
