<?xml version="1.0" encoding="UTF-8"?>
<!DOCTYPE html PUBLIC "-//W3C//DTD XHTML 1.0 Transitional//EN"
    "http://www.w3.org/TR/xhtml1/DTD/xhtml1-transitional.dtd">
<html xmlns="http://www.w3.org/1999/xhtml" xml:lang="en" lang="en">
 <head>
  <title>
</title>
<meta http-equiv="Content-Type" content="text/html;charset=utf-8" />
  <meta name='ocr-system' content='tesseract 3.04.00' />
  <meta name='ocr-capabilities' content='ocr_page ocr_carea ocr_par ocr_line ocrx_word'/>
</head>
<body>
  <div class='ocr_page' id='page_1' title='image "./mediiaevibiblio02horogoog_0102.png"; bbox 0 0 3802 6166; ppageno 0'>
   <div class='ocr_carea' id='block_1_1' title="bbox 131 246 1778 350">
    <p class='ocr_par' dir='ltr' id='par_1_1' title="bbox 131 246 1778 350">
     <span class='ocr_line' id='line_1_1' title="bbox 131 246 1778 350; baseline -0.002 -10"><span class='ocrx_word' id='word_1_1' title='bbox 131 279 190 341; x_wconf 76' lang='lat' dir='ltr'>usa</span> <span class='ocrx_word' id='word_1_2' title='bbox 600 246 686 337; x_wconf 79' lang='lat' dir='ltr'>xru.</span> <span class='ocrx_word' id='word_1_3' title='bbox 702 302 743 321; x_wconf 91' lang='lat'>-</span> <span class='ocrx_word' id='word_1_4' title='bbox 757 272 803 335; x_wconf 87' lang='lat' dir='ltr'>m</span> <span class='ocrx_word' id='word_1_5' title='bbox 824 272 953 335; x_wconf 78' lang='lat' dir='ltr'>russo</span> <span class='ocrx_word' id='word_1_6' title='bbox 976 270 1125 339; x_wconf 79' lang='lat' dir='ltr'>sunum</span> <span class='ocrx_word' id='word_1_7' title='bbox 1144 274 1313 338; x_wconf 79' lang='lat' dir='ltr'>anesus.</span> <span class='ocrx_word' id='word_1_8' title='bbox 1719 286 1778 350; x_wconf 56' lang='grc' dir='ltr'>ωε</span> 
     </span>
    </p>
   </div>
   <div class='ocr_carea' id='block_1_2' title="bbox 123 430 1892 518">
    <p class='ocr_par' dir='ltr' id='par_1_2' title="bbox 123 430 1892 518">
     <span class='ocr_line' id='line_1_2' title="bbox 123 430 1892 518; baseline 0.003 -19"><span class='ocrx_word' id='word_1_9' title='bbox 123 434 205 499; x_wconf 88' lang='lat' dir='ltr'>dum</span> <span class='ocrx_word' id='word_1_10' title='bbox 219 450 317 498; x_wconf 88' lang='lat' dir='ltr'>auum</span> <span class='ocrx_word' id='word_1_11' title='bbox 336 448 404 497; x_wconf 93' lang='lat' dir='ltr'>non</span> <span class='ocrx_word' id='word_1_12' title='bbox 417 432 565 508; x_wconf 84' lang='lat' dir='ltr'>verbum,</span> <span class='ocrx_word' id='word_1_13' title='bbox 582 435 639 498; x_wconf 86' lang='lat' dir='ltr'>sed</span> <span class='ocrx_word' id='word_1_14' title='bbox 662 432 821 498; x_wconf 88' lang='lat' dir='ltr'>laborem.</span> <span class='ocrx_word' id='word_1_15' title='bbox 838 435 925 513; x_wconf 89' lang='lat' dir='ltr'>Ope-</span> <span class='ocrx_word' id='word_1_16' title='bbox 977 434 1033 496; x_wconf 92' lang='lat' dir='ltr'>tur</span> <span class='ocrx_word' id='word_1_17' title='bbox 1055 430 1156 508; x_wconf 81' lang='lat' dir='ltr'>toras,</span> <span class='ocrx_word' id='word_1_18' title='bbox 1180 434 1276 510; x_wconf 88' lang='lat' dir='ltr'>idest,</span> <span class='ocrx_word' id='word_1_19' title='bbox 1293 430 1340 498; x_wconf 82' lang='lat' dir='ltr'>ab&#39;</span> <span class='ocrx_word' id='word_1_20' title='bbox 1350 435 1498 500; x_wconf 79' lang='lat' dir='ltr'>Ecclesia</span> <span class='ocrx_word' id='word_1_21' title='bbox 1517 438 1682 518; x_wconf 79' lang='lat' dir='ltr'>ejiciatur.</span> <span class='ocrx_word' id='word_1_22' title='bbox 1697 443 1778 506; x_wconf 79' lang='lat' dir='ltr'>tiit·</span> <span class='ocrx_word' id='word_1_23' title='bbox 1889 440 1892 445; x_wconf 85' lang='lat'>&#39;</span> 
     </span>
    </p>
   </div>
   <div class='ocr_carea' id='block_1_3' title="bbox 122 530 1777 2177">
    <p class='ocr_par' dir='ltr' id='par_1_3' title="bbox 122 530 1777 1098">
     <span class='ocr_line' id='line_1_3' title="bbox 122 530 1774 617; baseline 0.004 -21"><span class='ocrx_word' id='word_1_24' title='bbox 122 548 214 606; x_wconf 86' lang='lat' dir='ltr'>rare,</span> <span class='ocrx_word' id='word_1_25' title='bbox 232 532 311 612; x_wconf 91' lang='lat' dir='ltr'>quia</span> <span class='ocrx_word' id='word_1_26' title='bbox 334 548 449 596; x_wconf 85' lang='lat' dir='ltr'>omnes</span> <span class='ocrx_word' id='word_1_27' title='bbox 477 531 658 595; x_wconf 79' lang='lat' dir='ltr'><strong>astabimus</strong></span> <span class='ocrx_word' id='word_1_28' title='bbox 682 532 760 595; x_wconf 87' lang='lat' dir='ltr'>ante</span> <span class='ocrx_word' id='word_1_29' title='bbox 778 531 924 595; x_wconf 86' lang='lat' dir='ltr'>tribunal</span> <span class='ocrx_word' id='word_1_30' title='bbox 978 530 1060 593; x_wconf 91' lang='lat' dir='ltr'>titur</span> <span class='ocrx_word' id='word_1_31' title='bbox 1073 530 1163 594; x_wconf 86' lang='lat' dir='ltr'>ieras</span> <span class='ocrx_word' id='word_1_32' title='bbox 1178 533 1311 612; x_wconf 86' lang='lat' dir='ltr'>quando</span> <span class='ocrx_word' id='word_1_33' title='bbox 1327 533 1448 598; x_wconf 87' lang='lat' dir='ltr'>tractat</span> <span class='ocrx_word' id='word_1_34' title='bbox 1471 536 1542 599; x_wconf 90' lang='lat' dir='ltr'>sola</span> <span class='ocrx_word' id='word_1_35' title='bbox 1565 538 1774 617; x_wconf 90' lang='lat' dir='ltr'>temporalia,</span> 
     </span>
     <span class='ocr_line' id='line_1_4' title="bbox 123 628 1777 710; baseline 0.005 -17"><span class='ocrx_word' id='word_1_36' title='bbox 123 632 262 705; x_wconf 81' lang='lat' dir='ltr'>Christi,</span> <span class='ocrx_word' id='word_1_37' title='bbox 288 632 325 693; x_wconf 91' lang='lat' dir='ltr'>ut</span> <span class='ocrx_word' id='word_1_38' title='bbox 345 631 486 708; x_wconf 89' lang='lat' dir='ltr'>recipiat</span> <span class='ocrx_word' id='word_1_39' title='bbox 506 631 732 710; x_wconf 85' lang='lat' dir='ltr'>unusquisque</span> <span class='ocrx_word' id='word_1_40' title='bbox 757 630 924 708; x_wconf 80' lang='lat' dir='ltr'><strong>propriam</strong></span> <span class='ocrx_word' id='word_1_41' title='bbox 979 629 1012 691; x_wconf 88' lang='lat' dir='ltr'>et</span> <span class='ocrx_word' id='word_1_42' title='bbox 1027 628 1163 693; x_wconf 79' lang='lat' dir='ltr'>dimittit</span> <span class='ocrx_word' id='word_1_43' title='bbox 1182 631 1383 708; x_wconf 81' lang='lat' dir='ltr'>spiritualia.</span> <span class='ocrx_word' id='word_1_44' title='bbox 1398 632 1542 696; x_wconf 87' lang='lat' dir='ltr'>Mittitur</span> <span class='ocrx_word' id='word_1_45' title='bbox 1562 635 1664 709; x_wconf 84' lang='lat' dir='ltr'>toras,</span> <span class='ocrx_word' id='word_1_46' title='bbox 1682 639 1718 701; x_wconf 91' lang='lat' dir='ltr'>ut</span> <span class='ocrx_word' id='word_1_47' title='bbox 1735 638 1777 701; x_wconf 90' lang='lat' dir='ltr'>ab</span> 
     </span>
     <span class='ocr_line' id='line_1_5' title="bbox 122 726 1775 806; baseline 0.004 -15"><span class='ocrx_word' id='word_1_48' title='bbox 122 729 312 792; x_wconf 89' lang='lat' dir='ltr'>mercedem</span> <span class='ocrx_word' id='word_1_49' title='bbox 328 728 508 791; x_wconf 90' lang='lat' dir='ltr'>secundum</span> <span class='ocrx_word' id='word_1_50' title='bbox 523 742 574 801; x_wconf 88' lang='lat' dir='ltr'>ea,</span> <span class='ocrx_word' id='word_1_51' title='bbox 589 744 656 790; x_wconf 91' lang='lat' dir='ltr'>non</span> <span class='ocrx_word' id='word_1_52' title='bbox 671 744 744 806; x_wconf 87' lang='lat' dir='ltr'>quae</span> <span class='ocrx_word' id='word_1_53' title='bbox 759 728 854 802; x_wconf 78' lang='lat' dir='ltr'>dixit,</span> <span class='ocrx_word' id='word_1_54' title='bbox 867 728 923 789; x_wconf 90' lang='lat' dir='ltr'>sed</span> <span class='ocrx_word' id='word_1_55' title='bbox 979 726 1088 789; x_wconf 84' lang='lat' dir='ltr'>cilicio</span> <span class='ocrx_word' id='word_1_56' title='bbox 1113 727 1299 805; x_wconf 90' lang='lat' dir='ltr'>deponatur</span> <span class='ocrx_word' id='word_1_57' title='bbox 1312 731 1345 792; x_wconf 92' lang='lat' dir='ltr'>et</span> <span class='ocrx_word' id='word_1_58' title='bbox 1368 731 1582 794; x_wconf 86' lang='lat' dir='ltr'>conculcetur</span> <span class='ocrx_word' id='word_1_59' title='bbox 1604 732 1645 794; x_wconf 90' lang='lat' dir='ltr'>ab</span> <span class='ocrx_word' id='word_1_60' title='bbox 1669 735 1775 797; x_wconf 90' lang='lat' dir='ltr'>homi·</span> 
     </span>
     <span class='ocr_line' id='line_1_6' title="bbox 124 824 1776 906; baseline 0.004 -18"><span class='ocrx_word' id='word_1_61' title='bbox 124 843 201 906; x_wconf 79' lang='lat' dir='ltr'>quae</span> <span class='ocrx_word' id='word_1_62' title='bbox 216 827 295 903; x_wconf 81' lang='lat' dir='ltr'>egit.</span> <span class='ocrx_word' id='word_1_63' title='bbox 312 829 469 903; x_wconf 88' lang='lat' dir='ltr'>Operare,</span> <span class='ocrx_word' id='word_1_64' title='bbox 488 825 564 904; x_wconf 88' lang='lat' dir='ltr'>quia</span> <span class='ocrx_word' id='word_1_65' title='bbox 580 825 696 888; x_wconf 89' lang='lat' dir='ltr'>beatus</span> <span class='ocrx_word' id='word_1_66' title='bbox 712 829 762 889; x_wconf 88' lang='lat' dir='ltr'>est</span> <span class='ocrx_word' id='word_1_67' title='bbox 776 825 833 888; x_wconf 88' lang='lat' dir='ltr'>ille</span> <span class='ocrx_word' id='word_1_68' title='bbox 849 842 923 888; x_wconf 89' lang='lat' dir='ltr'>ser·</span> <span class='ocrx_word' id='word_1_69' title='bbox 978 824 1086 897; x_wconf 88' lang='lat' dir='ltr'>nibus,</span> <span class='ocrx_word' id='word_1_70' title='bbox 1103 824 1199 898; x_wconf 90' lang='lat' dir='ltr'>idest,</span> <span class='ocrx_word' id='word_1_71' title='bbox 1212 825 1414 904; x_wconf 86' lang='lat' dir='ltr'>despiciatur</span> <span class='ocrx_word' id='word_1_72' title='bbox 1424 827 1465 889; x_wconf 95' lang='lat' dir='ltr'>ab</span> <span class='ocrx_word' id='word_1_73' title='bbox 1480 830 1680 892; x_wconf 85' lang='lat' dir='ltr'>hominihus.</span> <span class='ocrx_word' id='word_1_74' title='bbox 1694 834 1776 895; x_wconf 86' lang='lat' dir='ltr'>Item</span> 
     </span>
     <span class='ocr_line' id='line_1_7' title="bbox 122 922 1777 1007; baseline 0.003 -21"><span class='ocrx_word' id='word_1_75' title='bbox 122 942 198 997; x_wconf 86' lang='lat' dir='ltr'>vus,</span> <span class='ocrx_word' id='word_1_76' title='bbox 216 940 314 1002; x_wconf 88' lang='lat' dir='ltr'>quem</span> <span class='ocrx_word' id='word_1_77' title='bbox 330 940 404 984; x_wconf 91' lang='lat' dir='ltr'>cum</span> <span class='ocrx_word' id='word_1_78' title='bbox 427 923 559 985; x_wconf 84' lang='lat' dir='ltr'>venerit</span> <span class='ocrx_word' id='word_1_79' title='bbox 580 924 740 985; x_wconf 84' lang='lat' dir='ltr'>Dominus</span> <span class='ocrx_word' id='word_1_80' title='bbox 766 927 848 1001; x_wconf 90' lang='lat' dir='ltr'>ejus,</span> <span class='ocrx_word' id='word_1_81' title='bbox 865 924 922 985; x_wconf 92' lang='lat' dir='ltr'>in·</span> <span class='ocrx_word' id='word_1_82' title='bbox 978 922 1076 984; x_wconf 85' lang='lat' dir='ltr'>aliter</span> <span class='ocrx_word' id='word_1_83' title='bbox 1096 940 1104 984; x_wconf 90' lang='lat'>:</span> <span class='ocrx_word' id='word_1_84' title='bbox 1119 923 1156 984; x_wconf 91' lang='lat' dir='ltr'>ut</span> <span class='ocrx_word' id='word_1_85' title='bbox 1169 924 1474 988; x_wconf 86' lang='lat' dir='ltr'>excommunicetur</span> <span class='ocrx_word' id='word_1_86' title='bbox 1491 927 1524 988; x_wconf 89' lang='lat' dir='ltr'>et</span> <span class='ocrx_word' id='word_1_87' title='bbox 1533 928 1685 1002; x_wconf 85' lang='lat' dir='ltr'>evitetur,</span> <span class='ocrx_word' id='word_1_88' title='bbox 1698 929 1777 1007; x_wconf 85' lang='lat' dir='ltr'>quia</span> 
     </span>
     <span class='ocr_line' id='line_1_8' title="bbox 122 1019 1389 1098; baseline -0.002 -12"><span class='ocrx_word' id='word_1_89' title='bbox 122 1020 520 1086; x_wconf 81' lang='lat' dir='ltr'>reneritsiciacientem.</span> <span class='ocrx_word' id='word_1_90' title='bbox 978 1019 1129 1097; x_wconf 85' lang='lat' dir='ltr'>peccavit</span> <span class='ocrx_word' id='word_1_91' title='bbox 1141 1020 1177 1082; x_wconf 92' lang='lat' dir='ltr'>in</span> <span class='ocrx_word' id='word_1_92' title='bbox 1190 1021 1389 1098; x_wconf 83' lang='lat' dir='ltr'>proximum.</span> 
     </span>
    </p>

    <p class='ocr_par' dir='ltr' id='par_1_4' title="bbox 123 1117 1777 2177">
     <span class='ocr_line' id='line_1_9' title="bbox 165 1117 923 1196; baseline -0.003 -14"><span class='ocrx_word' id='word_1_93' title='bbox 165 1121 248 1182; x_wconf 88' lang='lat' dir='ltr'>ltem</span> <span class='ocrx_word' id='word_1_94' title='bbox 271 1136 345 1181; x_wconf 91' lang='lat' dir='ltr'>cum</span> <span class='ocrx_word' id='word_1_95' title='bbox 371 1119 509 1196; x_wconf 86' lang='lat' dir='ltr'>quilibet</span> <span class='ocrx_word' id='word_1_96' title='bbox 533 1117 736 1181; x_wconf 87' lang='lat' dir='ltr'>christianus</span> <span class='ocrx_word' id='word_1_97' title='bbox 755 1118 841 1181; x_wconf 91' lang='lat' dir='ltr'>scire</span> <span class='ocrx_word' id='word_1_98' title='bbox 861 1118 923 1181; x_wconf 89' lang='lat' dir='ltr'>de-</span> 
     </span>
     <span class='ocr_line' id='line_1_10' title="bbox 123 1216 1425 1340; baseline -0.002 -61"><span class='ocrx_word' id='word_1_99' title='bbox 123 1216 202 1279; x_wconf 88' lang='lat' dir='ltr'>beat</span> <span class='ocrx_word' id='word_1_100' title='bbox 217 1217 394 1279; x_wconf 88' lang='lat' dir='ltr'>Dominum</span> <span class='ocrx_word' id='word_1_101' title='bbox 410 1216 442 1279; x_wconf 89' lang='lat' dir='ltr'>et</span> <span class='ocrx_word' id='word_1_102' title='bbox 456 1216 646 1280; x_wconf 85' lang='lat' dir='ltr'>Creatorem</span> <span class='ocrx_word' id='word_1_103' title='bbox 661 1233 768 1289; x_wconf 93' lang='lat' dir='ltr'>suum,</span> <span class='ocrx_word' id='word_1_104' title='bbox 779 1216 924 1278; x_wconf 83' lang='lat' dir='ltr'>maxime</span> <span class='ocrx_word' id='word_1_105' title='bbox 1331 1251 1425 1340; x_wconf 72' lang='lat' dir='ltr'>XIV</span> 
     </span>
     <span class='ocr_line' id='line_1_11' title="bbox 124 1314 925 1392; baseline 0.002 -17"><span class='ocrx_word' id='word_1_106' title='bbox 124 1315 189 1376; x_wconf 90' lang='lat' dir='ltr'>boc</span> <span class='ocrx_word' id='word_1_107' title='bbox 214 1315 404 1377; x_wconf 87' lang='lat' dir='ltr'>sacerdotes</span> <span class='ocrx_word' id='word_1_108' title='bbox 437 1314 574 1386; x_wconf 90' lang='lat' dir='ltr'>debent,</span> <span class='ocrx_word' id='word_1_109' title='bbox 610 1314 728 1392; x_wconf 88' lang='lat' dir='ltr'>quibus</span> <span class='ocrx_word' id='word_1_110' title='bbox 765 1314 925 1377; x_wconf 85' lang='lat' dir='ltr'>incumbit</span> 
     </span>
     <span class='ocr_line' id='line_1_12' title="bbox 123 1409 1657 1505; baseline 0.003 -32"><span class='ocrx_word' id='word_1_111' title='bbox 123 1413 277 1474; x_wconf 89' lang='lat' dir='ltr'>doctrina</span> <span class='ocrx_word' id='word_1_112' title='bbox 293 1429 352 1473; x_wconf 90' lang='lat' dir='ltr'>sua</span> <span class='ocrx_word' id='word_1_113' title='bbox 368 1415 401 1475; x_wconf 90' lang='lat' dir='ltr'>et</span> <span class='ocrx_word' id='word_1_114' title='bbox 424 1411 585 1490; x_wconf 85' lang='lat' dir='ltr'>exemplis</span> <span class='ocrx_word' id='word_1_115' title='bbox 608 1412 710 1474; x_wconf 88' lang='lat' dir='ltr'>totam</span> <span class='ocrx_word' id='word_1_116' title='bbox 734 1409 924 1474; x_wconf 89' lang='lat' dir='ltr'>illuminare</span> <span class='ocrx_word' id='word_1_117' title='bbox 1100 1436 1297 1501; x_wconf 67' lang='lat' dir='ltr'>1NFEST0</span> <span class='ocrx_word' id='word_1_118' title='bbox 1321 1440 1470 1503; x_wconf 64' lang='lat' dir='ltr'>SANCTI</span> <span class='ocrx_word' id='word_1_119' title='bbox 1491 1442 1657 1505; x_wconf 61' lang='lat' dir='ltr'>ANGELL</span> 
     </span>
     <span class='ocr_line' id='line_1_13' title="bbox 125 1508 925 1587; baseline 0 -16"><span class='ocrx_word' id='word_1_120' title='bbox 125 1510 321 1571; x_wconf 85' lang='lat' dir='ltr'>Ecclesiam.</span> <span class='ocrx_word' id='word_1_121' title='bbox 340 1510 409 1571; x_wconf 91' lang='lat' dir='ltr'>Scit</span> <span class='ocrx_word' id='word_1_122' title='bbox 423 1512 532 1572; x_wconf 89' lang='lat' dir='ltr'>autem</span> <span class='ocrx_word' id='word_1_123' title='bbox 547 1509 604 1572; x_wconf 90' lang='lat' dir='ltr'>ille</span> <span class='ocrx_word' id='word_1_124' title='bbox 619 1508 779 1572; x_wconf 87' lang='lat' dir='ltr'>Dominus</span> <span class='ocrx_word' id='word_1_125' title='bbox 796 1508 852 1587; x_wconf 88' lang='lat' dir='ltr'>qui</span> <span class='ocrx_word' id='word_1_126' title='bbox 867 1526 925 1571; x_wconf 89' lang='lat' dir='ltr'>ca-</span> 
     </span>
     <span class='ocr_line' id='line_1_14' title="bbox 125 1607 1773 1686; baseline 0.004 -17"><span class='ocrx_word' id='word_1_127' title='bbox 125 1608 260 1669; x_wconf 86' lang='lat' dir='ltr'>tholicae</span> <span class='ocrx_word' id='word_1_128' title='bbox 281 1607 358 1668; x_wconf 89' lang='lat' dir='ltr'>ildei</span> <span class='ocrx_word' id='word_1_129' title='bbox 376 1607 550 1670; x_wconf 85' lang='lat' dir='ltr'>veritatem</span> <span class='ocrx_word' id='word_1_130' title='bbox 571 1609 739 1685; x_wconf 87' lang='lat' dir='ltr'>praecepit,</span> <span class='ocrx_word' id='word_1_131' title='bbox 769 1608 802 1670; x_wconf 89' lang='lat' dir='ltr'>et</span> <span class='ocrx_word' id='word_1_132' title='bbox 823 1608 924 1670; x_wconf 83' lang='lat' dir='ltr'>tantae</span> <span class='ocrx_word' id='word_1_133' title='bbox 1017 1607 1164 1668; x_wconf 79' lang='lat' dir='ltr'>Factum</span> <span class='ocrx_word' id='word_1_134' title='bbox 1182 1607 1233 1669; x_wconf 87' lang='lat' dir='ltr'>est</span> <span class='ocrx_word' id='word_1_135' title='bbox 1252 1611 1414 1682; x_wconf 72' lang='lat' dir='ltr'>praetium</span> <span class='ocrx_word' id='word_1_136' title='bbox 1434 1625 1601 1686; x_wconf 72' lang='lat' dir='ltr'>crepitum</span> <span class='ocrx_word' id='word_1_137' title='bbox 1621 1614 1659 1673; x_wconf 84' lang='lat' dir='ltr'>tn</span> <span class='ocrx_word' id='word_1_138' title='bbox 1679 1618 1773 1677; x_wconf 84' lang='lat' dir='ltr'>eoelo.</span> 
     </span>
     <span class='ocr_line' id='line_1_15' title="bbox 126 1704 1776 1789; baseline 0.005 -24"><span class='ocrx_word' id='word_1_139' title='bbox 126 1704 203 1765; x_wconf 87' lang='lat' dir='ltr'>tidei</span> <span class='ocrx_word' id='word_1_140' title='bbox 228 1720 408 1789; x_wconf 81' lang='lat' dir='ltr'>cougmram</span> <span class='ocrx_word' id='word_1_141' title='bbox 432 1706 536 1766; x_wconf 82' lang='lat' dir='ltr'>vitam</span> <span class='ocrx_word' id='word_1_142' title='bbox 560 1706 660 1767; x_wconf 90' lang='lat' dir='ltr'>ducit.</span> <span class='ocrx_word' id='word_1_143' title='bbox 683 1706 745 1767; x_wconf 87' lang='lat' dir='ltr'>Sed</span> <span class='ocrx_word' id='word_1_144' title='bbox 760 1706 922 1784; x_wconf 80' lang='lat' dir='ltr'>quomodo</span> <span class='ocrx_word' id='word_1_145' title='bbox 977 1706 1124 1767; x_wconf 79' lang='lat' dir='ltr'>Mtcbuel</span> <span class='ocrx_word' id='word_1_146' title='bbox 1159 1705 1193 1766; x_wconf 87' lang='lat' dir='ltr'>et</span> <span class='ocrx_word' id='word_1_147' title='bbox 1223 1710 1336 1782; x_wconf 70' lang='lat' dir='ltr'>curpett</span> <span class='ocrx_word' id='word_1_148' title='bbox 1364 1709 1439 1781; x_wconf 80' lang='lat' dir='ltr'>ejus</span> <span class='ocrx_word' id='word_1_149' title='bbox 1462 1711 1670 1782; x_wconf 64' lang='lat' dir='ltr'>praelucent</span> <span class='ocrx_word' id='word_1_150' title='bbox 1696 1726 1776 1773; x_wconf 76' lang='lat' dir='ltr'>mem</span> 
     </span>
     <span class='ocr_line' id='line_1_16' title="bbox 126 1801 1775 1883; baseline 0.005 -21"><span class='ocrx_word' id='word_1_151' title='bbox 126 1801 233 1862; x_wconf 87' lang='lat' dir='ltr'>scient</span> <span class='ocrx_word' id='word_1_152' title='bbox 248 1801 324 1863; x_wconf 90' lang='lat' dir='ltr'>tidei</span> <span class='ocrx_word' id='word_1_153' title='bbox 340 1802 524 1875; x_wconf 84' lang='lat' dir='ltr'>veritatem,</span> <span class='ocrx_word' id='word_1_154' title='bbox 539 1802 595 1879; x_wconf 87' lang='lat' dir='ltr'>qui</span> <span class='ocrx_word' id='word_1_155' title='bbox 611 1818 677 1863; x_wconf 94' lang='lat' dir='ltr'>non</span> <span class='ocrx_word' id='word_1_156' title='bbox 692 1802 843 1864; x_wconf 88' lang='lat' dir='ltr'>doctores</span> <span class='ocrx_word' id='word_1_157' title='bbox 858 1819 922 1864; x_wconf 90' lang='lat' dir='ltr'>au·</span> <span class='ocrx_word' id='word_1_158' title='bbox 977 1804 1126 1866; x_wconf 76' lang='lat' dir='ltr'>dracone</span> <span class='ocrx_word' id='word_1_159' title='bbox 1135 1817 1147 1875; x_wconf 90' lang='lat'><em>;</em></span> <span class='ocrx_word' id='word_1_160' title='bbox 1162 1802 1196 1864; x_wconf 87' lang='lat' dir='ltr'>et</span> <span class='ocrx_word' id='word_1_161' title='bbox 1211 1805 1314 1865; x_wconf 85' lang='lat' dir='ltr'>draco</span> <span class='ocrx_word' id='word_1_162' title='bbox 1324 1807 1500 1881; x_wconf 69' lang='lat' dir='ltr'>peccaset</span> <span class='ocrx_word' id='word_1_163' title='bbox 1515 1806 1549 1868; x_wconf 88' lang='lat' dir='ltr'>et</span> <span class='ocrx_word' id='word_1_164' title='bbox 1560 1810 1674 1883; x_wconf 82' lang='lat' dir='ltr'>unpcli</span> <span class='ocrx_word' id='word_1_165' title='bbox 1689 1812 1775 1882; x_wconf 64' lang='lat' dir='ltr'>circs</span> 
     </span>
     <span class='ocr_line' id='line_1_17' title="bbox 127 1898 1777 1978; baseline 0.005 -20"><span class='ocrx_word' id='word_1_166' title='bbox 127 1898 232 1971; x_wconf 89' lang='lat' dir='ltr'>diunt,</span> <span class='ocrx_word' id='word_1_167' title='bbox 250 1915 312 1960; x_wconf 89' lang='lat' dir='ltr'>nec</span> <span class='ocrx_word' id='word_1_168' title='bbox 328 1900 518 1976; x_wconf 87' lang='lat' dir='ltr'>Scripturas</span> <span class='ocrx_word' id='word_1_169' title='bbox 534 1900 735 1972; x_wconf 85' lang='lat' dir='ltr'>scrutantur,</span> <span class='ocrx_word' id='word_1_170' title='bbox 748 1899 788 1962; x_wconf 90' lang='lat' dir='ltr'>de</span> <span class='ocrx_word' id='word_1_171' title='bbox 803 1900 922 1978; x_wconf 87' lang='lat' dir='ltr'>quibus</span> <span class='ocrx_word' id='word_1_172' title='bbox 977 1899 1011 1960; x_wconf 82' lang='lat' dir='ltr'>et</span> <span class='ocrx_word' id='word_1_173' title='bbox 1034 1913 1103 1960; x_wconf 80' lang='lat' dir='ltr'>non</span> <span class='ocrx_word' id='word_1_174' title='bbox 1122 1903 1397 1975; x_wconf 75' lang='lat' dir='ltr'>praevaluerunt,</span> <span class='ocrx_word' id='word_1_175' title='bbox 1416 1917 1525 1978; x_wconf 77' lang='lat' dir='ltr'>ecque</span> <span class='ocrx_word' id='word_1_176' title='bbox 1543 1909 1636 1966; x_wconf 83' lang='lat' dir='ltr'>locus</span> <span class='ocrx_word' id='word_1_177' title='bbox 1655 1920 1777 1967; x_wconf 80' lang='lat' dir='ltr'>eorum</span> 
     </span>
     <span class='ocr_line' id='line_1_18' title="bbox 127 1996 1775 2081; baseline 0.005 -26"><span class='ocrx_word' id='word_1_178' title='bbox 127 1996 202 2056; x_wconf 89' lang='lat' dir='ltr'>tidei</span> <span class='ocrx_word' id='word_1_179' title='bbox 218 1996 405 2068; x_wconf 72' lang='lat' dir='ltr'>ventosus</span> <span class='ocrx_word' id='word_1_180' title='bbox 419 1996 520 2074; x_wconf 89' lang='lat' dir='ltr'>piscis</span> <span class='ocrx_word' id='word_1_181' title='bbox 535 1996 575 2058; x_wconf 93' lang='lat' dir='ltr'>de</span> <span class='ocrx_word' id='word_1_182' title='bbox 590 2012 677 2074; x_wconf 88' lang='lat' dir='ltr'>aqua</span> <span class='ocrx_word' id='word_1_183' title='bbox 691 1998 794 2060; x_wconf 90' lang='lat' dir='ltr'>multo</span> <span class='ocrx_word' id='word_1_184' title='bbox 811 1997 923 2060; x_wconf 91' lang='lat' dir='ltr'>labore</span> <span class='ocrx_word' id='word_1_185' title='bbox 977 1996 1140 2058; x_wconf 77' lang='lat' dir='ltr'>inparatus</span> <span class='ocrx_word' id='word_1_186' title='bbox 1159 1997 1369 2071; x_wconf 77' lang='lat' dir='ltr'>estamplius</span> <span class='ocrx_word' id='word_1_187' title='bbox 1387 2002 1425 2061; x_wconf 80' lang='lat' dir='ltr'>iu</span> <span class='ocrx_word' id='word_1_188' title='bbox 1436 2006 1519 2061; x_wconf 87' lang='lat' dir='ltr'>coelo</span> <span class='ocrx_word' id='word_1_189' title='bbox 1530 1999 1644 2079; x_wconf 79' lang='lat' dir='ltr'>(apoc.</span> <span class='ocrx_word' id='word_1_190' title='bbox 1656 2016 1717 2075; x_wconf 90' lang='lat' dir='ltr'>xn,</span> <span class='ocrx_word' id='word_1_191' title='bbox 1729 2000 1775 2081; x_wconf 83' lang='lat'>7).</span> 
     </span>
     <span class='ocr_line' id='line_1_19' title="bbox 128 2093 1775 2177; baseline 0.003 -22"><span class='ocrx_word' id='word_1_192' title='bbox 128 2097 159 2156; x_wconf 86' lang='lat' dir='ltr'>et</span> <span class='ocrx_word' id='word_1_193' title='bbox 173 2093 284 2156; x_wconf 89' lang='lat' dir='ltr'>studio</span> <span class='ocrx_word' id='word_1_194' title='bbox 299 2094 445 2155; x_wconf 75' lang='lat' dir='ltr'>emutuit</span> <span class='ocrx_word' id='word_1_195' title='bbox 464 2096 618 2170; x_wconf 84' lang='lat' dir='ltr'>ignorata</span> <span class='ocrx_word' id='word_1_196' title='bbox 641 2096 782 2158; x_wconf 82' lang='lat' dir='ltr'>veritate</span> <span class='ocrx_word' id='word_1_197' title='bbox 796 2096 925 2173; x_wconf 85' lang='lat' dir='ltr'>ingeret</span> <span class='ocrx_word' id='word_1_198' title='bbox 1016 2094 1175 2169; x_wconf 76' lang='lat' dir='ltr'>angelica</span> <span class='ocrx_word' id='word_1_199' title='bbox 1191 2094 1375 2156; x_wconf 90' lang='lat' dir='ltr'>ministeria</span> <span class='ocrx_word' id='word_1_200' title='bbox 1395 2096 1624 2173; x_wconf 89' lang='lat' dir='ltr'>multipliciter</span> <span class='ocrx_word' id='word_1_201' title='bbox 1635 2099 1775 2177; x_wconf 85' lang='lat' dir='ltr'>dispen-</span> 
     </span>
    </p>
   </div>
   <div class='ocr_carea' id='block_1_4' title="bbox 128 2190 1892 2283">
    <p class='ocr_par' dir='ltr' id='par_1_5' title="bbox 128 2190 1892 2283">
     <span class='ocr_line' id='line_1_20' title="bbox 128 2190 1892 2283; baseline 0.003 -32"><span class='ocrx_word' id='word_1_202' title='bbox 128 2207 162 2253; x_wconf 91' lang='lat' dir='ltr'>se</span> <span class='ocrx_word' id='word_1_203' title='bbox 177 2191 307 2252; x_wconf 85' lang='lat' dir='ltr'>salsitas</span> <span class='ocrx_word' id='word_1_204' title='bbox 329 2208 428 2268; x_wconf 78' lang='lat' dir='ltr'>qtram</span> <span class='ocrx_word' id='word_1_205' title='bbox 447 2192 623 2254; x_wconf 87' lang='lat' dir='ltr'>comitatur</span> <span class='ocrx_word' id='word_1_206' title='bbox 646 2193 810 2271; x_wconf 85' lang='lat' dir='ltr'>injustitia</span> <span class='ocrx_word' id='word_1_207' title='bbox 826 2196 858 2257; x_wconf 90' lang='lat' dir='ltr'>ct</span> <span class='ocrx_word' id='word_1_208' title='bbox 871 2195 925 2255; x_wconf 83' lang='lat' dir='ltr'>ui·</span> <span class='ocrx_word' id='word_1_209' title='bbox 978 2190 1072 2252; x_wconf 91' lang='lat' dir='ltr'>satur</span> <span class='ocrx_word' id='word_1_210' title='bbox 1086 2190 1121 2251; x_wconf 93' lang='lat' dir='ltr'>in</span> <span class='ocrx_word' id='word_1_211' title='bbox 1135 2191 1246 2263; x_wconf 88' lang='lat' dir='ltr'>terris,</span> <span class='ocrx_word' id='word_1_212' title='bbox 1263 2191 1297 2253; x_wconf 90' lang='lat' dir='ltr'>et</span> <span class='ocrx_word' id='word_1_213' title='bbox 1308 2193 1393 2254; x_wconf 90' lang='lat' dir='ltr'>miro</span> <span class='ocrx_word' id='word_1_214' title='bbox 1409 2193 1526 2255; x_wconf 89' lang='lat' dir='ltr'>ordine</span> <span class='ocrx_word' id='word_1_215' title='bbox 1540 2210 1686 2271; x_wconf 88' lang='lat' dir='ltr'>superna</span> <span class='ocrx_word' id='word_1_216' title='bbox 1701 2196 1775 2256; x_wconf 92' lang='lat' dir='ltr'>dis·</span> <span class='ocrx_word' id='word_1_217' title='bbox 1885 2276 1892 2283; x_wconf 89' lang='lat'>.</span> 
     </span>
    </p>
   </div>
   <div class='ocr_carea' id='block_1_5' title="bbox 115 2287 1786 5685">
    <p class='ocr_par' dir='ltr' id='par_1_6' title="bbox 115 2287 1786 5685">
     <span class='ocr_line' id='line_1_21' title="bbox 126 2287 1776 2370; baseline 0.003 -21"><span class='ocrx_word' id='word_1_218' title='bbox 126 2290 167 2349; x_wconf 76' lang='lat' dir='ltr'>tar</span> <span class='ocrx_word' id='word_1_219' title='bbox 196 2288 417 2351; x_wconf 89' lang='lat' dir='ltr'>immunditia.</span> <span class='ocrx_word' id='word_1_220' title='bbox 443 2290 525 2351; x_wconf 90' lang='lat' dir='ltr'>Sunt</span> <span class='ocrx_word' id='word_1_221' title='bbox 554 2290 624 2361; x_wconf 92' lang='lat' dir='ltr'>alii,</span> <span class='ocrx_word' id='word_1_222' title='bbox 648 2291 705 2368; x_wconf 89' lang='lat' dir='ltr'>qui</span> <span class='ocrx_word' id='word_1_223' title='bbox 728 2292 790 2353; x_wconf 88' lang='lat' dir='ltr'>etsi</span> <span class='ocrx_word' id='word_1_224' title='bbox 815 2292 924 2356; x_wconf 88' lang='lat' dir='ltr'>sciunt</span> <span class='ocrx_word' id='word_1_225' title='bbox 977 2287 1071 2364; x_wconf 88' lang='lat' dir='ltr'>ponit</span> <span class='ocrx_word' id='word_1_226' title='bbox 1085 2287 1262 2350; x_wconf 88' lang='lat' dir='ltr'>elementia</span> <span class='ocrx_word' id='word_1_227' title='bbox 1273 2289 1396 2351; x_wconf 91' lang='lat' dir='ltr'>milites</span> <span class='ocrx_word' id='word_1_228' title='bbox 1409 2306 1488 2351; x_wconf 90' lang='lat' dir='ltr'>suos</span> <span class='ocrx_word' id='word_1_229' title='bbox 1500 2293 1634 2368; x_wconf 90' lang='lat' dir='ltr'>propter</span> <span class='ocrx_word' id='word_1_230' title='bbox 1646 2308 1703 2354; x_wconf 90' lang='lat' dir='ltr'>eos</span> <span class='ocrx_word' id='word_1_231' title='bbox 1719 2292 1776 2370; x_wconf 89' lang='lat' dir='ltr'>qui</span> 
     </span>
     <span class='ocr_line' id='line_1_22' title="bbox 125 2385 1772 2466; baseline 0.002 -19"><span class='ocrx_word' id='word_1_232' title='bbox 125 2386 312 2458; x_wconf 87' lang='lat' dir='ltr'>Dominum,</span> <span class='ocrx_word' id='word_1_233' title='bbox 329 2386 481 2449; x_wconf 90' lang='lat' dir='ltr'>nesciunt</span> <span class='ocrx_word' id='word_1_234' title='bbox 509 2386 654 2449; x_wconf 85' lang='lat' dir='ltr'>oitloium</span> <span class='ocrx_word' id='word_1_235' title='bbox 682 2405 778 2449; x_wconf 88' lang='lat' dir='ltr'>suum</span> <span class='ocrx_word' id='word_1_236' title='bbox 798 2388 839 2450; x_wconf 85' lang='lat' dir='ltr'>ad</span> <span class='ocrx_word' id='word_1_237' title='bbox 864 2406 925 2466; x_wconf 93' lang='lat' dir='ltr'>po-</span> <span class='ocrx_word' id='word_1_238' title='bbox 978 2385 1114 2462; x_wconf 84' lang='lat' dir='ltr'>oapiunt</span> <span class='ocrx_word' id='word_1_239' title='bbox 1133 2385 1360 2449; x_wconf 82' lang='lat' dir='ltr'>haereditatem</span> <span class='ocrx_word' id='word_1_240' title='bbox 1376 2387 1505 2448; x_wconf 88' lang='lat' dir='ltr'>salutis.</span> <span class='ocrx_word' id='word_1_241' title='bbox 1524 2389 1617 2450; x_wconf 90' lang='lat' dir='ltr'>Unde</span> <span class='ocrx_word' id='word_1_242' title='bbox 1633 2391 1666 2451; x_wconf 93' lang='lat' dir='ltr'>et</span> <span class='ocrx_word' id='word_1_243' title='bbox 1687 2389 1772 2452; x_wconf 86' lang='lat' dir='ltr'>bea-</span> 
     </span>
     <span class='ocr_line' id='line_1_23' title="bbox 127 2483 1774 2561; baseline 0.003 -18"><span class='ocrx_word' id='word_1_244' title='bbox 127 2484 250 2561; x_wconf 88' lang='lat' dir='ltr'>pulum,</span> <span class='ocrx_word' id='word_1_245' title='bbox 268 2483 426 2561; x_wconf 84' lang='lat' dir='ltr'>quod&#39;est</span> <span class='ocrx_word' id='word_1_246' title='bbox 448 2484 584 2546; x_wconf 81' lang='lat' dir='ltr'>uerbum</span> <span class='ocrx_word' id='word_1_247' title='bbox 607 2485 666 2546; x_wconf 88' lang='lat' dir='ltr'>Dei</span> <span class='ocrx_word' id='word_1_248' title='bbox 689 2486 723 2548; x_wconf 89' lang='lat' dir='ltr'>et</span> <span class='ocrx_word' id='word_1_249' title='bbox 741 2484 836 2549; x_wconf 87' lang='lat' dir='ltr'>bonae</span> <span class='ocrx_word' id='word_1_250' title='bbox 851 2503 925 2548; x_wconf 88' lang='lat' dir='ltr'>mo·</span> <span class='ocrx_word' id='word_1_251' title='bbox 977 2484 1086 2544; x_wconf 87' lang='lat' dir='ltr'>torum</span> <span class='ocrx_word' id='word_1_252' title='bbox 1108 2483 1284 2560; x_wconf 83' lang='lat' dir='ltr'>spirituum</span> <span class='ocrx_word' id='word_1_253' title='bbox 1303 2484 1453 2546; x_wconf 88' lang='lat' dir='ltr'>custodia</span> <span class='ocrx_word' id='word_1_254' title='bbox 1478 2501 1545 2547; x_wconf 92' lang='lat' dir='ltr'>non</span> <span class='ocrx_word' id='word_1_255' title='bbox 1562 2486 1655 2548; x_wconf 88' lang='lat' dir='ltr'>deest</span> <span class='ocrx_word' id='word_1_256' title='bbox 1673 2487 1774 2548; x_wconf 88' lang='lat' dir='ltr'>etiam</span> 
     </span>
     <span class='ocr_line' id='line_1_24' title="bbox 126 2580 1775 2660; baseline 0.003 -19"><span class='ocrx_word' id='word_1_257' title='bbox 126 2580 269 2642; x_wconf 86' lang='lat' dir='ltr'>ualitatis</span> <span class='ocrx_word' id='word_1_258' title='bbox 293 2581 457 2643; x_wconf 82' lang='lat' dir='ltr'>instanter</span> <span class='ocrx_word' id='word_1_259' title='bbox 479 2581 682 2659; x_wconf 81' lang='lat' dir='ltr'>praedicare,</span> <span class='ocrx_word' id='word_1_260' title='bbox 709 2583 792 2645; x_wconf 89' lang='lat' dir='ltr'>alios</span> <span class='ocrx_word' id='word_1_261' title='bbox 821 2584 921 2647; x_wconf 90' lang='lat' dir='ltr'>obse·</span> <span class='ocrx_word' id='word_1_262' title='bbox 977 2581 1137 2657; x_wconf 85' lang='lat' dir='ltr'>parvulis,</span> <span class='ocrx_word' id='word_1_263' title='bbox 1152 2581 1208 2641; x_wconf 89' lang='lat' dir='ltr'>sed</span> <span class='ocrx_word' id='word_1_264' title='bbox 1224 2580 1324 2643; x_wconf 88' lang='lat' dir='ltr'>habet</span> <span class='ocrx_word' id='word_1_265' title='bbox 1337 2583 1564 2660; x_wconf 85' lang='lat' dir='ltr'>unusquisque</span> <span class='ocrx_word' id='word_1_266' title='bbox 1579 2584 1614 2644; x_wconf 92' lang='lat' dir='ltr'>in</span> <span class='ocrx_word' id='word_1_267' title='bbox 1627 2584 1679 2645; x_wconf 92' lang='lat' dir='ltr'>sui</span> <span class='ocrx_word' id='word_1_268' title='bbox 1692 2601 1775 2647; x_wconf 87' lang='lat' dir='ltr'>cus-</span> 
     </span>
     <span class='ocr_line' id='line_1_25' title="bbox 127 2678 1776 2758; baseline 0.003 -19"><span class='ocrx_word' id='word_1_269' title='bbox 127 2694 233 2746; x_wconf 89' lang='lat' dir='ltr'>orare,</span> <span class='ocrx_word' id='word_1_270' title='bbox 249 2678 335 2739; x_wconf 88' lang='lat' dir='ltr'>alios</span> <span class='ocrx_word' id='word_1_271' title='bbox 349 2679 535 2756; x_wconf 88' lang='lat' dir='ltr'>increpare,</span> <span class='ocrx_word' id='word_1_272' title='bbox 552 2678 637 2741; x_wconf 90' lang='lat' dir='ltr'>alios</span> <span class='ocrx_word' id='word_1_273' title='bbox 659 2679 699 2741; x_wconf 93' lang='lat' dir='ltr'>de</span> <span class='ocrx_word' id='word_1_274' title='bbox 722 2680 778 2742; x_wconf 80' lang='lat' dir='ltr'>uia</span> <span class='ocrx_word' id='word_1_275' title='bbox 798 2682 922 2744; x_wconf 91' lang='lat' dir='ltr'>erroris</span> <span class='ocrx_word' id='word_1_276' title='bbox 976 2679 1100 2740; x_wconf 89' lang='lat' dir='ltr'>todiam</span> <span class='ocrx_word' id='word_1_277' title='bbox 1125 2679 1280 2756; x_wconf 82' lang='lat' dir='ltr'>angelum</span> <span class='ocrx_word' id='word_1_278' title='bbox 1308 2679 1496 2757; x_wconf 77' lang='lat' dir='ltr'>delegatum</span> <span class='ocrx_word' id='word_1_279' title='bbox 1518 2696 1538 2742; x_wconf 89' lang='lat' dir='ltr'>a</span> <span class='ocrx_word' id='word_1_280' title='bbox 1559 2682 1667 2758; x_wconf 90' lang='lat' dir='ltr'>prima</span> <span class='ocrx_word' id='word_1_281' title='bbox 1692 2683 1776 2745; x_wconf 88' lang='lat' dir='ltr'>bora</span> 
     </span>
     <span class='ocr_line' id='line_1_26' title="bbox 127 2775 1773 2857; baseline 0.004 -21"><span class='ocrx_word' id='word_1_282' title='bbox 127 2775 168 2836; x_wconf 89' lang='lat' dir='ltr'>ad</span> <span class='ocrx_word' id='word_1_283' title='bbox 181 2775 271 2836; x_wconf 82' lang='lat' dir='ltr'>viam</span> <span class='ocrx_word' id='word_1_284' title='bbox 279 2776 419 2853; x_wconf 73' lang='lat' dir='ltr'>iustitiae</span> <span class='ocrx_word' id='word_1_285' title='bbox 430 2776 599 2838; x_wconf 87' lang='lat' dir='ltr'>reducere.</span> <span class='ocrx_word' id='word_1_286' title='bbox 611 2778 754 2840; x_wconf 80' lang='lat' dir='ltr'>lustitiae</span> <span class='ocrx_word' id='word_1_287' title='bbox 770 2781 921 2857; x_wconf 82' lang='lat' dir='ltr'>exempla</span> <span class='ocrx_word' id='word_1_288' title='bbox 977 2777 1192 2838; x_wconf 77' lang='lat' dir='ltr'>nativitatis:</span> <span class='ocrx_word' id='word_1_289' title='bbox 1222 2778 1299 2855; x_wconf 88' lang='lat' dir='ltr'>quia</span> <span class='ocrx_word' id='word_1_290' title='bbox 1324 2779 1357 2840; x_wconf 90' lang='lat' dir='ltr'>et</span> <span class='ocrx_word' id='word_1_291' title='bbox 1380 2779 1539 2840; x_wconf 83' lang='lat' dir='ltr'>Dominus</span> <span class='ocrx_word' id='word_1_292' title='bbox 1563 2781 1773 2854; x_wconf 86' lang='lat' dir='ltr'>testificatur,</span> 
     </span>
     <span class='ocr_line' id='line_1_27' title="bbox 126 2872 1777 2954; baseline 0.004 -20"><span class='ocrx_word' id='word_1_293' title='bbox 126 2873 160 2934; x_wconf 88' lang='lat' dir='ltr'>in</span> <span class='ocrx_word' id='word_1_294' title='bbox 176 2872 301 2934; x_wconf 88' lang='lat' dir='ltr'>sanctis</span> <span class='ocrx_word' id='word_1_295' title='bbox 317 2874 350 2934; x_wconf 89' lang='lat' dir='ltr'>et</span> <span class='ocrx_word' id='word_1_296' title='bbox 372 2873 477 2935; x_wconf 88' lang='lat' dir='ltr'>doctis</span> <span class='ocrx_word' id='word_1_297' title='bbox 501 2874 653 2936; x_wconf 90' lang='lat' dir='ltr'>omnibus</span> <span class='ocrx_word' id='word_1_298' title='bbox 673 2891 869 2953; x_wconf 90' lang='lat' dir='ltr'>proponere,</span> <span class='ocrx_word' id='word_1_299' title='bbox 886 2879 923 2940; x_wconf 88' lang='lat' dir='ltr'>ut</span> <span class='ocrx_word' id='word_1_300' title='bbox 977 2875 1063 2951; x_wconf 88' lang='lat' dir='ltr'>quod</span> <span class='ocrx_word' id='word_1_301' title='bbox 1083 2875 1193 2951; x_wconf 86' lang='lat' dir='ltr'>angeli</span> <span class='ocrx_word' id='word_1_302' title='bbox 1213 2875 1428 2951; x_wconf 85' lang='lat' dir='ltr'>parvulorum</span> <span class='ocrx_word' id='word_1_303' title='bbox 1445 2892 1576 2954; x_wconf 85' lang='lat' dir='ltr'>semper</span> <span class='ocrx_word' id='word_1_304' title='bbox 1596 2878 1738 2940; x_wconf 85' lang='lat' dir='ltr'>videnti</span> <span class='ocrx_word' id='word_1_305' title='bbox 1757 2910 1777 2924; x_wconf 92' lang='lat'><em>-</em></span> 
     </span>
     <span class='ocr_line' id='line_1_28' title="bbox 126 2970 1776 3050; baseline 0.004 -20"><span class='ocrx_word' id='word_1_306' title='bbox 126 2972 307 3047; x_wconf 87' lang='lat' dir='ltr'>sequantur</span> <span class='ocrx_word' id='word_1_307' title='bbox 322 2971 496 3032; x_wconf 91' lang='lat' dir='ltr'>Dominum</span> <span class='ocrx_word' id='word_1_308' title='bbox 511 2971 567 3048; x_wconf 88' lang='lat' dir='ltr'>qui</span> <span class='ocrx_word' id='word_1_309' title='bbox 582 2973 682 3050; x_wconf 88' lang='lat' dir='ltr'>coepit</span> <span class='ocrx_word' id='word_1_310' title='bbox 696 2972 806 3035; x_wconf 86' lang='lat' dir='ltr'>iacere</span> <span class='ocrx_word' id='word_1_311' title='bbox 817 2976 849 3037; x_wconf 90' lang='lat' dir='ltr'>et</span> <span class='ocrx_word' id='word_1_312' title='bbox 863 2974 923 3036; x_wconf 91' lang='lat' dir='ltr'>de-</span> <span class='ocrx_word' id='word_1_313' title='bbox 977 2970 1060 3032; x_wconf 88' lang='lat' dir='ltr'>ciem</span> <span class='ocrx_word' id='word_1_314' title='bbox 1076 2971 1197 3033; x_wconf 88' lang='lat' dir='ltr'>Patris.</span> <span class='ocrx_word' id='word_1_315' title='bbox 1215 2971 1277 3033; x_wconf 87' lang='lat' dir='ltr'>Sed</span> <span class='ocrx_word' id='word_1_316' title='bbox 1289 2972 1445 3049; x_wconf 87' lang='lat' dir='ltr'>quoniam</span> <span class='ocrx_word' id='word_1_317' title='bbox 1457 2973 1557 3035; x_wconf 89' lang='lat' dir='ltr'>bodie</span> <span class='ocrx_word' id='word_1_318' title='bbox 1568 2974 1776 3036; x_wconf 88' lang='lat' dir='ltr'>celebramus</span> 
     </span>
     <span class='ocr_line' id='line_1_29' title="bbox 124 3067 1776 3148; baseline 0.004 -20"><span class='ocrx_word' id='word_1_319' title='bbox 124 3083 215 3128; x_wconf 93' lang='lat' dir='ltr'>mum</span> <span class='ocrx_word' id='word_1_320' title='bbox 239 3068 369 3130; x_wconf 87' lang='lat' dir='ltr'>docere.</span> <span class='ocrx_word' id='word_1_321' title='bbox 393 3070 574 3147; x_wconf 85' lang='lat' dir='ltr'>Utrumque</span> <span class='ocrx_word' id='word_1_322' title='bbox 598 3070 686 3131; x_wconf 91' lang='lat' dir='ltr'>enim</span> <span class='ocrx_word' id='word_1_323' title='bbox 709 3071 853 3148; x_wconf 87' lang='lat' dir='ltr'>pertinet</span> <span class='ocrx_word' id='word_1_324' title='bbox 880 3072 922 3134; x_wconf 90' lang='lat' dir='ltr'>ad</span> <span class='ocrx_word' id='word_1_325' title='bbox 977 3069 1172 3145; x_wconf 81' lang='lat' dir='ltr'>angelorum</span> <span class='ocrx_word' id='word_1_326' title='bbox 1206 3067 1436 3142; x_wconf 82' lang='lat' dir='ltr'>festivitatem,</span> <span class='ocrx_word' id='word_1_327' title='bbox 1467 3072 1592 3132; x_wconf 91' lang='lat' dir='ltr'>nemini</span> <span class='ocrx_word' id='word_1_328' title='bbox 1624 3072 1776 3135; x_wconf 83' lang='lat' dir='ltr'>videatur</span> 
     </span>
     <span class='ocr_line' id='line_1_30' title="bbox 125 3164 1774 3248; baseline 0.002 -21"><span class='ocrx_word' id='word_1_329' title='bbox 125 3164 341 3238; x_wconf 85' lang='lat' dir='ltr'>sacerdotem,</span> <span class='ocrx_word' id='word_1_330' title='bbox 359 3165 469 3228; x_wconf 85' lang='lat' dir='ltr'>iacere</span> <span class='ocrx_word' id='word_1_331' title='bbox 487 3167 615 3230; x_wconf 86' lang='lat' dir='ltr'>scilicet</span> <span class='ocrx_word' id='word_1_332' title='bbox 637 3168 670 3230; x_wconf 88' lang='lat' dir='ltr'>et</span> <span class='ocrx_word' id='word_1_333' title='bbox 693 3170 826 3246; x_wconf 81' lang='lat' dir='ltr'>docere3</span> <span class='ocrx_word' id='word_1_334' title='bbox 844 3170 921 3248; x_wconf 85' lang='lat' dir='ltr'>quia</span> <span class='ocrx_word' id='word_1_335' title='bbox 977 3166 1168 3240; x_wconf 87' lang='lat' dir='ltr'>absurdum,</span> <span class='ocrx_word' id='word_1_336' title='bbox 1198 3167 1228 3228; x_wconf 91' lang='lat' dir='ltr'>si</span> <span class='ocrx_word' id='word_1_337' title='bbox 1253 3183 1360 3244; x_wconf 88' lang='lat' dir='ltr'>pauca</span> <span class='ocrx_word' id='word_1_338' title='bbox 1386 3168 1427 3229; x_wconf 91' lang='lat' dir='ltr'>de</span> <span class='ocrx_word' id='word_1_339' title='bbox 1449 3168 1531 3245; x_wconf 89' lang='lat' dir='ltr'>ipsis</span> <span class='ocrx_word' id='word_1_340' title='bbox 1550 3170 1703 3242; x_wconf 88' lang='lat' dir='ltr'>dicimus,</span> <span class='ocrx_word' id='word_1_341' title='bbox 1732 3186 1774 3232; x_wconf 90' lang='lat' dir='ltr'>ne</span> 
     </span>
     <span class='ocr_line' id='line_1_31' title="bbox 124 3261 1601 3342; baseline 0.004 -20"><span class='ocrx_word' id='word_1_342' title='bbox 124 3262 153 3322; x_wconf 90' lang='lat' dir='ltr'>si</span> <span class='ocrx_word' id='word_1_343' title='bbox 168 3261 271 3324; x_wconf 86' lang='lat' dir='ltr'>iaciat</span> <span class='ocrx_word' id='word_1_344' title='bbox 295 3265 327 3324; x_wconf 91' lang='lat' dir='ltr'>et</span> <span class='ocrx_word' id='word_1_345' title='bbox 349 3279 415 3324; x_wconf 91' lang='lat' dir='ltr'>uon</span> <span class='ocrx_word' id='word_1_346' title='bbox 430 3263 557 3338; x_wconf 87' lang='lat' dir='ltr'>doceat,</span> <span class='ocrx_word' id='word_1_347' title='bbox 574 3264 720 3327; x_wconf 84' lang='lat' dir='ltr'>osticium</span> <span class='ocrx_word' id='word_1_348' title='bbox 744 3283 839 3328; x_wconf 92' lang='lat' dir='ltr'>suum</span> <span class='ocrx_word' id='word_1_349' title='bbox 855 3283 921 3329; x_wconf 96' lang='lat' dir='ltr'>non</span> <span class='ocrx_word' id='word_1_350' title='bbox 977 3280 1085 3326; x_wconf 86' lang='lat' dir='ltr'>sermo</span> <span class='ocrx_word' id='word_1_351' title='bbox 1100 3264 1251 3342; x_wconf 83' lang='lat' dir='ltr'>prolixus</span> <span class='ocrx_word' id='word_1_352' title='bbox 1266 3267 1404 3341; x_wconf 84' lang='lat' dir='ltr'>generet</span> <span class='ocrx_word' id='word_1_353' title='bbox 1417 3265 1601 3328; x_wconf 79' lang='lat' dir='ltr'>fastidium.</span> 
     </span>
     <span class='ocr_line' id='line_1_32' title="bbox 125 3360 1776 3442; baseline 0.003 -21"><span class='ocrx_word' id='word_1_354' title='bbox 125 3360 251 3438; x_wconf 91' lang='lat' dir='ltr'>implet.</span> <span class='ocrx_word' id='word_1_355' title='bbox 261 3361 305 3422; x_wconf 90' lang='lat' dir='ltr'>ut</span> <span class='ocrx_word' id='word_1_356' title='bbox 318 3362 407 3421; x_wconf 93' lang='lat' dir='ltr'>enim</span> <span class='ocrx_word' id='word_1_357' title='bbox 418 3361 465 3422; x_wconf 92' lang='lat' dir='ltr'>ait</span> <span class='ocrx_word' id='word_1_358' title='bbox 479 3362 701 3440; x_wconf 88' lang='lat' dir='ltr'>Hieronymus</span> <span class='ocrx_word' id='word_1_359' title='bbox 714 3381 747 3424; x_wconf 76' lang='lat' dir='ltr'>:a</span> <span class='ocrx_word' id='word_1_360' title='bbox 758 3366 921 3426; x_wconf 88' lang='lat' dir='ltr'>Innocens</span> <span class='ocrx_word' id='word_1_361' title='bbox 1018 3363 1173 3438; x_wconf 79' lang='lat' dir='ltr'>Legimus</span> <span class='ocrx_word' id='word_1_362' title='bbox 1190 3362 1276 3440; x_wconf 89' lang='lat' dir='ltr'>quod</span> <span class='ocrx_word' id='word_1_363' title='bbox 1292 3363 1500 3440; x_wconf 84' lang='lat' dir='ltr'>quadruplex</span> <span class='ocrx_word' id='word_1_364' title='bbox 1522 3366 1573 3426; x_wconf 89' lang='lat' dir='ltr'>est</span> <span class='ocrx_word' id='word_1_365' title='bbox 1589 3365 1776 3442; x_wconf 83' lang='lat' dir='ltr'>angelicum</span> 
     </span>
     <span class='ocr_line' id='line_1_33' title="bbox 125 3450 1776 3538; baseline 0.002 -19"><span class='ocrx_word' id='word_1_366' title='bbox 125 3457 251 3535; x_wconf 84' lang='lat' dir='ltr'>absque</span> <span class='ocrx_word' id='word_1_367' title='bbox 259 3450 411 3520; x_wconf 88' lang='lat' dir='ltr'>sermone</span> <span class='ocrx_word' id='word_1_368' title='bbox 420 3460 806 3538; x_wconf 86' lang='lat' dir='ltr'>conversatio,quantnm</span> <span class='ocrx_word' id='word_1_369' title='bbox 815 3478 923 3523; x_wconf 80' lang='lat' dir='ltr'>exem·</span> <span class='ocrx_word' id='word_1_370' title='bbox 976 3459 1198 3522; x_wconf 88' lang='lat' dir='ltr'>ministerium</span> <span class='ocrx_word' id='word_1_371' title='bbox 1213 3459 1248 3520; x_wconf 95' lang='lat' dir='ltr'>in</span> <span class='ocrx_word' id='word_1_372' title='bbox 1263 3460 1429 3536; x_wconf 84' lang='lat' dir='ltr'>parvulis,</span> <span class='ocrx_word' id='word_1_373' title='bbox 1450 3461 1545 3532; x_wconf 86' lang='lat' dir='ltr'>idest,</span> <span class='ocrx_word' id='word_1_374' title='bbox 1568 3462 1776 3523; x_wconf 87' lang='lat' dir='ltr'>custodiendi</span> 
     </span>
     <span class='ocr_line' id='line_1_34' title="bbox 123 3552 1776 3634; baseline 0.003 -17"><span class='ocrx_word' id='word_1_375' title='bbox 123 3556 178 3634; x_wconf 92' lang='lat' dir='ltr'>plo</span> <span class='ocrx_word' id='word_1_376' title='bbox 195 3555 340 3633; x_wconf 87' lang='lat' dir='ltr'>prodest,</span> <span class='ocrx_word' id='word_1_377' title='bbox 357 3557 483 3618; x_wconf 87' lang='lat' dir='ltr'>tantum</span> <span class='ocrx_word' id='word_1_378' title='bbox 499 3552 633 3620; x_wconf 85' lang='lat' dir='ltr'>silentio</span> <span class='ocrx_word' id='word_1_379' title='bbox 647 3560 790 3621; x_wconf 82' lang='lat' dir='ltr'>nocet.»</span> <span class='ocrx_word' id='word_1_380' title='bbox 977 3573 996 3617; x_wconf 95' lang='lat' dir='ltr'>a</span> <span class='ocrx_word' id='word_1_381' title='bbox 1018 3556 1176 3633; x_wconf 87' lang='lat' dir='ltr'>periculis</span> <span class='ocrx_word' id='word_1_382' title='bbox 1205 3557 1305 3633; x_wconf 80' lang='lat' dir='ltr'>buJ&#39;ua</span> <span class='ocrx_word' id='word_1_383' title='bbox 1330 3557 1419 3629; x_wconf 85' lang='lat' dir='ltr'>vitae,</span> <span class='ocrx_word' id='word_1_384' title='bbox 1449 3557 1635 3634; x_wconf 89' lang='lat' dir='ltr'>inspirandi</span> <span class='ocrx_word' id='word_1_385' title='bbox 1663 3559 1776 3622; x_wconf 91' lang='lat' dir='ltr'>lumen</span> 
     </span>
     <span class='ocr_line' id='line_1_35' title="bbox 163 3653 1776 3733; baseline 0.002 -18"><span class='ocrx_word' id='word_1_386' title='bbox 163 3653 336 3716; x_wconf 81' lang='lat' dir='ltr'>Abstrahit</span> <span class='ocrx_word' id='word_1_387' title='bbox 354 3655 457 3730; x_wconf 83' lang='lat' dir='ltr'>igitur</span> <span class='ocrx_word' id='word_1_388' title='bbox 476 3656 634 3733; x_wconf 90' lang='lat' dir='ltr'>populum</span> <span class='ocrx_word' id='word_1_389' title='bbox 649 3672 668 3717; x_wconf 86' lang='lat' dir='ltr'>a</span> <span class='ocrx_word' id='word_1_390' title='bbox 684 3656 847 3719; x_wconf 77' lang='lat' dir='ltr'>sacrificio</span> <span class='ocrx_word' id='word_1_391' title='bbox 862 3658 922 3719; x_wconf 90' lang='lat' dir='ltr'>Dei</span> <span class='ocrx_word' id='word_1_392' title='bbox 976 3654 1128 3716; x_wconf 82' lang='lat' dir='ltr'>veritatis</span> <span class='ocrx_word' id='word_1_393' title='bbox 1157 3670 1321 3731; x_wconf 88' lang='lat' dir='ltr'>supernae,</span> <span class='ocrx_word' id='word_1_394' title='bbox 1347 3653 1543 3716; x_wconf 84' lang='lat' dir='ltr'>defendendi</span> <span class='ocrx_word' id='word_1_395' title='bbox 1573 3655 1614 3717; x_wconf 92' lang='lat' dir='ltr'>ab</span> <span class='ocrx_word' id='word_1_396' title='bbox 1642 3657 1776 3719; x_wconf 85' lang='lat' dir='ltr'>insidiis</span> 
     </span>
     <span class='ocr_line' id='line_1_36' title="bbox 124 3751 1777 3834; baseline 0.002 -22"><span class='ocrx_word' id='word_1_397' title='bbox 124 3754 192 3812; x_wconf 90' lang='lat' dir='ltr'>tam</span> <span class='ocrx_word' id='word_1_398' title='bbox 207 3752 266 3813; x_wconf 96' lang='lat' dir='ltr'>ille</span> <span class='ocrx_word' id='word_1_399' title='bbox 280 3751 338 3829; x_wconf 88' lang='lat' dir='ltr'>qui</span> <span class='ocrx_word' id='word_1_400' title='bbox 351 3752 458 3814; x_wconf 89' lang='lat' dir='ltr'>nescit</span> <span class='ocrx_word' id='word_1_401' title='bbox 474 3752 620 3815; x_wconf 80' lang='lat' dir='ltr'>officium</span> <span class='ocrx_word' id='word_1_402' title='bbox 638 3770 733 3815; x_wconf 91' lang='lat' dir='ltr'>suum</span> <span class='ocrx_word' id='word_1_403' title='bbox 753 3755 795 3816; x_wconf 88' lang='lat' dir='ltr'>ad</span> <span class='ocrx_word' id='word_1_404' title='bbox 817 3772 923 3834; x_wconf 90' lang='lat' dir='ltr'>popu·</span> <span class='ocrx_word' id='word_1_405' title='bbox 977 3751 1161 3829; x_wconf 87' lang='lat' dir='ltr'>spiritualis</span> <span class='ocrx_word' id='word_1_406' title='bbox 1183 3751 1350 3828; x_wconf 73' lang='lat' dir='ltr'>nequitiae,</span> <span class='ocrx_word' id='word_1_407' title='bbox 1367 3752 1561 3831; x_wconf 87' lang='lat' dir='ltr'>deportandi</span> <span class='ocrx_word' id='word_1_408' title='bbox 1581 3753 1622 3815; x_wconf 89' lang='lat' dir='ltr'>ad</span> <span class='ocrx_word' id='word_1_409' title='bbox 1637 3770 1777 3831; x_wconf 77' lang='lat' dir='ltr'>regnum</span> 
     </span>
     <span class='ocr_line' id='line_1_37' title="bbox 123 3849 1776 3929; baseline 0.004 -20"><span class='ocrx_word' id='word_1_410' title='bbox 123 3849 205 3921; x_wconf 91' lang='lat' dir='ltr'>lum,</span> <span class='ocrx_word' id='word_1_411' title='bbox 222 3865 322 3926; x_wconf 90' lang='lat' dir='ltr'>quam</span> <span class='ocrx_word' id='word_1_412' title='bbox 334 3850 390 3911; x_wconf 91' lang='lat' dir='ltr'>ille</span> <span class='ocrx_word' id='word_1_413' title='bbox 406 3850 462 3928; x_wconf 90' lang='lat' dir='ltr'>qui</span> <span class='ocrx_word' id='word_1_414' title='bbox 473 3851 535 3913; x_wconf 91' lang='lat' dir='ltr'>scit</span> <span class='ocrx_word' id='word_1_415' title='bbox 548 3851 605 3912; x_wconf 90' lang='lat' dir='ltr'>sed</span> <span class='ocrx_word' id='word_1_416' title='bbox 620 3867 685 3914; x_wconf 91' lang='lat' dir='ltr'>non</span> <span class='ocrx_word' id='word_1_417' title='bbox 700 3852 815 3929; x_wconf 86' lang='lat' dir='ltr'>implet</span> <span class='ocrx_word' id='word_1_418' title='bbox 826 3854 919 3915; x_wconf 90' lang='lat' dir='ltr'>illud.</span> <span class='ocrx_word' id='word_1_419' title='bbox 977 3849 1121 3910; x_wconf 88' lang='lat' dir='ltr'>coelestis</span> <span class='ocrx_word' id='word_1_420' title='bbox 1134 3849 1260 3926; x_wconf 78' lang='lat' dir='ltr'>gloriae.</span> <span class='ocrx_word' id='word_1_421' title='bbox 1288 3850 1327 3910; x_wconf 92' lang='lat' dir='ltr'>In</span> <span class='ocrx_word' id='word_1_422' title='bbox 1340 3850 1446 3927; x_wconf 88' lang='lat' dir='ltr'>primo</span> <span class='ocrx_word' id='word_1_423' title='bbox 1460 3852 1612 3913; x_wconf 88' lang='lat' dir='ltr'>custodes</span> <span class='ocrx_word' id='word_1_424' title='bbox 1633 3856 1776 3915; x_wconf 88' lang='lat' dir='ltr'>Jerusa-</span> 
     </span>
     <span class='ocr_line' id='line_1_38' title="bbox 124 3946 1778 4027; baseline 0.002 -19"><span class='ocrx_word' id='word_1_425' title='bbox 124 3946 361 4009; x_wconf 88' lang='lat' dir='ltr'>Sacritlcamus</span> <span class='ocrx_word' id='word_1_426' title='bbox 385 3949 505 4015; x_wconf 81' lang='lat' dir='ltr'>autem,</span> <span class='ocrx_word' id='word_1_427' title='bbox 521 3948 606 4010; x_wconf 87' lang='lat' dir='ltr'>bene</span> <span class='ocrx_word' id='word_1_428' title='bbox 634 3950 818 4027; x_wconf 87' lang='lat' dir='ltr'>placentem</span> <span class='ocrx_word' id='word_1_429' title='bbox 842 3952 924 4013; x_wconf 88' lang='lat' dir='ltr'>bos·</span> <span class='ocrx_word' id='word_1_430' title='bbox 976 3947 1052 4019; x_wconf 91' lang='lat' dir='ltr'>lem,</span> <span class='ocrx_word' id='word_1_431' title='bbox 1077 3946 1246 4008; x_wconf 87' lang='lat' dir='ltr'>constituti</span> <span class='ocrx_word' id='word_1_432' title='bbox 1272 3948 1350 4008; x_wconf 89' lang='lat' dir='ltr'>sunt</span> <span class='ocrx_word' id='word_1_433' title='bbox 1370 3964 1470 4024; x_wconf 90' lang='lat' dir='ltr'>super</span> <span class='ocrx_word' id='word_1_434' title='bbox 1491 3964 1641 4024; x_wconf 89' lang='lat' dir='ltr'>murum;</span> <span class='ocrx_word' id='word_1_435' title='bbox 1668 3952 1704 4011; x_wconf 94' lang='lat' dir='ltr'>ln</span> <span class='ocrx_word' id='word_1_436' title='bbox 1721 3966 1778 4011; x_wconf 87' lang='lat' dir='ltr'>se-</span> 
     </span>
     <span class='ocr_line' id='line_1_39' title="bbox 123 4042 1774 4122; baseline 0.002 -16"><span class='ocrx_word' id='word_1_437' title='bbox 123 4045 208 4106; x_wconf 90' lang='lat' dir='ltr'>tiam</span> <span class='ocrx_word' id='word_1_438' title='bbox 230 4047 314 4117; x_wconf 91' lang='lat' dir='ltr'>Deo,</span> <span class='ocrx_word' id='word_1_439' title='bbox 339 4046 368 4106; x_wconf 90' lang='lat' dir='ltr'>si</span> <span class='ocrx_word' id='word_1_440' title='bbox 393 4048 575 4108; x_wconf 87' lang='lat' dir='ltr'>mactamus</span> <span class='ocrx_word' id='word_1_441' title='bbox 600 4047 636 4108; x_wconf 90' lang='lat' dir='ltr'>in</span> <span class='ocrx_word' id='word_1_442' title='bbox 665 4047 760 4109; x_wconf 91' lang='lat' dir='ltr'>nobis</span> <span class='ocrx_word' id='word_1_443' title='bbox 788 4048 921 4110; x_wconf 89' lang='lat' dir='ltr'>taurum</span> <span class='ocrx_word' id='word_1_444' title='bbox 976 4044 1083 4106; x_wconf 90' lang='lat' dir='ltr'>cundo</span> <span class='ocrx_word' id='word_1_445' title='bbox 1108 4043 1179 4105; x_wconf 91' lang='lat' dir='ltr'>dies</span> <span class='ocrx_word' id='word_1_446' title='bbox 1209 4042 1287 4116; x_wconf 89' lang='lat' dir='ltr'>diei,</span> <span class='ocrx_word' id='word_1_447' title='bbox 1312 4044 1440 4106; x_wconf 88' lang='lat' dir='ltr'>scilicet</span> <span class='ocrx_word' id='word_1_448' title='bbox 1468 4047 1606 4122; x_wconf 82' lang='lat' dir='ltr'>angelus</span> <span class='ocrx_word' id='word_1_449' title='bbox 1628 4048 1774 4111; x_wconf 90' lang='lat' dir='ltr'>humano</span> 
     </span>
     <span class='ocr_line' id='line_1_40' title="bbox 124 4141 1776 4220; baseline 0.001 -15"><span class='ocrx_word' id='word_1_450' title='bbox 124 4142 290 4220; x_wconf 88' lang='lat' dir='ltr'>superbiae</span> <span class='ocrx_word' id='word_1_451' title='bbox 306 4144 609 4220; x_wconf 88' lang='lat' dir='ltr'>perhumilitatem,</span> <span class='ocrx_word' id='word_1_452' title='bbox 625 4144 759 4207; x_wconf 88' lang='lat' dir='ltr'>hoedum</span> <span class='ocrx_word' id='word_1_453' title='bbox 774 4146 922 4209; x_wconf 77' lang='lat' dir='ltr'>lasciviae</span> <span class='ocrx_word' id='word_1_454' title='bbox 978 4141 1111 4219; x_wconf 90' lang='lat' dir='ltr'>spiritui</span> <span class='ocrx_word' id='word_1_455' title='bbox 1137 4141 1265 4203; x_wconf 89' lang='lat' dir='ltr'>eructat</span> <span class='ocrx_word' id='word_1_456' title='bbox 1296 4142 1456 4217; x_wconf 78' lang='lat' dir='ltr'>uerbum3</span> <span class='ocrx_word' id='word_1_457' title='bbox 1480 4144 1515 4204; x_wconf 91' lang='lat' dir='ltr'>in</span> <span class='ocrx_word' id='word_1_458' title='bbox 1539 4145 1638 4206; x_wconf 91' lang='lat' dir='ltr'>tertio</span> <span class='ocrx_word' id='word_1_459' title='bbox 1664 4146 1776 4207; x_wconf 93' lang='lat' dir='ltr'>lumen</span> 
     </span>
     <span class='ocr_line' id='line_1_41' title="bbox 124 4239 1777 4318; baseline 0.002 -16"><span class='ocrx_word' id='word_1_460' title='bbox 124 4256 185 4318; x_wconf 86' lang='lat' dir='ltr'>per</span> <span class='ocrx_word' id='word_1_461' title='bbox 199 4240 432 4302; x_wconf 88' lang='lat' dir='ltr'>castimoniam</span> <span class='ocrx_word' id='word_1_462' title='bbox 456 4242 510 4303; x_wconf 78' lang='lat' dir='ltr'>rel</span> <span class='ocrx_word' id='word_1_463' title='bbox 530 4242 726 4315; x_wconf 87' lang='lat' dir='ltr'>castitatem,</span> <span class='ocrx_word' id='word_1_464' title='bbox 744 4259 838 4305; x_wconf 87' lang='lat' dir='ltr'>ovem</span> <span class='ocrx_word' id='word_1_465' title='bbox 854 4243 923 4306; x_wconf 90' lang='lat' dir='ltr'>sto-</span> <span class='ocrx_word' id='word_1_466' title='bbox 977 4239 1081 4300; x_wconf 88' lang='lat' dir='ltr'>Israel</span> <span class='ocrx_word' id='word_1_467' title='bbox 1112 4241 1162 4300; x_wconf 89' lang='lat' dir='ltr'>est</span> <span class='ocrx_word' id='word_1_468' title='bbox 1185 4239 1221 4301; x_wconf 91' lang='lat' dir='ltr'>in</span> <span class='ocrx_word' id='word_1_469' title='bbox 1249 4239 1327 4315; x_wconf 79' lang='lat' dir='ltr'>igne</span> <span class='ocrx_word' id='word_1_470' title='bbox 1353 4240 1438 4302; x_wconf 88' lang='lat' dir='ltr'>sicut</span> <span class='ocrx_word' id='word_1_471' title='bbox 1462 4240 1542 4304; x_wconf 92' lang='lat' dir='ltr'>dicit</span> <span class='ocrx_word' id='word_1_472' title='bbox 1566 4244 1700 4304; x_wconf 90' lang='lat' dir='ltr'>Isaias:</span> <span class='ocrx_word' id='word_1_473' title='bbox 1729 4245 1777 4307; x_wconf 83' lang='lat' dir='ltr'>Et</span> 
     </span>
     <span class='ocr_line' id='line_1_42' title="bbox 123 4338 1776 4416; baseline 0.002 -18"><span class='ocrx_word' id='word_1_474' title='bbox 123 4338 264 4400; x_wconf 87' lang='lat' dir='ltr'>liditatis</span> <span class='ocrx_word' id='word_1_475' title='bbox 288 4354 348 4416; x_wconf 89' lang='lat' dir='ltr'>per</span> <span class='ocrx_word' id='word_1_476' title='bbox 371 4354 486 4399; x_wconf 91' lang='lat' dir='ltr'>sanam</span> <span class='ocrx_word' id='word_1_477' title='bbox 510 4339 778 4416; x_wconf 78' lang='lat' dir='ltr'>intelligentiam.</span> <span class='ocrx_word' id='word_1_478' title='bbox 804 4342 922 4403; x_wconf 90' lang='lat' dir='ltr'>Omnia</span> <span class='ocrx_word' id='word_1_479' title='bbox 976 4338 1116 4398; x_wconf 84' lang='lat' dir='ltr'>sauctus</span> <span class='ocrx_word' id='word_1_480' title='bbox 1153 4339 1228 4409; x_wconf 82' lang='lat' dir='ltr'>ejus</span> <span class='ocrx_word' id='word_1_481' title='bbox 1256 4340 1293 4398; x_wconf 82' lang='lat' dir='ltr'>tu</span> <span class='ocrx_word' id='word_1_482' title='bbox 1325 4338 1468 4410; x_wconf 73' lang='lat' dir='ltr'>stamma</span> <span class='ocrx_word' id='word_1_483' title='bbox 1493 4343 1537 4401; x_wconf 84' lang='lat' dir='ltr'>ad</span> <span class='ocrx_word' id='word_1_484' title='bbox 1562 4343 1776 4415; x_wconf 77' lang='lat' dir='ltr'>perdendum</span> 
     </span>
     <span class='ocr_line' id='line_1_43' title="bbox 122 4432 1773 4531; baseline 0.002 -34"><span class='ocrx_word' id='word_1_485' title='bbox 122 4436 188 4497; x_wconf 89' lang='lat' dir='ltr'>ista</span> <span class='ocrx_word' id='word_1_486' title='bbox 205 4436 356 4515; x_wconf 86' lang='lat' dir='ltr'>spectant</span> <span class='ocrx_word' id='word_1_487' title='bbox 369 4436 410 4496; x_wconf 92' lang='lat' dir='ltr'>ad</span> <span class='ocrx_word' id='word_1_488' title='bbox 421 4437 621 4498; x_wconf 88' lang='lat' dir='ltr'>sacerdotes.</span> <span class='ocrx_word' id='word_1_489' title='bbox 657 4506 671 4531; x_wconf 34' lang='grc' dir='ltr'><strong>ι</strong></span> <span class='ocrx_word' id='word_1_490' title='bbox 976 4436 1159 4508; x_wconf 64' lang='lat' dir='ltr'>Assa-tuuc</span> <span class='ocrx_word' id='word_1_491' title='bbox 1190 4432 1246 4513; x_wconf 88' lang='lat' dir='ltr'>(ls.</span> <span class='ocrx_word' id='word_1_492' title='bbox 1277 4450 1310 4505; x_wconf 85' lang='lat' dir='ltr'>x,</span> <span class='ocrx_word' id='word_1_493' title='bbox 1344 4433 1421 4514; x_wconf 83' lang='lat'>17);</span> <span class='ocrx_word' id='word_1_494' title='bbox 1448 4436 1482 4496; x_wconf 93' lang='lat' dir='ltr'>in</span> <span class='ocrx_word' id='word_1_495' title='bbox 1505 4438 1623 4514; x_wconf 89' lang='lat' dir='ltr'>quarto</span> <span class='ocrx_word' id='word_1_496' title='bbox 1654 4454 1773 4500; x_wconf 87' lang='lat' dir='ltr'>currus</span> 
     </span>
     <span class='ocr_line' id='line_1_44' title="bbox 165 4532 1776 4612; baseline -0.002 -12"><span class='ocrx_word' id='word_1_497' title='bbox 165 4535 259 4600; x_wconf 77' lang='lat' dir='ltr'>Quod</span> <span class='ocrx_word' id='word_1_498' title='bbox 280 4536 312 4595; x_wconf 86' lang='lat' dir='ltr'>st</span> <span class='ocrx_word' id='word_1_499' title='bbox 332 4538 384 4596; x_wconf 80' lang='lat' dir='ltr'>sat</span> <span class='ocrx_word' id='word_1_500' title='bbox 406 4535 599 4607; x_wconf 77' lang='lat' dir='ltr'>coercuerit,</span> <span class='ocrx_word' id='word_1_501' title='bbox 612 4537 649 4595; x_wconf 82' lang='lat' dir='ltr'>in</span> <span class='ocrx_word' id='word_1_502' title='bbox 670 4550 735 4610; x_wconf 77' lang='lat' dir='ltr'>quo</span> <span class='ocrx_word' id='word_1_503' title='bbox 757 4538 922 4599; x_wconf 77' lang='lat' dir='ltr'>saltaturi</span> <span class='ocrx_word' id='word_1_504' title='bbox 976 4532 1095 4608; x_wconf 78' lang='lat' dir='ltr'>igneus</span> <span class='ocrx_word' id='word_1_505' title='bbox 1111 4532 1143 4593; x_wconf 91' lang='lat' dir='ltr'>et</span> <span class='ocrx_word' id='word_1_506' title='bbox 1157 4532 1234 4609; x_wconf 89' lang='lat' dir='ltr'>equi</span> <span class='ocrx_word' id='word_1_507' title='bbox 1250 4532 1341 4608; x_wconf 78' lang='lat' dir='ltr'>ignei</span> <span class='ocrx_word' id='word_1_508' title='bbox 1354 4533 1527 4595; x_wconf 89' lang='lat' dir='ltr'>animama</span> <span class='ocrx_word' id='word_1_509' title='bbox 1544 4551 1681 4612; x_wconf 91' lang='lat' dir='ltr'>corpore</span> <span class='ocrx_word' id='word_1_510' title='bbox 1694 4536 1776 4596; x_wconf 87' lang='lat' dir='ltr'>divi·</span> 
     </span>
     <span class='ocr_line' id='line_1_45' title="bbox 122 4628 1786 4710; baseline 0.004 -19"><span class='ocrx_word' id='word_1_511' title='bbox 122 4630 161 4692; x_wconf 87' lang='lat' dir='ltr'>Si</span> <span class='ocrx_word' id='word_1_512' title='bbox 175 4630 333 4708; x_wconf 75' lang='lat' dir='ltr'>praelatus</span> <span class='ocrx_word' id='word_1_513' title='bbox 354 4631 528 4701; x_wconf 81' lang='lat' dir='ltr'>erraverit,</span> <span class='ocrx_word' id='word_1_514' title='bbox 545 4648 564 4692; x_wconf 95' lang='lat' dir='ltr'>a</span> <span class='ocrx_word' id='word_1_515' title='bbox 589 4649 653 4710; x_wconf 75' lang='lat' dir='ltr'>quo</span> <span class='ocrx_word' id='word_1_516' title='bbox 676 4633 848 4696; x_wconf 86' lang='lat' dir='ltr'>erudietur</span> <span class='ocrx_word' id='word_1_517' title='bbox 869 4635 922 4696; x_wconf 81' lang='lat' dir='ltr'>vel</span> <span class='ocrx_word' id='word_1_518' title='bbox 977 4628 1092 4691; x_wconf 88' lang='lat' dir='ltr'>dentes</span> <span class='ocrx_word' id='word_1_519' title='bbox 1108 4629 1320 4692; x_wconf 90' lang='lat' dir='ltr'>introducunt</span> <span class='ocrx_word' id='word_1_520' title='bbox 1334 4630 1374 4691; x_wconf 90' lang='lat' dir='ltr'>ad</span> <span class='ocrx_word' id='word_1_521' title='bbox 1393 4632 1527 4693; x_wconf 86' lang='lat' dir='ltr'>coeleste</span> <span class='ocrx_word' id='word_1_522' title='bbox 1541 4632 1710 4709; x_wconf 88' lang='lat' dir='ltr'>palatium.</span> <span class='ocrx_word' id='word_1_523' title='bbox 1727 4635 1786 4697; x_wconf 83' lang='lat' dir='ltr'>De.</span> 
     </span>
     <span class='ocr_line' id='line_1_46' title="bbox 121 4727 1777 4808; baseline 0.001 -18"><span class='ocrx_word' id='word_1_524' title='bbox 121 4727 375 4790; x_wconf 85' lang='lat' dir='ltr'>emendabiturt</span> <span class='ocrx_word' id='word_1_525' title='bbox 388 4732 416 4790; x_wconf 81' lang='grc' dir='ltr'><strong>Α</strong></span> <span class='ocrx_word' id='word_1_526' title='bbox 431 4728 537 4801; x_wconf 92' lang='lat' dir='ltr'>nullo,</span> <span class='ocrx_word' id='word_1_527' title='bbox 562 4730 650 4807; x_wconf 78' lang='lat' dir='ltr'>quia,</span> <span class='ocrx_word' id='word_1_528' title='bbox 668 4731 745 4791; x_wconf 91' lang='lat' dir='ltr'>dum</span> <span class='ocrx_word' id='word_1_529' title='bbox 772 4733 866 4808; x_wconf 91' lang='lat' dir='ltr'>putat</span> <span class='ocrx_word' id='word_1_530' title='bbox 887 4749 923 4793; x_wconf 90' lang='lat' dir='ltr'>se</span> <span class='ocrx_word' id='word_1_531' title='bbox 977 4728 1084 4804; x_wconf 90' lang='lat' dir='ltr'>primo</span> <span class='ocrx_word' id='word_1_532' title='bbox 1099 4728 1134 4788; x_wconf 89' lang='lat' dir='ltr'>in</span> <span class='ocrx_word' id='word_1_533' title='bbox 1156 4727 1315 4804; x_wconf 88' lang='lat' dir='ltr'>psalmis:</span> <span class='ocrx_word' id='word_1_534' title='bbox 1331 4732 1555 4804; x_wconf 71' lang='lat' dir='ltr'>appetisses</span> <span class='ocrx_word' id='word_1_535' title='bbox 1568 4734 1661 4790; x_wconf 72' lang='lat' dir='ltr'>Decus</span> <span class='ocrx_word' id='word_1_536' title='bbox 1673 4746 1777 4791; x_wconf 73' lang='lat' dir='ltr'>creara-</span> 
     </span>
     <span class='ocr_line' id='line_1_47' title="bbox 122 4825 1775 4906; baseline 0.002 -19"><span class='ocrx_word' id='word_1_537' title='bbox 122 4825 258 4887; x_wconf 79' lang='lat' dir='ltr'>caeteris</span> <span class='ocrx_word' id='word_1_538' title='bbox 279 4825 472 4894; x_wconf 87' lang='lat' dir='ltr'>doctiorem,</span> <span class='ocrx_word' id='word_1_539' title='bbox 493 4841 561 4888; x_wconf 93' lang='lat' dir='ltr'>non</span> <span class='ocrx_word' id='word_1_540' title='bbox 584 4828 656 4888; x_wconf 81' lang='lat' dir='ltr'>uult</span> <span class='ocrx_word' id='word_1_541' title='bbox 674 4829 824 4906; x_wconf 90' lang='lat' dir='ltr'>recipere</span> <span class='ocrx_word' id='word_1_542' title='bbox 839 4830 924 4894; x_wconf 89' lang='lat' dir='ltr'>alte·</span> <span class='ocrx_word' id='word_1_543' title='bbox 976 4827 1072 4886; x_wconf 78' lang='lat' dir='ltr'>decit</span> <span class='ocrx_word' id='word_1_544' title='bbox 1087 4829 1129 4886; x_wconf 86' lang='lat' dir='ltr'>de</span> <span class='ocrx_word' id='word_1_545' title='bbox 1145 4826 1178 4885; x_wconf 88' lang='lat' dir='ltr'>te</span> <span class='ocrx_word' id='word_1_546' title='bbox 1192 4826 1230 4886; x_wconf 87' lang='lat' dir='ltr'>ut</span> <span class='ocrx_word' id='word_1_547' title='bbox 1242 4826 1437 4887; x_wconf 67' lang='lat' dir='ltr'>custodiunt</span> <span class='ocrx_word' id='word_1_548' title='bbox 1447 4826 1525 4886; x_wconf 74' lang='lat' dir='ltr'>tetre</span> <span class='ocrx_word' id='word_1_549' title='bbox 1537 4830 1693 4888; x_wconf 74' lang='lat' dir='ltr'>maenibus</span> <span class='ocrx_word' id='word_1_550' title='bbox 1707 4830 1775 4890; x_wconf 82' lang='lat' dir='ltr'>vtts</span> 
     </span>
     <span class='ocr_line' id='line_1_48' title="bbox 119 4919 1773 5003; baseline 0.002 -19"><span class='ocrx_word' id='word_1_551' title='bbox 119 4922 196 4984; x_wconf 88' lang='lat' dir='ltr'>rius</span> <span class='ocrx_word' id='word_1_552' title='bbox 211 4922 481 4984; x_wconf 87' lang='lat' dir='ltr'>admonitionem.</span> <span class='ocrx_word' id='word_1_553' title='bbox 505 4925 586 4986; x_wconf 90' lang='lat' dir='ltr'>Item</span> <span class='ocrx_word' id='word_1_554' title='bbox 601 4928 788 5003; x_wconf 86' lang='lat' dir='ltr'>nonpotest</span> <span class='ocrx_word' id='word_1_555' title='bbox 803 4927 843 4987; x_wconf 89' lang='lat' dir='ltr'>ab</span> <span class='ocrx_word' id='word_1_556' title='bbox 858 4928 924 4988; x_wconf 89' lang='lat' dir='ltr'>ali·</span> <span class='ocrx_word' id='word_1_557' title='bbox 978 4922 1046 4983; x_wconf 79' lang='lat' dir='ltr'>tuis</span> <span class='ocrx_word' id='word_1_558' title='bbox 1070 4920 1139 5000; x_wconf 86' lang='lat' dir='ltr'>(Ps.</span> <span class='ocrx_word' id='word_1_559' title='bbox 1161 4922 1211 4994; x_wconf 80' lang='lat'>90,</span> <span class='ocrx_word' id='word_1_560' title='bbox 1241 4919 1304 5000; x_wconf 87' lang='lat'>11).</span> <span class='ocrx_word' id='word_1_561' title='bbox 1328 4924 1374 4982; x_wconf 93' lang='lat' dir='ltr'>De</span> <span class='ocrx_word' id='word_1_562' title='bbox 1403 4921 1546 4983; x_wconf 87' lang='lat' dir='ltr'>secundo</span> <span class='ocrx_word' id='word_1_563' title='bbox 1570 4924 1773 4987; x_wconf 84' lang='lat' dir='ltr'>Zacharias:</span> 
     </span>
     <span class='ocr_line' id='line_1_49' title="bbox 120 5019 1775 5099; baseline 0.009 -28"><span class='ocrx_word' id='word_1_564' title='bbox 120 5036 190 5099; x_wconf 80' lang='lat' dir='ltr'>quo</span> <span class='ocrx_word' id='word_1_565' title='bbox 218 5020 359 5096; x_wconf 78' lang='lat' dir='ltr'>corripi3</span> <span class='ocrx_word' id='word_1_566' title='bbox 386 5020 475 5097; x_wconf 77' lang='lat' dir='ltr'>quiia,</span> <span class='ocrx_word' id='word_1_567' title='bbox 506 5022 562 5098; x_wconf 89' lang='lat' dir='ltr'>qui</span> <span class='ocrx_word' id='word_1_568' title='bbox 592 5038 692 5099; x_wconf 91' lang='lat' dir='ltr'>super</span> <span class='ocrx_word' id='word_1_569' title='bbox 720 5025 858 5086; x_wconf 87' lang='lat' dir='ltr'>caeteros</span> <span class='ocrx_word' id='word_1_570' title='bbox 887 5041 922 5087; x_wconf 80' lang='lat' dir='ltr'>se</span> <span class='ocrx_word' id='word_1_571' title='bbox 976 5019 1076 5080; x_wconf 74' lang='lat' dir='ltr'>Dixit</span> <span class='ocrx_word' id='word_1_572' title='bbox 1092 5022 1201 5080; x_wconf 76' lang='lat' dir='ltr'>edane</span> <span class='ocrx_word' id='word_1_573' title='bbox 1216 5022 1431 5094; x_wconf 66' lang='lat' dir='ltr'>accessisque</span> <span class='ocrx_word' id='word_1_574' title='bbox 1444 5021 1695 5094; x_wconf 68' lang='lat' dir='ltr'>commeaturus</span> <span class='ocrx_word' id='word_1_575' title='bbox 1718 5039 1775 5086; x_wconf 77' lang='lat' dir='ltr'>ane</span> 
     </span>
     <span class='ocr_line' id='line_1_50' title="bbox 122 5114 1777 5197; baseline 0.004 -17"><span class='ocrx_word' id='word_1_576' title='bbox 122 5116 257 5180; x_wconf 84' lang='lat' dir='ltr'>extollit</span> <span class='ocrx_word' id='word_1_577' title='bbox 280 5118 442 5193; x_wconf 87' lang='lat' dir='ltr'>potestate</span> <span class='ocrx_word' id='word_1_578' title='bbox 466 5119 631 5195; x_wconf 85' lang='lat' dir='ltr'>jndiciali,</span> <span class='ocrx_word' id='word_1_579' title='bbox 653 5122 762 5197; x_wconf 89' lang='lat' dir='ltr'>potest</span> <span class='ocrx_word' id='word_1_580' title='bbox 785 5123 922 5185; x_wconf 87' lang='lat' dir='ltr'>caeteros</span> <span class='ocrx_word' id='word_1_581' title='bbox 978 5114 1089 5195; x_wconf 67' lang='lat' dir='ltr'>(Zaclb</span> <span class='ocrx_word' id='word_1_582' title='bbox 1114 5130 1138 5188; x_wconf 80' lang='grc' dir='ltr'>Ι,</span> <span class='ocrx_word' id='word_1_583' title='bbox 1162 5114 1208 5194; x_wconf 70' lang='grc'>9)·</span> <span class='ocrx_word' id='word_1_584' title='bbox 1230 5117 1278 5177; x_wconf 78' lang='lat' dir='ltr'>De</span> <span class='ocrx_word' id='word_1_585' title='bbox 1301 5115 1399 5177; x_wconf 71' lang='lat' dir='ltr'>teitiO</span> <span class='ocrx_word' id='word_1_586' title='bbox 1424 5117 1549 5179; x_wconf 76' lang='lat' dir='ltr'>David:</span> <span class='ocrx_word' id='word_1_587' title='bbox 1565 5122 1670 5181; x_wconf 68' lang='lat' dir='ltr'>Fiant</span> <span class='ocrx_word' id='word_1_588' title='bbox 1685 5122 1777 5183; x_wconf 76' lang='lat' dir='ltr'>tern-</span> 
     </span>
     <span class='ocr_line' id='line_1_51' title="bbox 115 5214 1776 5295; baseline 0.006 -18"><span class='ocrx_word' id='word_1_589' title='bbox 115 5215 274 5295; x_wconf 81' lang='lat' dir='ltr'>judicare</span> <span class='ocrx_word' id='word_1_590' title='bbox 290 5216 323 5276; x_wconf 87' lang='lat' dir='ltr'>et</span> <span class='ocrx_word' id='word_1_591' title='bbox 337 5215 572 5292; x_wconf 87' lang='lat' dir='ltr'>nonjudicari.</span> <span class='ocrx_word' id='word_1_592' title='bbox 591 5217 626 5278; x_wconf 87' lang='lat' dir='ltr'>Si</span> <span class='ocrx_word' id='word_1_593' title='bbox 651 5220 808 5295; x_wconf 89' lang='lat' dir='ltr'>praelatus</span> <span class='ocrx_word' id='word_1_594' title='bbox 823 5220 923 5284; x_wconf 85' lang='lat' dir='ltr'>suerit</span> <span class='ocrx_word' id='word_1_595' title='bbox 976 5216 1201 5289; x_wconf 78' lang='lat' dir='ltr'>quampulvts</span> <span class='ocrx_word' id='word_1_596' title='bbox 1213 5214 1296 5274; x_wconf 61' lang='lat' dir='ltr'>alite</span> <span class='ocrx_word' id='word_1_597' title='bbox 1317 5216 1441 5288; x_wconf 64' lang='lat' dir='ltr'>faciem</span> <span class='ocrx_word' id='word_1_598' title='bbox 1459 5217 1564 5287; x_wconf 67' lang='lat' dir='ltr'>venti,</span> <span class='ocrx_word' id='word_1_599' title='bbox 1582 5218 1615 5278; x_wconf 68' lang='lat' dir='ltr'>et</span> <span class='ocrx_word' id='word_1_600' title='bbox 1634 5224 1776 5295; x_wconf 64' lang='lat' dir='ltr'>ansellis</span> 
     </span>
     <span class='ocr_line' id='line_1_52' title="bbox 119 5311 1774 5396; baseline 0.001 -21"><span class='ocrx_word' id='word_1_601' title='bbox 119 5312 306 5375; x_wconf 90' lang='lat' dir='ltr'>dissolutus</span> <span class='ocrx_word' id='word_1_602' title='bbox 329 5313 364 5373; x_wconf 92' lang='lat' dir='ltr'>in</span> <span class='ocrx_word' id='word_1_603' title='bbox 386 5313 498 5390; x_wconf 83' lang='lat' dir='ltr'>aliquo</span> <span class='ocrx_word' id='word_1_604' title='bbox 512 5314 593 5377; x_wconf 78' lang='lat' dir='ltr'>vitio</span> <span class='ocrx_word' id='word_1_605' title='bbox 612 5317 644 5376; x_wconf 88' lang='lat' dir='ltr'>et</span> <span class='ocrx_word' id='word_1_606' title='bbox 659 5318 805 5394; x_wconf 89' lang='lat' dir='ltr'>peccate,</span> <span class='ocrx_word' id='word_1_607' title='bbox 823 5334 922 5396; x_wconf 89' lang='lat' dir='ltr'>aquo</span> <span class='ocrx_word' id='word_1_608' title='bbox 976 5314 1115 5373; x_wconf 76' lang='lat' dir='ltr'>Domini</span> <span class='ocrx_word' id='word_1_609' title='bbox 1124 5311 1306 5373; x_wconf 80' lang='lat' dir='ltr'>coarctans</span> <span class='ocrx_word' id='word_1_610' title='bbox 1320 5326 1377 5374; x_wconf 90' lang='lat' dir='ltr'>eos</span> <span class='ocrx_word' id='word_1_611' title='bbox 1390 5311 1458 5391; x_wconf 90' lang='lat' dir='ltr'>(Ps.</span> <span class='ocrx_word' id='word_1_612' title='bbox 1476 5314 1526 5385; x_wconf 83' lang='grc'>34,</span> <span class='ocrx_word' id='word_1_613' title='bbox 1543 5312 1589 5394; x_wconf 88' lang='grc'>5.)</span> <span class='ocrx_word' id='word_1_614' title='bbox 1601 5317 1774 5393; x_wconf 84' lang='lat' dir='ltr'>Dequarto</span> 
     </span>
     <span class='ocr_line' id='line_1_53' title="bbox 118 5408 1777 5490; baseline 0.005 -23"><span class='ocrx_word' id='word_1_615' title='bbox 118 5410 266 5490; x_wconf 84' lang='lat' dir='ltr'>populus</span> <span class='ocrx_word' id='word_1_616' title='bbox 291 5409 494 5472; x_wconf 74' lang='lat' dir='ltr'>instruetur?</span> <span class='ocrx_word' id='word_1_617' title='bbox 516 5414 545 5474; x_wconf 75' lang='grc' dir='ltr'><strong>Α</strong></span> <span class='ocrx_word' id='word_1_618' title='bbox 572 5412 675 5474; x_wconf 85' lang='lat' dir='ltr'>nullo.</span> <span class='ocrx_word' id='word_1_619' title='bbox 702 5414 751 5476; x_wconf 79' lang='lat' dir='ltr'>Ad</span> <span class='ocrx_word' id='word_1_620' title='bbox 779 5415 921 5478; x_wconf 78' lang='lat' dir='ltr'>nihilum</span> <span class='ocrx_word' id='word_1_621' title='bbox 975 5409 1010 5469; x_wconf 92' lang='lat' dir='ltr'>in</span> <span class='ocrx_word' id='word_1_622' title='bbox 1033 5408 1238 5484; x_wconf 77' lang='lat' dir='ltr'>Evangelio:</span> <span class='ocrx_word' id='word_1_623' title='bbox 1262 5410 1408 5471; x_wconf 79' lang='lat' dir='ltr'>Factum</span> <span class='ocrx_word' id='word_1_624' title='bbox 1434 5411 1486 5472; x_wconf 86' lang='lat' dir='ltr'>cst</span> <span class='ocrx_word' id='word_1_625' title='bbox 1508 5413 1547 5473; x_wconf 82' lang='lat' dir='ltr'>ut</span> <span class='ocrx_word' id='word_1_626' title='bbox 1577 5416 1777 5476; x_wconf 73' lang='lat' dir='ltr'>saturaretur</span> 
     </span>
     <span class='ocr_line' id='line_1_54' title="bbox 118 5507 1775 5592; baseline 0.002 -22"><span class='ocrx_word' id='word_1_627' title='bbox 118 5509 213 5571; x_wconf 78' lang='lat' dir='ltr'>salet</span> <span class='ocrx_word' id='word_1_628' title='bbox 231 5508 336 5579; x_wconf 89' lang='lat' dir='ltr'>ultra,</span> <span class='ocrx_word' id='word_1_629' title='bbox 363 5508 493 5585; x_wconf 87' lang='lat' dir='ltr'>quando</span> <span class='ocrx_word' id='word_1_630' title='bbox 517 5508 597 5571; x_wconf 82' lang='lat' dir='ltr'>facit</span> <span class='ocrx_word' id='word_1_631' title='bbox 620 5511 656 5571; x_wconf 93' lang='lat' dir='ltr'>ut</span> <span class='ocrx_word' id='word_1_632' title='bbox 680 5526 740 5572; x_wconf 91' lang='lat' dir='ltr'>suo</span> <span class='ocrx_word' id='word_1_633' title='bbox 770 5514 921 5592; x_wconf 82' lang='lat' dir='ltr'>exemplo</span> <span class='ocrx_word' id='word_1_634' title='bbox 975 5508 1161 5579; x_wconf 66' lang='lat' dir='ltr'>mandimus,</span> <span class='ocrx_word' id='word_1_635' title='bbox 1178 5507 1213 5568; x_wconf 84' lang='lat' dir='ltr'>et</span> <span class='ocrx_word' id='word_1_636' title='bbox 1224 5508 1433 5581; x_wconf 78' lang='lat' dir='ltr'>portaretur</span> <span class='ocrx_word' id='word_1_637' title='bbox 1446 5512 1489 5570; x_wconf 80' lang='lat' dir='ltr'>ab</span> <span class='ocrx_word' id='word_1_638' title='bbox 1503 5514 1634 5588; x_wconf 74' lang='lat' dir='ltr'>stupetis</span> <span class='ocrx_word' id='word_1_639' title='bbox 1657 5515 1694 5572; x_wconf 84' lang='lat' dir='ltr'>tu</span> <span class='ocrx_word' id='word_1_640' title='bbox 1722 5515 1775 5572; x_wconf 82' lang='lat' dir='ltr'>st-</span> 
     </span>
     <span class='ocr_line' id='line_1_55' title="bbox 118 5602 1492 5685; baseline 0.005 -14"><span class='ocrx_word' id='word_1_641' title='bbox 118 5605 254 5671; x_wconf 82' lang='lat' dir='ltr'>crescat</span> <span class='ocrx_word' id='word_1_642' title='bbox 268 5606 396 5668; x_wconf 90' lang='lat' dir='ltr'>malitia</span> <span class='ocrx_word' id='word_1_643' title='bbox 411 5607 444 5667; x_wconf 89' lang='lat' dir='ltr'>et</span> <span class='ocrx_word' id='word_1_644' title='bbox 464 5607 648 5681; x_wconf 81' lang='lat' dir='ltr'>aemulatio3</span> <span class='ocrx_word' id='word_1_645' title='bbox 673 5607 739 5671; x_wconf 89' lang='lat' dir='ltr'>nisi</span> <span class='ocrx_word' id='word_1_646' title='bbox 753 5611 790 5672; x_wconf 91' lang='lat' dir='ltr'>ut</span> <span class='ocrx_word' id='word_1_647' title='bbox 804 5611 920 5676; x_wconf 89' lang='lat' dir='ltr'>mitta·</span> <span class='ocrx_word' id='word_1_648' title='bbox 976 5619 1060 5667; x_wconf 63' lang='grc' dir='ltr'>ἨΜ</span> <span class='ocrx_word' id='word_1_649' title='bbox 1072 5607 1220 5668; x_wconf 62' lang='lat' dir='ltr'>Abram</span> <span class='ocrx_word' id='word_1_650' title='bbox 1235 5602 1492 5685; x_wconf 66' lang='lat' dir='ltr'>(L110·‘xi1‚22)·</span> 
     </span>
    </p>
   </div>
   <div class='ocr_carea' id='block_1_6' title="bbox 0 0 1906 6165">
    <p class='ocr_par' dir='ltr' id='par_1_7' title="bbox 0 0 1906 6165">
     <span class='ocr_line' id='line_1_56' title="bbox 0 0 1906 6165; baseline 0 0"><span class='ocrx_word' id='word_1_651' title='bbox 0 0 1906 6165; x_wconf 95' lang='lat' dir='ltr'> </span> 
     </span>
    </p>
   </div>
  </div>
 </body>
</html>
