3802 6166
128 306 186 365 ool

129 484 174 553 to,
188 485 222 547 et
231 489 483 553 successoribus
495 494 580 569 eicis,
593 494 678 558 sicut
689 499 832 576 propriis
845 502 929 578 epis·

129 585 233 660 copis,
247 585 287 645 da
299 590 465 649 communi
474 590 613 652 fratrum
622 595 763 656 consilio
772 600 930 660 condem·

128 682 233 750 narii,
273 686 469 748 auctoritate
504 691 693 765 apostolica
730 696 928 758 sententiam

128 779 329 843 antedictam
343 786 553 858 conllrmans,
564 789 649 849 sicut
659 790 694 850 in
704 794 775 868 ejus
785 794 928 855 authen-

128 877 194 938 lico
210 879 385 941 rnanlleste
401 886 629 961 perspeximus
643 889 816 952 contineri.
835 894 927 954 Proa-

127 976 219 1036 terea
245 979 400 1053 quoniam
425 982 599 1059 privilegia
625 986 730 1048 felicis
757 991 926 1051 memoriae

127 1076 925 1157 anastasii,etam-mnipontiflcumRomanorum

129 1172 280 1233 ecclesiae
301 1174 454 1237 Bobiensi
474 1180 606 1252 collata,
626 1184 745 1258 partim
761 1185 926 1248 malitiose

128 1270 248 1330 abrasa
264 1271 396 1335 fuerant
409 1276 443 1334 in
459 1276 564 1353 ipsius
579 1280 729 1342 ecclesiae
745 1282 926 1345 detrimen-

129 1368 209 1441 tum,
224 1368 311 1430 idem
334 1372 425 1449 Papa
444 1374 566 1436 Lucius
580 1378 695 1439 rolens
714 1380 925 1444 indemnitati

127 1469 201 1541 ejus
230 1468 456 1544 inposterum
487 1475 676 1549 providere,
701 1477 862 1547 decrerit,
890 1482 926 1542 ut

128 1565 348 1641 propterillas
363 1583 499 1641 rasuras
510 1572 601 1633 nullo
618 1591 762 1652 unquam
776 1579 925 1655 tempore

127 1662 216 1723 dicta
244 1664 420 1741 privilegia
448 1669 684 1745 reprobentur,
713 1690 786 1751 quae
813 1677 924 1737 omnia

127 1761 335 1836 postmodum
365 1780 425 1840 per
450 1765 514 1841 piae
549 1770 718 1832 memoria
755 1772 924 1835 Urbanum

128 1861 252 1935 Papam
269 1861 544 1935 praedecessorem
561 1872 710 1929 nostrum
728 1872 924 1934 auctoritate

126 1954 262 2018 luerunt
274 1959 463 2035 Apostolica
474 1963 678 2037 confirmata,
692 1970 788 2043 prout
802 1968 837 2028 in
852 1972 924 2046 ejus

126 2053 302 2130 privilegio
322 2057 452 2132 plenius
470 2061 667 2124 continetur.
689 2066 794 2135 Quum
812 2070 923 2128 antem

125 2152 197 2211 lere
221 2153 255 2212 in
280 2157 401 2215 nostrae
428 2160 646 2233 promotionis
672 2163 853 2240 primordio
882 2164 923 2226 ad

125 2252 274 2311 nostram
286 2253 489 2315 audientiam
503 2259 718 2332 pervenisset,
736 2262 820 2338 quod
838 2278 925 2338 prm-

126 2346 230 2408 satum
244 2352 276 2409 S.
292 2350 487 2413 columbani
500 2357 736 2419 monasterinm
748 2358 789 2419 ad
801 2362 925 2421 Roma-

124 2462 203 2506 nam
221 2448 402 2511 Ecclesiam
419 2450 510 2512 nullo
523 2454 687 2517 mediante
703 2458 920 2532 spectaverat,

124 2560 164 2604 ac
182 2544 258 2605 licet
277 2548 392 2608 contra
412 2548 521 2624 ipsum
541 2550 641 2613 tuerit
659 2554 822 2616 sententia
840 2571 922 2632 pro·

127 2641 286 2718 mulgata,
313 2645 440 2705 nullum
467 2647 577 2708 lanian
601 2652 798 2727 apostolicae
828 2653 922 2713 Sedis

127 2739 280 2802 debuerit
303 2744 722 2826 prejudiciumgenerari,
746 2766 846 2826 quum
868 2767 922 2812 res

125 2836 213 2897 inter
224 2838 309 2898 alios
320 2843 405 2909 acta,
416 2841 491 2900 aliis
503 2844 720 2919 praejudicare
732 2862 797 2906 nou
806 2848 920 2923 possit,

129 2935 313 2996 venerabili
334 2938 428 3000 tratri
454 2941 567 3000 nostro
590 2943 839 3020 archiepiscopo
858 2949 920 3007 Ja-

126 3033 257 3103 nuensi‚
274 3034 352 3095 tunc
368 3035 520 3097 Bobieusi
535 3039 701 3115 episcopo,
717 3041 866 3103 dedimus
886 3044 920 3103 in

127 3131 304 3204 mandatis,
318 3135 354 3193 ul
367 3133 396 3194 si
411 3134 572 3197 baberent
584 3137 717 3213 aliquod
735 3141 921 3201 nurnirnen·

123 3230 205 3300 tum,
223 3246 281 3305 per
297 3231 382 3308 quod
399 3232 521 3292 dictum
534 3236 771 3297 monasterium
786 3254 828 3298 ex
842 3254 923 3298 con-

127 3326 279 3387 cessione
313 3327 408 3388 Sedis
436 3330 633 3405 Apostolicae.
668 3348 727 3391 suo
755 3332 922 3394 diceretur

122 3424 294 3500 episcopio
308 3426 410 3486 luisse
428 3427 622 3504 subjectum,
642 3428 724 3489 illud
738 3430 778 3490 ad
796 3434 921 3493 certum

124 3523 303 3583 terminum
317 3524 412 3584 nobis
424 3541 483 3601 per
492 3526 662 3603 proprium
678 3528 834 3589 launoium
845 3529 922 3591 mit-

124 3620 197 3680 tere
213 3636 277 3680 non
291 3620 449 3693 differret,
465 3638 503 3683 ac
515 3640 613 3699 quum
628 3628 762 3701 propter
776 3626 920 3702 liocipse

124 3715 165 3775 ad
180 3716 325 3777 nostram
343 3718 553 3792 praesentiam
570 3720 789 3795 personaliter
801 3738 919 3783 acces-

124 3814 225 3874 sisset
237 3830 348 3875 coram
366 3815 471 3886 nebia,
488 3818 519 3877 et
532 3817 689 3878 tratribus
704 3821 825 3881 nostris
843 3838 920 3881 suas

122 3912 252 3972 rimavit
264 3928 447 3988 proponere
464 3914 620 3985 rationes,
638 3918 670 3977 et
684 3934 757 3993 quae
777 3933 920 3993 unquam

123 4026 225 4085 super
239 4009 314 4085 ipso
334 4012 466 4086 negotio
488 4010 630 4075 babebat
651 4014 824 4076 ostendere
841 4032 917 4077 rnu-

123 4108 283 4168 alimenta.

163 4206 232 4265 Nos
248 4205 350 4280 igitur
362 4207 568 4268 attendentes
577 4206 786 4271 devotionem
803 4210 917 4287 ipsius,

121 4305 155 4363 et
181 4306 408 4379 paupertatem
430 4305 531 4364 etiam
556 4305 706 4367 ecclesiae
733 4306 917 4380 bobiensis,

122 4416 197 4478 quac
213 4401 289 4462 licet
304 4402 487 4478 pontillcali
501 4403 543 4464 sit
554 4403 690 4479 praedita
701 4403 872 4479 dignitate,
885 4408 920 4468 in

121 4499 307 4559 redditibus
322 4502 433 4560 tamen
446 4515 519 4561 esse
531 4500 725 4577 proponitur
735 4504 875 4576 modica,
888 4509 920 4567 et

121 4596 919 4679 exiliasprosecutione(qrimstiouisilllus,quam

121 4711 223 4771 super
236 4697 372 4770 praelato
386 4697 588 4757 monasterio
599 4697 822 4769 movebamus,
841 4704 919 4762 tuuc

120 4792 275 4852 duximus
310 4794 554 4865 desistendum,
597 4796 846 4872 praecipientes,
884 4801 920 4859 ut

120 4890 208 4952 idem
225 4892 462 4952 monasterium
473 4892 571 4968 juxta
584 4895 734 4954 tenorem
745 4895 919 4957 sententiae

120 4989 259 5064 Eugenii
274 4990 373 5064 Papae
387 4988 544 5050 exhibere
560 4990 623 5050 sibi
636 4992 869 5063 reverentiam,
887 4997 919 5055 et

120 5085 342 5147 obedientiam
360 5090 563 5162 procuraret,
586 5088 632 5149 ita
647 5090 757 5150 tamen
775 5091 860 5167 quod
877 5108 919 5153 ex

120 5183 229 5259 gratia
251 5183 313 5244 sibi
325 5168 422 5255 iacta,
439 5187 704 5261 aprosecutione
726 5189 918 5264 qnaestiouis

120 5282 313 5359 praemissae,
332 5281 389 5342 illo
411 5282 557 5359 tempore
575 5284 774 5353 desistendo,
792 5286 918 5347 nullum

121 5382 232 5455 posset
255 5379 331 5439 Sedi
347 5380 544 5456 Apostolicae
566 5382 796 5458 prejudicium
811 5400 916 5459 gene-

119 5476 203 5546 rari,
226 5476 413 5552 (pleminas,
436 5494 536 5554 quum
556 5478 665 5551 vellet,
688 5494 782 5559 snam
807 5486 919 5558 posset

120 5574 276 5652 prosequi
300 5576 473 5636 rationem.
501 5577 703 5639 Procedente
726 5593 806 5640 vero
829 5581 917 5641 tem-

120 5687 200 5751 pore
220 5674 254 5732 C.
272 5674 305 5734 et
323 5674 360 5733 V.
380 5672 533 5734 monachi
549 5674 695 5749 ejusdem
712 5676 858 5757 caenobii
875 5678 915 5739 ad

754 320 983 384 bambone.
1007 328 1086 387 LlB.
1111 329 1152 390 11.

1719 342 1780 401 662

984 489 1130 549 nostram
1152 493 1364 567 praesentiam
1386 496 1592 568 accedentes,
1617 498 1711 559 nobis
1735 514 1779 561 ex

983 586 1075 660 parte
1095 586 1234 660 abbatis,
1256 592 1289 651 et
1308 595 1489 654 conventus
1508 594 1680 657 humiliter
1698 613 1780 674 sup-

982 682 1160 757 plicarunt,
1172 686 1438 763 utquumdictus
1450 692 1780 769 episcopuscuigra·

981 780 1062 840 tiam
1072 782 1163 843 illam
1175 786 1396 860 personaliter
1408 788 1563 851 duximus
1578 790 1776 865 taciendam,

982 880 1069 940 esset
1084 879 1125 940 ad
1138 881 1313 944 ecclesiam
1326 887 1527 947 danuensem
1542 890 1733 961 translatus,
1746 891 1779 952 et

982 977 1016 1036 tu
1028 992 1085 1038 eos
1100 979 1327 1056 multipliciter
1342 999 1554 1059 aggravares,
1567 990 1624 1063 jus
1636 990 1778 1064 Aposto-

980 1074 1055 1136 licae
1070 1076 1164 1137 Sedis
1180 1094 1281 1155 supra
1305 1081 1378 1157 ipso
1398 1083 1530 1158 negotio
1550 1085 1705 1162 prosequi
1722 1086 1777 1146 di-

980 1186 1169 1247 gnaremur,
1206 1193 1304 1253 quum
1336 1180 1501 1241 sententia
1536 1182 1708 1258 praelibata
1741 1182 1777 1243 in

981 1270 1072 1332 nullo
1085 1271 1236 1335 debuerit
1246 1276 1322 1335 Sedi
1338 1278 1534 1353 Apostolicae
1547 1280 1779 1357 praejudicium

979 1383 1152 1445 generare,
1190 1374 1376 1447 praesertim
1412 1391 1513 1451 quum
1554 1377 1778 1453 promulgavit

980 1467 1129 1528 eamdem
1144 1484 1188 1530 ex
1203 1469 1304 1531 ottlcii
1320 1471 1440 1543 debito,
1465 1474 1498 1535 et
1513 1474 1601 1550 juris
1625 1476 1776 1536 necessi-

979 1562 1047 1625 tate
1076 1581 1176 1642 supra
1203 1568 1386 1644 quaestione
1413 1570 1453 1629 de
1480 1586 1544 1648 qua
1574 1573 1778 1647 cognoverat

980 1664 1164 1736 oportuerit
1187 1664 1350 1740 judicare,
1372 1683 1434 1727 nec
1462 1683 1516 1728 res
1532 1668 1682 1745 judicata
1709 1670 1776 1731 illis

979 1757 1095 1821 obesse
1107 1763 1235 1836 poterat
1248 1763 1335 1824 inter
1347 1780 1429 1841 quos
1442 1780 1507 1826 non
1523 1766 1637 1828 existit
1647 1768 1777 1844 judica·

978 1856 1058 1916 tum.
1085 1859 1191 1929 Quum
1210 1859 1312 1935 igitur
1332 1861 1426 1921 Sedis
1447 1863 1645 1940 apostolicae
1664 1863 1775 1926 habita
1869 1904 1890 1909 --

979 1955 1156 2027 custodire,
1170 1971 1208 2017 ac
1220 1957 1335 2018 invasa
1347 1975 1545 2036 recuperare
1557 1961 1777 2037 spiritualiter

978 2053 1160 2125 teneamus,
1175 2055 1358 2116 venerabili
1374 2055 1471 2117 fratri
1482 2059 1595 2120 nostro
1605 2060 1772 2137 episcopo,

979 2151 1011 2211 et
1038 2149 1157 2212 dilecto
1184 2152 1253 2213 silio
1275 2152 1386 2214 abbati
1413 2156 1559 2216 omnium
1576 2156 1773 2217 Sanctorum
1809 2164 1812 2169 '
1871 2158 1874 2163 '

979 2250 1331 2311 Cr·emonon.‹le‹limus
1347 2251 1381 2311 in
1397 2253 1572 2325 mandatis,
1585 2253 1621 2315 ut
1631 2254 1659 2314 si
1675 2270 1777 2315 cons-

978 2346 1064 2407 taret
1077 2347 1212 2419 eisdem,
1223 2350 1254 2409 te
1265 2348 1373 2425 ipsum
1382 2352 1620 2412 monasterium
1629 2352 1775 2415 indebite

978 2458 1173 2519 aggravare,
1202 2446 1345 2523 aliquem
1373 2464 1473 2524 supra
1498 2448 1613 2510 eodem
1639 2450 1773 2526 negotio

978 2544 1226 2617 procuratorem
1261 2543 1416 2605 idoneum
1451 2547 1649 2622 Apostolicae
1677 2547 1772 2609 Sedis

978 2640 1173 2712 statuerent,
1191 2643 1224 2702 et
1234 2641 1381 2718 partibus
1393 2644 1638 2711 convocatis,et
1650 2644 1774 2707 auditis

977 2735 1055 2809 iiiuc
1084 2738 1160 2798 inde
1191 2740 1369 2817 propositis
1398 2757 1501 2817 usque
1525 2743 1565 2802 ad
1589 2741 1774 2803 diffinitivae

977 2836 1149 2896 sententiae
1184 2838 1350 2897 calculum
1388 2839 1578 2914 Apostolica
1611 2842 1774 2917 potestate

977 2932 1205 3008 procedentes,
1216 2950 1350 2995 causam
1363 2935 1568 2998 sufficienter
1578 2938 1774 3000 instructam

977 3031 1017 3090 ad
1041 3032 1253 3106 praesentiam
1275 3036 1422 3094 nostram
1446 3035 1663 3108 remitterent,
1685 3052 1775 3113 praa-

977 3128 1044 3188 tlxo
1055 3128 1197 3189 termino
1210 3130 1359 3205 partibus
1371 3133 1579 3207 competenti,
1592 3134 1724 3210 quando
1735 3151 1771 3196 so

977 3228 1090 3287 nostro
1106 3228 1295 3303 conspectui
1309 3231 1559 3303 praesentarent,
1575 3232 1773 3293 sententiam

977 3323 1075 3384 dante
1103 3325 1255 3396 Domino,
1277 3328 1473 3402 recepturae.
1495 3328 1669 3389 Memorati
1694 3345 1773 3405 ergo

976 3420 1161 3498 episcopus,
1179 3423 1212 3483 et
1236 3423 1373 3499 collega,
1391 3424 1477 3485 sicut
1499 3440 1558 3501 per
1579 3442 1657 3485 suas
1677 3425 1772 3487 nobis

976 3519 1106 3580 litteras
1118 3519 1324 3591 intimarunt,
1337 3521 1523 3582 evidentius
1533 3524 1771 3597 cognoscentes

976 3616 1098 3678 dictum
1115 3619 1176 3678 ate
1191 3616 1377 3678 coenobium
1388 3636 1487 3695 supra
1502 3621 1614 3681 mullis
1626 3620 1771 3683 indebite

976 3716 1164 3791 aggravari,
1186 3733 1286 3793 quum
1302 3716 1335 3776 in
1359 3718 1491 3792 negotio
1506 3720 1603 3795 juxta
1623 3720 1770 3781 mandati

975 3813 1080 3873 nostri
1106 3815 1254 3874 tenorem
1278 3814 1402 3876 vellent
1428 3815 1619 3891 procedere,
1649 3821 1696 3888 tu,
1730 3834 1772 3879 no
1858 3850 1863 3855 -

975 3910 1203 3987 procederent,
1216 3913 1440 3988 apostolicam
1452 3913 1569 3974 sedem
1582 3914 1770 3991 appellasti.

977 4008 1039 4069 Sed
1056 4008 1132 4085 ipsi,
1147 4009 1370 4085 appellatione
1381 4012 1578 4088 contempta,
1592 4012 1626 4072 in
1639 4014 1772 4088 negotio

975 4106 1202 4182 procedentes,
1218 4109 1391 4185 quemdam
1405 4110 1604 4171 monachum
1619 4126 1693 4171 cum
1708 4112 1773 4189 pri-

976 4204 1119 4280 vilegiis
1143 4207 1176 4266 et
1203 4208 1336 4283 scriptis
1360 4207 1448 4279 aliis,
1474 4225 1548 4285 quae
1568 4208 1609 4270 ad
1638 4225 1773 4271 causam

976 4300 1086 4362 tacere
1101 4302 1316 4374 videbantur,
1334 4305 1374 4364 ad
1391 4308 1537 4367 nostram
1558 4308 1769 4382 praesentiam

975 4398 1242 4460 transmiserunt.
1260 4404 1431 4478 Quumque
1449 4405 1583 4478 propter
1603 4404 1665 4465 boc
1681 4406 1770 4467 esset
1873 4408 1899 4479 -ζ

975 4497 1061 4573 apud
1072 4497 1188 4558 Sedem
1200 4499 1421 4573 Apostollcam
1433 4501 1689 4571 constitutus,ac
1700 4518 1774 4579 pos·
1857 4554 1860 4559 .

974 4596 1097 4656 tutaret
1112 4595 1277 4657 instanter
1291 4611 1493 4673 processum,
1511 4597 1675 4658 dictorum
1690 4601 1773 4659 Cre-

975 4694 1143 4754 monensis
1174 4695 1320 4771 episcopi
1347 4712 1386 4755 ac
1411 4696 1557 4771 collegae,
1580 4698 1692 4772 utpote
1713 4697 1771 4759 lite

975 4793 1110 4852 minime
1121 4794 1318 4863 contestata,
1331 4795 1363 4854 et
1376 4795 1449 4868 post
1459 4794 1714 4870 appellationem
1728 4796 1770 4856 ad

975 4890 1771 4968 noslegitimeiuterpositamattentatumcenseri
1848 4958 1853 4963 ,

975 5003 1110 5063 prorsus
1122 4987 1264 5058 irritum,
1280 4988 1432 5058 etinane,
1446 5005 1505 5049 nos
1515 4990 1686 5067 utriusque
1699 5007 1773 5068 par·

974 5086 1016 5146 tis
1036 5086 1185 5146 volentes
1205 5102 1342 5162 parcere
1356 5085 1536 5154 laboribus,
1554 5088 1587 5148 et
1600 5090 1768 5165 expensis,

973 5185 1005 5244 et
1027 5200 1068 5244 no
1083 5184 1272 5261 hujusmodi
1288 5184 1428 5260 quaestio
1449 5184 1484 5244 in
1507 5185 1663 5247 recidivae
1685 5204 1769 5248 con-

973 5283 1163 5358 temptionis
1190 5282 1381 5359 scrupulum
1411 5282 1601 5353 relabatur,
1628 5286 1767 5361 provida

973 5380 1142 5456 cupientes
1171 5380 1395 5442 sollicitudine
1423 5397 1621 5456 praecavere,
1649 5382 1769 5444 dilecto

974 5478 1041 5538 tilio
1066 5478 1199 5539 oddone
1227 5479 1368 5556 acolp't0,
1395 5481 1427 5541 et
1454 5481 1627 5557 capellano
1654 5482 1768 5543 nostro

974 5575 1186 5654 procuratore
1211 5579 1369 5638 Romanae
1395 5576 1553 5639 Ecclesia
1578 5577 1767 5645 constituto,

972 5692 1011 5737 ac
1026 5690 1137 5737 coram
1154 5675 1249 5739 nobis
1269 5678 1303 5739 et
1317 5675 1476 5739 tratribus
1496 5674 1619 5738 nostris
1636 5674 1694 5738 lite
1708 5691 1767 5738 so-
