3802 6166
115 331 175 392 113

116 490 240 566 scripta
256 488 451 549 mandamus
468 489 567 566 atque
589 488 810 566 precipimus,
832 504 916 565 qua-

115 594 226 657 tenus,
262 603 375 663 regem
414 587 574 649 adeuntes
609 587 803 665 praedictum
841 587 914 648 sice

115 686 243 757 nostra,
260 685 343 746 lusis
362 685 530 763 lacrymis,
547 686 647 746 humo
658 685 826 762 prostrati,
843 700 916 762 pre·

116 800 171 847 ces
187 784 221 846 et
235 783 388 860 precibus
409 783 619 856 cunurlando,
651 784 814 845 moneatis
840 800 915 860 pru·

116 883 235 945 denter
253 884 286 944 et
309 882 489 943 obsecretis
505 898 564 959 per
587 882 814 958 aspersionem
836 897 916 942 san-

116 983 230 1057 guinis
248 980 481 1053 iesu-Christi,
506 981 591 1058 qnod
608 997 667 1058 pro
691 980 797 1058 ipsius
818 996 916 1041 rese-

117 1081 226 1143 rantia
242 1081 274 1141 et
283 1079 481 1156 apostolicae
501 1079 596 1140 Sedis
619 1079 755 1151 honore,
778 1079 914 1139 dinrissa

117 1178 265 1258 praelatis
280 1177 416 1255 pupillis
441 1177 579 1249 offensa,
610 1179 757 1255 siquam
782 1178 817 1237 in
839 1193 914 1238 enm

117 1279 214 1356 pater
235 1276 438 1338 commiserit
459 1276 618 1352 ipsorum,
644 1291 688 1336 ex
709 1275 808 1336 corde
832 1291 914 1352 puro

119 1376 287 1453 impendat
298 1375 442 1436 studium
455 1374 598 1449 diligens
612 1375 644 1435 et
656 1390 792 1450 operam
807 1372 916 1435 eldea·

119 1492 202 1546 cem,
232 1477 268 1534 ut
293 1473 470 1550 praedictus
495 1472 583 1533 lilius
614 1475 686 1549 ejus
713 1472 753 1533 ad
780 1472 915 1549 propria

119 1574 244 1643 redeat,
262 1573 295 1633 et
313 1572 473 1647 occupata
494 1571 533 1631 de
557 1586 660 1647 regno
679 1570 837 1649 praedicto
859 1587 916 1647 pn·

120 1672 209 1749 pillis
235 1670 389 1731 restituat
413 1669 600 1739 antedictis,
627 1672 790 1746 qnatenus
815 1669 917 1731 sicet

119 1787 178 1831 uos
194 1770 227 1830 et
243 1769 389 1844 seipsum
403 1768 557 1844 expediat
572 1783 590 1827 a
606 1768 805 1828 necessitate
818 1784 916 1844 quam

120 1868 214 1929 nobis
228 1868 315 1927 idem
338 1867 577 1943 primogenitus
602 1868 675 1943 ejus
702 1866 850 1939 ingessit.
867 1866 916 1927 nd

120 1965 271 2027 eumdem
294 1981 424 2041 quoque
446 1964 590 2025 nobilem
606 1964 783 2037 accedatis,
807 1964 916 2041 ipsum

121 2064 217 2125 modo
233 2063 334 2122 simili
351 2062 543 2135 obsecretis,
560 2064 605 2134 ut,
619 2063 741 2124 intuitu
756 2062 847 2123 illius
860 2063 916 2139 qui

121 2162 309 2223 dominatur
319 2162 354 2221 in
363 2177 466 2236 regno
479 2161 649 2222 hominum
664 2163 696 2222 et
708 2160 762 2221 cui
772 2142 918 2222 soluerit

121 2260 221 2321 donat
236 2259 329 2329 illud,
343 2275 361 2319 a
377 2259 608 2335 perseeutione
619 2259 820 2336 pupillorum
832 2259 918 2335 ipso·

120 2375 193 2418 rum
211 2358 349 2418 desistat
370 2360 402 2419 et
428 2358 476 2417 eis
501 2357 654 2418 restituat
676 2360 847 2434 occupata,
872 2361 915 2430 el,

121 2457 168 2517 sic
189 2457 328 2518 vincens
344 2456 522 2517 salubriter
538 2455 761 2532 semetipsum,
778 2472 814 2516 se
828 2455 917 2516 rinei

121 2554 289 2631 permittat
304 2570 322 2614 a
340 2554 444 2625 nobis,
462 2557 529 2615 Deo
542 2554 759 2630 ignominiam
775 2554 807 2615 et
819 2557 919 2630 Apos-

121 2653 229 2714 tollcar
252 2652 329 2713 Sedi
342 2654 480 2719 donans,
504 2653 532 2712 si
549 2669 646 2729 quarn
663 2669 706 2713 ex
720 2653 783 2713 hoc
806 2669 841 2713 se
857 2652 920 2712 lor·

121 2752 208 2812 sitan
248 2751 389 2811 arsthnat
427 2751 653 2821 incursurum,
694 2768 768 2810 cunr
807 2751 918 2811 tamen

122 2849 258 2926 propter
285 2852 389 2909 llenrn
417 2849 505 2909 rinei
540 2864 560 2909 a
589 2848 683 2911 nobis
710 2865 918 2926 nequaquam

122 2947 381 3023 ignominiosum
397 2948 529 3019 existat,
554 2948 710 3024 quoniam
726 2947 827 3008 armis
849 2964 920 3007 car-

123 3046 255 3106 nalibus
282 3062 348 3106 non
374 3062 576 3123 pugnamus,
602 3046 659 3105 sed
691 3045 919 3122 spiritualibus

123 3145 232 3220 potius
250 3161 323 3220 qum
344 3145 419 3205 sunt
434 3144 581 3220 potentia
594 3146 673 3211 Deo,
698 3143 809 3218 gladio
830 3143 920 3204 ride·

123 3242 200 3303 licet
215 3242 309 3302 serbi
331 3242 408 3315 Dol;
430 3242 525 3302 risus
546 3245 595 3302 est
616 3242 704 3302 enim
729 3258 837 3302 sermo
860 3242 919 3303 Del

124 3342 156 3400 et
170 3340 302 3411 estiean,
320 3344 353 3400 ct
370 3340 608 3416 penetrabilior
627 3339 716 3400 omni
731 3340 843 3415 gladio
859 3356 921 3400 an-

123 3439 228 3515 cipiti,
253 3454 357 3514 usque
378 3438 417 3498 ad
438 3439 558 3498 animas
580 3440 613 3499 et
632 3438 768 3514 spiritus
788 3437 921 3499 divisio·

123 3552 198 3598 nem
215 3537 417 3613 pertingens.
442 3536 505 3597 Sed
527 3538 559 3597 et
574 3536 680 3597 eidem
703 3535 920 3596 nihilominus

122 3634 352 3712 protestemini
373 3634 471 3712 quod,
495 3635 523 3694 si
543 3634 664 3695 restris
689 3633 833 3704 months,
855 3633 921 3696 irno

122 3734 259 3799 nostris,
281 3750 346 3793 non
364 3732 579 3809 acquieverit,
603 3749 677 3792 curn
700 3731 922 3809 [0ῑο10110110-

123 3831 213 3909 pillis
230 3831 322 3891 nulla
337 3832 502 3907 posshnus
517 3831 646 3891 ratione
660 3830 786 3901 deesse,
806 3833 920 3891 contra

122 3946 198 3991 eum
215 3929 335 3990 ccrlum
358 3931 389 3991 et
402 3931 525 3989 terram
547 3928 736 3989 curabimus
752 3929 918 4002 invocare,

122 4028 340 4104 aggravatum
366 4043 484 4087 manus
511 4028 643 4087 nostras
669 4028 704 4087 in
731 4027 854 4103 ipsum,
886 4028 920 4087 in

123 4128 283 4203 quantum
306 4125 498 4201 poterimus,
523 4125 704 4185 secundum
725 4124 811 4201 qued
825 4124 921 4185 nobis

124 4224 225 4284 tuerit
248 4223 390 4299 desuper
418 4223 627 4300 inspiratum.
654 4225 773 4284 hatum
795 4225 918 4294 Romae,

121 4323 209 4399 apud
228 4323 385 4383 Sanctum
398 4322 541 4391 Petrum,
552 4323 627 4383 t'lll
641 4320 715 4381 idus
725 4320 919 4393 decembris,

122 4437 212 4483 anilo
229 4420 346 4497 primo.

427 4616 622 4702 LXXXVI

128 4819 180 4877 Act
193 4816 415 4889 superiorem
431 4814 464 4873 01
479 4813 683 4873 concentum
699 4815 740 4874 de
756 4813 920 4875 Caritate.

428 4927 442 4983 7
465 4924 624 4983 11001111.

189 5055 299 5117 [1103011.
314 5051 358 5102 lib.
367 5052 387 5113 l,
396 5050 472 5115 epist.
483 5049 522 5099 90.
534 5051 632 5101 110010
643 5049 860 5112 Ρο010110111011.]

126 5196 270 5271 Superiori
283 5204 310 5252 01
326 5194 477 5252 0011100101
493 5193 659 5252 decoritate
670 5195 808 5267 praecipit,
824 5203 854 5252 ut
864 5196 924 5253 Clu·

161 5286 292 5345 01000001
309 5284 439 5341 ecclcsiae
454 5284 527 5340 sicut
542 5282 668 5340 urenrbra
679 5285 764 5356 capiti
780 5284 923 5341 humiliter

160 5377 352 5448 obsequentes
366 5373 445 5446 Juxta
460 5372 654 5431 Clurriaccusis
674 5373 781 5430 ordinis
797 5375 922 5432 instituta

163 5465 354 5524 reverentiam
369 5471 398 5520 01
412 5460 602 5519 obedientiam
620 5461 814 5535 predicantur.

170 5592 346 5659 llonorius,
367 5590 443 5659 010,
465 5589 592 5651 dilectis
616 5590 692 5650 tiliis
708 5592 872 5668 superiori
892 5594 924 5655 et

131 5690 306 5755 rouventui
322 5689 362 5750 de
375 5687 531 5750 Caritate..

747 328 976 389 EPISTOLAE.
1000 329 1078 391 LIB.
1102 329 1126 386 1.

1703 324 1762 386 111

1008 487 1100 550 licet
1127 484 1299 565 procerte
1328 484 1501 546 credamus
1525 483 1611 562 quod
1627 484 1761 547 r‘exatio

967 604 1032 665 qua
1065 603 1124 663 per
1158 584 1374 663 quorumdam
1401 582 1613 645 insolentiam
1637 584 1762 645 temere
1806 639 1809 643 .

967 685 1233 763 suggerentium,
1267 683 1304 745 ut
1332 682 1571 744 subtraheretis
1604 698 1763 745 reseren-

967 785 1046 847 tiam
1080 787 1113 846 01
1146 782 1367 845 obedientiam
1396 780 1538 842 debitam
1570 781 1761 842 cluniacen.

968 883 1119 945 ecclesiae
1148 882 1247 943 matri
1272 883 1392 943 restrae
1423 880 1661 942 monasterium
1686 895 1764 940 res-

968 984 1055 1045 trum
1075 981 1109 1042 in
1129 980 1357 1058 spiritualibus
1377 981 1410 1041 et
1432 979 1669 1056 temporalibus
1684 994 1764 1051 gra-

967 1081 1213 1143 riterattritnm
1237 1094 1311 1141 esse
1328 1078 1544 1152 ‹lienoscituu
1567 1077 1661 1139 robis
1682 1076 1762 1138 tan-

968 1181 1042 1241 dem
1072 1178 1185 1241 tribuit
1212 1178 1426 1249 intellectum,
1457 1177 1497 1237 de
1520 1175 1761 1254 tranquillitate

968 1282 1077 1340 tamon
1088 1278 1211 1350 restra,
1229 1278 1260 1338 et
1279 1277 1320 1338 de
1332 1277 1437 1355 lpsins
1452 1275 1646 1337 monasterii
1661 1272 1763 1335 vestri

968 1376 1204 1438 reformatione
1235 1392 1274 1437 ac
1298 1378 1385 1436 statu
1407 1376 1505 1451 jnnta
1532 1373 1634 1435 oltlcii
1658 1371 1762 1433 nostri

969 1476 1125 1547 debitum,
1136 1493 1248 1537 curam
1263 1474 1585 1550 sollicitudinemque
1598 1472 1761 1547 gerentes,

969 1575 1201 1636 discretionem
1234 1574 1379 1635 rostram
1415 1572 1538 1633 attente
1567 1570 1764 1632 monendam

969 1675 1124 1734 duximus
1144 1676 1177 1735 01
1189 1672 1386 1733 hortandam
1401 1687 1460 1748 per
1474 1668 1656 1747 apostolica
1670 1666 1765 1729 robis

971 1773 1094 1849 scriptu
1124 1772 1263 1832 tirmiter
1289 1769 1512 1848 praecipiendo
1545 1767 1763 1832 mandantes,

970 1874 1132 1949 quatenns
1166 1871 1230 1947 ipsi
1263 1870 1454 1929 Cluniacen.
1493 1867 1642 1928 ecclesias
1680 1865 1766 1926 sicut

970 1969 1115 2031 membra
1143 1968 1243 2046 capiti
1261 1968 1433 2028 humililer
1450 1965 1681 2042 obsequentes,
1708 1962 1763 2022 di-

970 2070 1054 2130 lecto
1082 2069 1149 2129 illio
1184 2067 1294 2128 abbati
1323 2066 1469 2143 ejusdem
1496 2063 1646 2136 ecclesia
1668 2062 1765 2139 juxta

971 2167 1197 2228 cluniacensis
1229 2166 1355 2227 ordinis
1387 2164 1538 2225 instituta
1568 2160 1766 2238 impendatis

971 2266 1191 2327 reverentiam
1214 2266 1246 2326 01
1261 2263 1468 2325 obedentiam
1483 2261 1642 2321 hrnnilem
1656 2260 1689 2320 et
1703 2258 1765 2318 de-

971 2366 1091 2436 votam,
1108 2380 1173 2424 non
1184 2361 1460 2424 credentesranis
1471 2359 1688 2437 quorumdam
1700 2371 1768 2417 ser·

972 2461 1135 2535 monibus,
1159 2461 1216 2540 qui
1238 2461 1325 2521 sicut
1348 2459 1548 2536 accepimus,
1566 2457 1673 2517 aclhuc
1698 2453 1767 2532 spi-

971 2565 1083 2623 rantes
1092 2561 1269 2630 minarum,
1282 2560 1314 2621 et
1326 2557 1517 2619 rebellionis
1530 2556 1565 2615 in
1585 2552 1766 2630 discipulos

972 2660 1113 2731 Domini,
1140 2659 1233 2720 robis
1259 2656 1459 2735 persuadere
1482 2654 1655 2717 conantur,
1680 2650 1765 2729 quod

972 2759 1172 2836 quaestiones
1195 2757 1315 2818 restrae
1329 2758 1453 2816 temere
1471 2755 1568 2814 motae
1584 2752 1699 2813 contra
1715 2750 1767 2826 ip-

972 2873 1043 2918 sam
1076 2856 1327 2917 Cluniacensenr
1360 2852 1547 2923 ecclesiam,
1573 2866 1612 2911 ac
1636 2849 1766 2909 demum

971 2955 1169 3032 Aprostolicoe
1194 2952 1288 3014 Sedis
1306 2951 1434 3030 judIcio
1448 2949 1645 3019 termnum,
1669 2945 1768 3008 facile

972 3054 1080 3114 adhuc
1101 3053 1255 3130 poterunt
1279 3049 1471 3113 Instaurari.
1501 3047 1586 3108 Certi
1602 3046 1687 3123 quod
1710 3045 1768 3104 iir-

973 3152 1071 3213 miter
1082 3152 1230 3228 perimus
1243 3150 1278 3211 in
1291 3148 1470 3227 proposito,
1487 3162 1546 3206 ros
1561 3147 1594 3206 et
1609 3142 1769 3220 sepellir-

973 3252 1039 3312 tam
1062 3251 1313 3312 Cluniaceusem
1342 3246 1517 3310 ecclesiam
1540 3245 1698 3305 reducere
1727 3242 1768 3303 ad

974 3352 1166 3412 consuetum
1178 3348 1346 3410 vinculum
1358 3346 1506 3417 unitatis
1522 3343 1608 3423 quod
1619 3358 1684 3403 non
1696 3357 1771 3401 cre·

974 3448 1082 3508 dimus
1098 3463 1194 3524 posse
1208 3445 1337 3507 cautius
1354 3444 1438 3517 fleri,
1452 3460 1550 3521 quam
1568 3438 1770 3519 providendo

973 3562 1016 3607 ne
1032 3546 1232 3623 quaestiones
1252 3542 1443 3622 hujusmodi
1460 3540 1654 3607 recidisent,
1669 3552 1769 3615 quum

975 3645 1115 3705 recidivi
1139 3644 1319 3718 languores
1341 3640 1597 3719 periculosiores
1619 3652 1693 3698 esse
1716 3651 1772 3695 so-

975 3743 1064 3804 leant
1078 3742 1267 3819 prirnitiris.
1287 3742 1406 3802 Datum
1429 3742 1541 3800 Rornae
1561 3735 1648 3813 apud
1665 3736 1771 3794 Sanc-

974 3842 1043 3903 tum
1060 3842 1207 3911 Petrum,
1226 3838 1364 3916 septimo
1378 3836 1453 3897 idus
1470 3832 1665 3902 decembris,
1684 3846 1771 3908 pon-

974 3940 1118 4001 tificatus
1132 3937 1236 3998 nostri
1252 3951 1340 3997 arrno
1353 3934 1470 4012 primo.

1262 4105 1479 4192 LXXXVII

974 4285 1025 4343 dd
1035 4283 1242 4355 episcopius,
1258 4279 1538 4338 arciridioconunr
1551 4272 1583 4334 et
1595 4272 1776 4332 0011100001

1232 4376 1515 4436 matisconenses.

1274 4489 1366 4547 idcc.
1386 4486 1464 4545 11111.

1018 4611 1128 4675 [Regest.
1141 4608 1186 4658 llb.
1198 4608 1217 4665 l,
1228 4605 1303 4670 epist.
1320 4603 1373 4654 toi.
1385 4603 1442 4652 tiss.
1455 4603 1491 4651 La
1506 4601 1578 4651 Porta
1591 4599 1626 4648 du
1638 4595 1731 4656 111011]

976 4728 1128 4802 Episcopo,
1147 4723 1347 4782 archidiacono
1367 4726 1394 4776 et
1413 4716 1522 4775 cantori
1540 4710 1773 4773 1101100011.οοτί-

1010 4818 1061 4886 bit,
1077 4816 1159 4873 valde
1178 4810 1390 4885 dispendiosum
1407 4821 1470 4864 esse
1486 4814 1514 4862 01
1529 4818 1617 4878 grave
1638 4799 1732 4857 abbati
1747 4804 1776 4856 01

1011 4904 1164 4967 conventui
1177 4903 1213 4958 de
1225 4901 1356 4958 ,1100οτ110
1375 4895 1570 4955 cirsterciensis
1586 4890 1695 4948 ordinis
1713 4890 1777 4946 sin-

1011 4997 1088 5071 gulis
1105 4982 1552 5066 000101101000101100108011001
1572 4981 1667 5050 adire3
1685 4993 1777 5052 quare

1013 5085 1139 5158 prsecipit
1150 5089 1179 5138 ut
1192 5080 1293 5138 abbate
1303 5086 1330 5135 et
1342 5081 1484 5134 conventu
1496 5070 1638 5144 praedictis
1647 5069 1778 5141 requisiti

1013 5174 1212 5232 malefactores
1223 5184 1321 5227 corum
1337 5168 1364 5222 iu
1379 5163 1511 5238 Lugdun.
1531 5161 1775 5236 000010010οοηο-

1012 5266 1109 5322 tinctos
1121 5260 1304 5330 compellant,
1319 5263 1349 5313 ut
1361 5256 1403 5312 eis
1418 5254 1510 5311 ablata
1524 5252 1683 5319 restituant,
1697 5247 1777 5307 etde

1012 5352 1132 5412 decimis
1144 5357 1171 5407 01
1186 5348 1222 5405 dc
1235 5346 1344 5420 injuriis
1355 5340 1684 5416 irrogatlssatislaciant.

1017 5478 1196 5546 Honorius,
1212 5477 1287 5546 010,
1300 5469 1482 5534 venerabili
1496 5468 1590 5530 fratri
1606 5465 1776 5543 episcopo,

977 5583 1009 5642 et
1024 5576 1153 5638 dilectis
1169 5574 1246 5634 tiliis
1262 5570 1498 5634 archidiacone
1511 5570 1544 5628 et
1556 5563 1684 5627 canturi
1702 5565 1776 5623 bla-

979 5680 1139 5741 tisconen.
