3802 6166
210 234 270 299 loo
677 226 854 293 1101101111
873 226 921 289 111
940 224 1090 289 OPERA.
1104 226 1394 291 -SERMONED
1799 238 1861 303 150

209 404 254 464 lu
275 398 393 465 diebus
413 398 489 472 ejus
509 389 763 460 emanaverunt
780 386 880 463 putet
897 401 1007 463 ouum
1060 384 1138 449 ditis
1152 386 1234 451 suis.
1251 386 1354 453 Debet
1367 388 1528 467 praelatus
1548 391 1717 471 corrigere
1730 394 1765 461 31
1779 411 1860 460 333-

209 514 303 570 uum,
320 496 465 570 3133331
482 504 582 554 mare
602 487 778 561 adimpleti
795 485 877 547 3331
895 499 1006 561 supra
1059 484 1167 560 ligare
1184 485 1316 563 iniquos
1335 489 1370 550 et
1392 502 1567 565 perversos
1580 490 1745 565 subditos,
1761 493 1811 557 ita
1824 498 1861 558 ut

210 599 352 658 nundum
364 591 478 671 (113311.
495 605 526 661 3,
552 587 598 666 3).
624 585 720 647 Ρ3131
744 598 905 661 3333333
929 582 1007 644 3331
1061 584 1194 645 revocet
1203 584 1363 661 superbos
1371 585 1414 649 31
1424 585 1859 657 133111131331333313333

209 693 289 755 libri
312 690 499 751 divinarum
515 685 772 762 scripturarum,
787 681 844 757 331
864 696 1005 743 emana—
1060 680 1101 739 ad
1117 681 1367 754 continentiam,
1385 683 1548 747 violentos
1569 684 1611 749 ud
1632 690 1860 751 mansuetudi-

210 789 331 852 verunt
357 786 392 846 in
409 783 525 845 113133
546 782 636 844 13311
661 778 825 855 Gregorii,
842 778 920 855 3313
934 776 1005 855 1333
1060 793 1146 851 333,
1163 794 1283 841 avaros
1297 779 1338 841 ad
1355 780 1557 857 largitatem.
1582 784 1618 846 Si
1642 784 1860 861 3331313313-

210 887 273 948 iuit
291 883 462 961 expositor
482 880 679 943 Sanctarum
699 876 957 953 scripturarum,
973 876 1007 936 et
1060 876 1264 939 ceritomnia
1276 877 1352 950 ista,
1366 879 1444 940 tuno
1462 880 1584 943 occidit
1602 897 1745 954 vermes,
1760 883 1855 958 idest,

209 985 282 1061 ipse
298 981 524 1043 manifestavit
539 993 660 1056 33333
684 973 856 1052 sapientiae
879 973 1007 1035 saluta-
1060 973 1237 1037 daemones.
1259 975 1353 1039 Unde
1372 978 1548 1054 Apostolus
1575 1000 1583 1039 ε
1609 982 1784 1055 corripite
1802 986 1857 1043 tn-

210 1081 270 1143 ris.
289 1083 368 1152 Quae
383 1094 469 1156 3333
483 1092 586 1154 33333
597 1076 639 1136 31
650 1076 781 1150 133333
796 1075 869 1150 ejus
883 1070 1007 1133 latebat
1058 1072 1201 1145 3313133,
1208 1076 1706 1157 333331313131333113313333(1
1714 1079 1856 1153 Thess,

209 1178 245 1240 in
258 1178 379 1240 divinis
402 1175 496 1236 libris
520 1174 616 1252 quasi
637 1173 675 1234 in
698 1169 870 1250 profundis
885 1170 1003 1248 puteis.
1061 1167 1124 1240 11).

209 1278 249 1338 111
263 1275 359 1353 33331
373 1290 465 1335 mare
474 1271 645 1349 adimpleti
661 1271 738 1332 sunt
747 1285 847 1347 supra
859 1268 1004 1338 modum,
1102 1268 1180 1337 Quae
1196 1265 1284 1329 enim
1306 1271 1414 1347 major
1436 1270 1666 1335 misericordia
1687 1274 1722 1335 et
1750 1273 1854 1350 pietas

208 1372 287 1449 3313
300 1372 413 1433 multas
432 1370 657 1447 expositiones
671 1368 768 1430 iactae
782 1369 858 1428 sunt
875 1366 1006 1427 313313
1060 1365 1121 1435 331,
1143 1380 1242 1441 3333
1262 1367 1393 1428 331333
1416 1368 1628 1431 3331331133
1649 1370 1856 1433 3311113333

210 1471 371 1546 Gregorio
387 1485 430 1531 ex
446 1467 562 1545 paucis
576 1465 671 1527 libris
687 1465 944 1543 scripturarum.
1059 1462 1241 1533 vivificare,
1258 1465 1409 1526 errantes
1424 1465 1465 1526 ad
1488 1466 1577 1527 viam
1597 1468 1739 1543 justitia*¹
1764 1469 1858 1531 redu·

252 1566 380 1638 Tertio,
407 1566 493 1628 sicut
520 1565 571 1626 331
602 1563 797 1625 mundificat
825 1561 940 1624 dentes
966 1577 1006 1622 ac
1060 1559 1515 1635 3333,133313333333111333,
1535 1566 1669 1626 3333133
1688 1568 1858 1643 3133333-

208 1681 301 1737 vasa,
320 1665 368 1726 ita
384 1664 542 1742 praelatus
554 1661 650 1723 debet
662 1660 891 1728 mundificare,
907 1660 1003 1731 idest,
1060 1673 1113 1718 res
1132 1658 1320 1721 consolarii
1335 1661 1412 1721 Ideo
1435 1661 1484 1724 311
1500 1664 1646 1725 loannes
1662 1663 1699 1724 in
1714 1678 1856 1740 persona

208 1762 370 1824 mundare
391 1761 548 1839 populum
568 1759 633 1821 3111
655 1759 866 1821 333313333
881 1757 1006 1819 avitiis
1059 1756 1232 1834 cujusdam
1255 1756 1385 1833 praelati
1409 1779 1417 1819 ε
1439 1763 1568 1835 Arsacio
1590 1764 1754 1823 Ecclesiae
1767 1763 1856 1823 Sar-

208 1860 242 1921 et
256 1859 400 1938 peccatis
413 1861 447 1921 31
462 1859 503 1919 31
518 1857 672 1919 3331133
682 1856 853 1919 erroribus
868 1870 1006 1932 perver-
1059 1855 1384 1931 11331131331311333
1400 1857 1434 1918 et
1452 1860 1620 1931 33311333
1633 1862 1769 1932 reliquo
1783 1876 1858 1933 333

207 1956 286 2018 133
301 1956 560 2034 praedicationis,
585 1956 683 2024 idest,
700 1970 761 2033 per
774 1953 958 2015 doctrinam
973 1951 1006 2013 et
1058 1951 1235 2015 ucorttura
1249 1952 1353 2014 33331
1370 1950 1486 2031 (1333.
1508 1970 1559 2027 ur,
1579 1953 1625 2033 2).
1647 1955 1855 2028 charissimi,

207 2055 445 2131 magisterium,
463 2070 523 2132 per
543 2053 731 2131 exemplum
748 2051 842 2113 bonae
866 2065 1007 2113 conver-
1055 2051 1125 2126 jam
1141 2049 1310 2111 moriturae
1326 2052 1405 2112 sunt
1419 2052 1539 2113 animae
1553 2050 1773 2126 subditorum,
1792 2054 1858 2116 nisi

207 2153 359 2224 sationis,
374 2153 469 2225 idest,
484 2151 729 2229 perhonestum
743 2150 845 2211 vitam
860 2152 1007 2210 313333-
1059 2146 1297 2209 33313333133
1311 2149 1509 2226 3333133133
1526 2165 1585 2227 per
1603 2165 1718 2211 curam
1740 2153 1775 2213 31
1795 2153 1859 2214 331-

205 2253 272 2314 133
301 2249 598 2321 conversationem,
619 2264 679 2326 per
699 2246 920 2326 patrocinium
944 2246 1004 2307 de·
1059 2243 1264 2306 licitudinem
1288 2246 1513 2322 prelatorum.
1539 2248 1612 2318 Qui,
1635 2249 1665 2309 si
1686 2250 1856 2327 torpentes

205 2349 383 2425 tensionis3
401 2344 1004 2426 3313331333333313133131313333
1059 2343 1093 2404 et
1112 2341 1320 2418 negligentes
1347 2344 1429 2416 sint,
1462 2344 1526 2422 ipsi
1558 2345 1715 2407 viderint.
1739 2347 1858 2409 Nonne

207 2448 309 2510 tantae
321 2446 535 2524 perfectionis
548 2447 582 2507 31
594 2444 778 2507 1333313113
797 2444 833 2505 31
852 2459 927 2505 cum
938 2459 1003 2519 pu·
1058 2440 1170 2517 posuit
1181 2456 1241 2502 nos
1257 2441 1416 2503 Dominus
1431 2442 1583 2505 custodes
1594 2442 1635 2503 ad
1649 2443 1858 2520 vigilandum

211 2545 311 2607 ritate
325 2543 539 2606 conscientie
561 2559 630 2603 suae
649 2542 753 2618 possit
771 2541 930 2603 311333
945 2540 1003 2600 in-
1059 2539 1091 2599 et
1111 2538 1153 2598 31
1178 2538 1533 2616 31333333131331331
1557 2540 1607 2602 Ad
1633 2540 1855 2615 vigilandum,

205 2642 377 2704 tercedere
401 2656 460 2717 pro
486 2655 522 2700 se
550 2639 584 2701 et
617 2655 677 2715 pro
705 2637 850 2716 peccatis
872 2637 1002 2699 alienis.
1059 2635 1240 2697 secundum
1255 2637 1342 2715 quod
1358 2637 1432 2713 1333
1448 2637 1695 2715 3111333131133
1715 2641 1857 2716 Vigilate

208 2740 302 2801 Unde
330 2739 531 2816 preceptum
557 2737 608 2799 331
636 2737 671 2797 13
696 2736 770 2812 lege
793 2735 935 2812 Moysis,
969 2735 1005 2797 ut
1058 2735 1093 2795 et
1116 2735 1233 2806 orate,
1257 2736 1296 2795 ut
1319 2750 1389 2797 riou
1406 2736 1547 2799 intretis
1571 2739 1608 2797 tu
1630 2735 1859 2799 irritationem

209 2837 364 2899 33333133
384 2835 550 2912 333133331
571 2833 776 2896 1133113133
804 2832 1005 2909 3113313331
1059 2829 1176 2909 (Marc.
1201 2848 1271 2903 x1v,
1288 2831 1354 2911 38).
1377 2833 1424 2893 Ad
1455 2833 1789 2911 circumspiciendum
1808 2850 1858 2895 33

206 2935 386 3010 illudigne,
402 2933 498 3004 idest,
515 2932 1003 3007 charitatisardore.ilicignis
1057 2930 1203 2992 cundum
1228 2930 1314 3007 quod
1339 2930 1485 3007 13331133
1510 2931 1544 2991 13
1571 2932 1744 2995 1133311313
1766 2936 1858 2994 :Fili

205 3035 257 3095 est
271 3033 418 3094 charitas
444 3046 518 3107 333
542 3046 672 3107 semper
695 3028 791 3091 debet
814 3030 933 3091 ardere
967 3029 1002 3090 in
1057 3032 1219 3100 13331313,
1242 3031 1492 3103 speculatorem
1518 3032 1597 3091 dedi
1619 3031 1860 3092 1313331113-

204 3131 304 3193 corde
315 3129 508 3191 sacerdotis.
526 3128 619 3191 Unde
634 3129 669 3189 in
683 3127 829 3189 canticis
844 3127 1003 3188 cantico·
1056 3131 1132 3188 raet
1146 3125 1278 3205 (Erech.
1298 3142 1349 3198 nr,
1372 3124 1435 3205 17).
1458 3128 1546 3203 Ergo
1561 3126 1589 3189 si
1604 3127 1856 3204 speculatores,

204 3244 278 3290 rum
292 3250 300 3288 :
315 3231 422 3302 Aque
430 3227 548 3289 multae
560 3242 631 3288 non
639 3226 784 3300 3333331
796 3226 1003 3301 extinguere
1056 3224 1110 3284 vel
1123 3225 1246 3295 custos,
1262 3223 1366 3299 vigila
1380 3224 1415 3286 et
1428 3223 1657 3301 circumspice.
1676 3226 1707 3287 N
1710 3241 1754 3286 on
1768 3226 1857 3287 enim

204 3327 411 3388 3133113133
436 3321 543 3402 (cant.
570 3338 646 3396 vm,
672 3319 719 3402 7),
744 3323 823 3399 3313
847 3321 1002 3384 sacerdos
1057 3322 1168 3398 posuit
1178 3323 1211 3383 te
1222 3321 1381 3383 Dominus
1391 3322 1428 3384 ut
1438 3321 1595 3391 dormias,
1607 3322 1666 3384 sed
1678 3324 1715 3384 31
1723 3322 1855 3401 vigiles,

203 3423 301 3486 13131
315 3423 392 3485 thus
404 3436 584 3499 apponere,
597 3421 694 3493 idest,
706 3421 857 3482 devotam
873 3420 1001 3482 oratio·
1056 3434 1123 3480 non
1140 3420 1175 3480 31
1189 3418 1328 3481 stolidus
1343 3435 1491 3491 maneas,
1508 3419 1565 3481 sed
1581 3422 1617 3482 ut
1631 3421 1769 3499 provide
1781 3422 1853 3484 cir-

204 3538 280 3584 333
295 3538 355 3598 333
375 3519 495 3599 populo
511 3519 575 3581 sibi
589 3518 766 3583 commisso
780 3520 847 3580 Deo
868 3517 999 3590 offerre,
1056 3517 1266 3596 3333313133,
1283 3532 1351 3580 333
1375 3518 1411 3580 31
1428 3517 1585 3591 1333133,
1605 3518 1683 3595 3313
1698 3520 1756 3596 331
1771 3519 1853 3581 133-

78 3696 81 3701 ,
203 3620 305 3682 etita
331 3620 457 3681 1313333
478 3619 514 3680 13
539 3619 661 3680 Sancta
678 3618 887 3688 Sanctorum,
904 3615 999 3687 idest,
1055 3614 1502 3688 313313331313331331,
1529 3614 1849 3693 31331313113331,

205 3734 265 3796 333
287 3717 408 3780 13333
432 3716 667 3791 cogitationem
688 3717 722 3776 et
744 3730 861 3792 puram
876 3713 1003 3776 oratio-
1056 3716 1152 3777 nocte
1168 3714 1252 3776 ebrii
1278 3714 1370 3784 sunt,
1395 3713 1453 3775 331
1476 3715 1514 3775 31
1534 3713 1670 3791 vigiles,
1692 3715 1771 3793 3313
1797 3716 1855 3793 331

204 3830 281 3877 333
293 3815 468 3891 pervenire
481 3813 523 3872 ad
538 3811 614 3872 coeli
627 3811 761 3888 palatia.
1055 3828 1153 3874 mane
1167 3811 1381 3889 vigilaverint
1402 3811 1443 3874 ad
1459 3813 1667 3891 sapientiam,
1681 3813 1855 3875 invenient

245 3910 382 3973 Praelati
405 3909 637 3982 ecclesiarum,
660 3908 818 3985 episcopi,
834 3907 998 3980 videlicet,
1054 3911 1159 3972 illam.

205 4011 240 4072 31
262 4008 451 4069 sacerdotes
461 4022 520 4084 pro
544 4006 689 4083 peccatis
704 4006 806 4068 totius
821 4007 935 4084 populi
950 4007 1001 4068 di·
1096 4012 1193 4085 Ergo,
1210 4025 1230 4070 o
1256 4007 1305 4069 iili
1323 4007 1484 4080 hominis,
1501 4007 1530 4069 si
1543 4008 1654 4070 333133
1675 4022 1724 4079 33,
1738 4006 1852 4085 vigila,

204 4107 318 4168 vinam
348 4103 612 4166 misericordiam
647 4102 768 4165 debent
799 4104 1000 4181 quotidianis
1055 4107 1230 4184 33131333
1263 4106 1422 4167 Dominus
1448 4112 1561 4167 noster
1594 4107 1645 4168 331
1672 4109 1786 4169 333133
1813 4106 1854 4169 13

206 4201 503 4280 supplicationibus
528 4203 561 4263 et
584 4200 703 4262 hostiis
724 4201 914 4278 implorare.
944 4202 1000 4263 Isti
1055 4206 1162 4275 nocte,
1179 4205 1213 4265 31
1225 4202 1345 4278 vigilat
1363 4217 1463 4280 super
1484 4203 1641 4279 populum
1667 4204 1855 4265 3333311-

204 4302 294 4362 enim
309 4315 368 4378 pro
381 4299 522 4361 infirmis
537 4299 571 4361 31
585 4297 814 4376 peccatoribus
829 4315 926 4361 orare
941 4299 1000 4360 de-
1054 4301 1134 4377 gila,
1148 4299 1272 4377 331313
1286 4299 1400 4375 vigilia
1415 4300 1578 4363 matutina
1592 4300 1683 4364 venit
1694 4302 1853 4363 Dominus

205 4398 294 4470 1331,
311 4399 389 4475 3313
416 4398 523 4459 oratio
543 4396 682 4458 istorum
709 4397 773 4459 3113
795 4397 998 4460 3333311131
1054 4397 1308 4474 311133133133.
1331 4397 1452 4473 Vigila,
1476 4398 1556 4474 3313
1583 4400 1734 4475 33313333
1756 4402 1853 4461 33331

204 4500 329 4561 iesum.
358 4495 559 4557 1311131331
583 4511 657 4557 3333
687 4495 886 4557 mediatores
911 4496 1001 4558 inter
1053 4497 1089 4558 in
1103 4496 1239 4572 regione
1253 4493 1323 4566 illa,
1340 4494 1563 4557 custodientes
1589 4495 1724 4571 vigilias
1744 4497 1851 4559 noctis

204 4598 309 4658 Deum
324 4595 357 4655 et
378 4593 542 4664 homines,
559 4594 593 4654 et
606 4592 680 4654 ideo
697 4592 781 4654 tales
793 4592 913 4655 131331
925 4609 999 4655 3333
1054 4610 1154 4672 super
1163 4608 1297 4671 gregem
1310 4608 1419 4653 suum.
1435 4592 1558 4669 Vigila,
1575 4593 1653 4670 3313
1669 4593 1853 4669 vigilabant

204 4695 240 4756 ut
257 4694 324 4753 sint
344 4691 431 4768 grati
450 4693 517 4753 Deo
528 4691 561 4752 31
573 4690 700 4766 accepti
711 4689 912 4752 hominibus.
924 4692 999 4753 istis
1054 4693 1223 4761 mulieres,
1248 4689 1379 4767 quando
1401 4690 1555 4752 viderunt
1569 4690 1726 4767 angelum
1741 4691 1784 4754 ad
1799 4708 1854 4755 33-

203 4792 316 4854 datum
336 4791 386 4851 est
396 4805 493 4850 33333
508 4788 665 4866 mysteria
679 4787 772 4863 regni
786 4789 855 4859 Dei,
870 4790 999 4851 3313313
1054 4790 1239 4868 pulchrum.
1256 4786 1378 4862 vigila,
1395 4787 1473 4866 3313
1490 4788 1636 4850 31331331
1660 4788 1855 4866 331331331-

204 4889 368 4950 3313313
391 4886 569 4964 333313113.
593 4886 651 4948 1311
675 4902 751 4947 eum
776 4901 920 4957 movere,
943 4886 998 4947 isti
1053 4889 1194 4964 1133333
1215 4884 1298 4946 1333
1322 4884 1376 4946 133
1389 4886 1549 4947 venturus
1572 4888 1671 4959 33331,
1697 4887 1855 4963 vigilaret

204 5001 280 5046 enm
296 4985 440 5055 flectere,
457 4984 543 5045 etad
558 4983 823 5045 3133313331133
836 4983 1000 5045 133113333
1054 4985 1168 5062 311333
1182 4984 1215 5046 31
1227 4999 1293 5045 333
1309 4983 1434 5044 3133331
1453 4982 1581 5059 3331311
1596 4984 1729 5045 13333
1744 4999 1850 5045 suam.

205 5083 353 5162 3333331.
366 5083 406 5142 ut
418 5082 1000 5156 1331333εο31331133133333331
1054 5087 1079 5146 Ο
1095 5084 1144 5145 tili
1159 5081 1315 5152 bominis,
1332 5096 1482 5157 operare,
1500 5081 1577 5141 133
1591 5080 1849 5158 tempuslrabes,

199 5195 345 5256 peccone
355 5179 533 5253 peecatum
547 5192 615 5240 nou
629 5178 840 5249 convortere,
852 5181 927 5241 oret
933 5194 1000 5255 pro
1054 5182 1132 5260 3313
1157 5179 1213 5256 331
1236 5177 1353 5239 1333311
1376 5179 1410 5239 31
1433 5179 1582 5240 13333311
1603 5178 1652 5239 313
1680 5179 1851 5253 homines,

204 5294 255 5346 eo,
274 5277 307 5338 et
319 5275 457 5337 dubitur·
476 5277 508 5336 et
521 5276 594 5336 otto
603 5277 759 5348 33333311
768 5290 837 5337 333
846 5279 891 5338 od
904 5293 1001 5339 3133-
1054 5293 1194 5355 magnus
1213 5276 1387 5338 vocabitur
1408 5275 1442 5336 in
1460 5292 1563 5351 regno
1578 5276 1749 5337 coelorum.
1765 5278 1853 5353 Ope-

205 5376 276 5438 1333
305 5371 377 5451 (Ep.
406 5374 502 5434 Joan.
522 5387 557 5444 v,
581 5370 645 5451 16).
671 5372 794 5443 Quarto
815 5394 823 5433 :
846 5373 933 5437 sicut
950 5375 999 5436 331
1055 5392 1142 5448 3333,
1158 5374 1236 5452 3313
1252 5390 1318 5435 333
1333 5372 1501 5435 auditores
1517 5373 1616 5449 legis,
1633 5374 1692 5435 331
1707 5373 1851 5437 13313333

206 5471 328 5535 3331111
341 5485 481 5542 vermes,
502 5470 549 5532 ita
570 5468 727 5547 praelatus
739 5469 836 5532 debet
849 5471 1000 5533 occidere
1051 5474 1133 5551 justi
1149 5473 1226 5535 sunt
1244 5470 1331 5548 apud
1355 5473 1469 5532 Deum.
1495 5472 1653 5546 Operare,
1670 5472 1851 5549 33133333

204 5584 346 5640 vermes,
363 5566 458 5640 idest,
473 5567 555 5632 vitia
577 5570 610 5630 et
628 5568 763 5645 3333313
778 5568 814 5629 13
829 5584 866 5629 33
880 5571 913 5632 31
927 5570 1002 5631 sub·
1055 5571 1194 5651 3313333
1223 5568 1407 5631 mercedem
1436 5583 1530 5629 suam
1559 5568 1702 5647 accipiet
1729 5586 1852 5633 secun·
