3802 6166
128 274 190 336 aas
576 240 764 336 <concaui
787 273 831 332 111
851 271 1001 333 ornan.
1015 298 1057 316 -
1071 270 1304 335 sanniones.
1712 273 1773 339 aec

130 434 256 511 gritati.
285 435 374 496 Bene
402 448 482 510 ergo
499 432 712 497 dictumest:
729 434 923 497 Sintlumbi
978 431 1156 510 simplices,
1184 433 1373 510 superiores
1398 435 1431 496 et
1459 432 1645 496 inferiores.
1679 436 1775 497 Unde

130 534 240 596 cresim
252 533 441 608 prcccincii.
975 529 1036 592 Job
1051 551 1059 590 :
1081 535 1202 593 Vinum
1215 531 1248 592 ct
1258 535 1420 594 incuteres
1428 533 1628 607 apostatare
1639 535 1775 606 fociant

168 631 315 691 Primum
330 630 537 702 cinctorium,
549 629 644 702 idest,
658 630 817 690 memoria
832 644 923 689 mor-
975 630 1148 703 sopientes
1160 627 1274 708 (dccli.
1288 631 1359 701 xix,
1370 629 1415 708 2).
1433 633 1518 706 Ergo
1528 631 1556 690 si
1565 631 1776 693 volumusre·

128 728 172 788 tis
187 728 292 790 tribus
313 727 487 789 manifeste
508 728 598 805 patet
623 727 767 800 indiciis,
795 727 918 799 dolore,
975 723 1107 788 frenare
1116 727 1415 804 concupiscentiam
1431 728 1555 800 carnia,
1568 729 1773 805 accipiamus

30 830 33 835 '
128 825 255 904 pallore
279 827 311 887 et
338 827 482 902 torpore.
508 825 627 887 Dolore
647 825 755 887 cordis
776 824 919 900 turgido,
974 839 1091 885 zonam
1105 824 1277 901 pelliceam
1300 824 1472 887 delumbis
1486 826 1638 887 ioannis
1656 827 1772 887 Tolla-

127 923 254 1001 pallore
265 924 374 985 vultus
384 922 541 995 marcido,
556 923 686 1000 torpore
699 920 921 983 membrorum
974 937 1047 982 mus
1062 922 1230 999 cingulum
1243 923 1404 984 castitatis
1419 924 1459 984 de
1483 923 1618 984 renibus
1635 925 1771 1000 ioseph,

32 1102 35 1107 Ι
126 1021 246 1098 rigido.
263 1021 342 1094 Quis
364 1022 451 1082 enirn
474 1022 595 1098 poterit
620 1038 686 1082 non
710 1020 832 1091 dolere,
855 1036 920 1081 non
974 1019 1422 1096 peplumpndicitiaedeiacie
1433 1023 1604 1096 Susannae3
1616 1020 1773 1082 tollamus

126 1119 264 1197 pallere,
281 1135 347 1180 non
360 1118 567 1195 rigeredum
578 1118 718 1195 perfecte
734 1118 921 1181 meminerit
975 1115 1208 1179 abstinentiam
1235 1117 1275 1179 de
1300 1134 1358 1179 ore
1389 1119 1525 1195 Moysis
1542 1119 1710 1196 jejunium
1730 1120 1772 1181 de

125 1216 241 1278 mortis
257 1217 446 1293 corporeaet
462 1215 554 1277 Unde
570 1216 670 1278 Pater
681 1216 728 1277 ait
745 1232 752 1275 :
769 1218 835 1277 Fili
858 1217 918 1287 mi,
974 1215 1105 1289 gutture
1119 1216 1236 1288 Heliae,
1254 1215 1398 1276 esuriem
1418 1216 1458 1276 de
1481 1215 1610 1293 jejunio
1635 1216 1769 1288 Christi,

125 1329 324 1377 moruorcrc
339 1318 527 1376 novissimo
547 1315 607 1375 tna
627 1316 660 1376 ci
679 1329 748 1376 aori
766 1316 920 1387 peccabis
974 1311 1007 1373 et
1021 1314 1204 1375 statuamus
1228 1314 1370 1375 cultrum
1387 1314 1421 1373 in
1436 1314 1569 1390 gutture
1594 1315 1720 1387 nostre,
1738 1317 1771 1377 et

125 1414 163 1473 in
189 1414 361 1474 memorem
397 1410 497 1490 (Eccl.
527 1428 584 1483 vn,
612 1410 677 1491 40).
707 1414 788 1473 Item
812 1426 820 1470 :
842 1410 921 1472 Sint
974 1408 1022 1471 sic
1053 1411 1286 1487 succingamus
1315 1410 1443 1472 lumbos
1468 1414 1609 1484 nostros,
1639 1412 1676 1472 ut
1704 1412 1773 1474 sint

125 1513 230 1572 lumbi
242 1511 351 1571 castri
360 1511 540 1584 procincti
552 1509 585 1570 ei
598 1516 748 1572 lucernoe
757 1508 919 1571 ardentes
974 1507 1076 1569 lumbi
1092 1509 1196 1570 nostri
1215 1509 1394 1586 praecincti,
1413 1510 1445 1569 ct
1464 1509 1624 1571 esurienti
1649 1511 1771 1572 animae
1829 1522 1833 1528 ·

123 1609 334 1669 tranensibus
355 1609 482 1669 castris
495 1605 588 1685 (Luc.
604 1623 664 1680 xn,
683 1605 747 1685 35).
766 1605 849 1680 Quid
869 1606 920 1667 est
973 1607 1072 1666 etiam
1087 1622 1201 1668 amara
1215 1606 1324 1669 dulcia
1340 1606 1526 1669 videantur.

124 1704 213 1765 enim
228 1704 432 1782 praecingere
442 1704 582 1778 lumbos,
593 1706 626 1767 et
638 1705 714 1783 quid
725 1706 776 1767 est
786 1705 918 1782 portare
1012 1704 1132 1766 Contra
1154 1705 1455 1781 concupiscentiam
1484 1705 1654 1765 oculorum
1673 1705 1768 1765 acci·

123 1801 279 1864 lucornas
315 1802 468 1864 ardentes
503 1803 538 1864 in
571 1803 724 1864 manibus
760 1803 920 1865 nostris?
972 1801 1102 1878 piamus
1119 1803 1326 1864 semicinctia
1343 1803 1507 1874 ieremiae,
1524 1802 1608 1878 pilos
1624 1803 1772 1864 camelo-

123 1901 333 1977 I‘raeringere
345 1900 473 1962 lumbos
484 1902 534 1963 est
546 1900 726 1964 refraenare
737 1901 916 1974 luxuriam,
972 1914 1057 1972 rum,
1075 1899 1193 1977 quibus
1209 1901 1343 1961 indutus
1359 1900 1431 1961 erat
1449 1902 1606 1972 ioannes,
1626 1901 1767 1961 nudita-

122 1997 156 2059 et
171 1999 278 2059 motus
293 1999 477 2059 carnalium
505 1998 746 2060 desideriorum
766 1999 822 2077 qui
842 2000 919 2059 sunt
972 1998 1037 2058 tem
1059 1997 1301 2074 Apostolorum,
1328 1998 1384 2074 qui
1410 1997 1490 2057 nudi
1515 1996 1638 2057 nudum
1662 1999 1768 2058 secuti

28 2168 32 2175 Ι
123 2094 157 2163 in
174 2095 491 2168 lumbishominum,
508 2096 919 2159 ioeminisauteminnm-
972 2097 1049 2155 sunt
1077 2095 1256 2167 Christum,
1289 2095 1529 2172 aporiationem
1564 2110 1679 2155 eorum
1711 2095 1768 2172 qui

120 2189 234 2253 bilico.
248 2193 724 2270 Undetestaturliominusqui
737 2193 917 2255 edbertum
972 2192 1210 2254 circumierunt
1234 2192 1268 2252 in
1293 2191 1422 2253 melotis
1440 2191 1472 2253 et
1496 2191 1530 2252 in
1550 2191 1691 2267 pellibus
1706 2207 1769 2253 ca-

121 2289 182 2352 Job
209 2290 357 2367 loquitur
389 2291 430 2352 de
461 2290 615 2352 diabolo:
638 2293 754 2353 Virtus
781 2295 856 2365 ejus
880 2295 917 2352 tn
972 2290 1089 2366 prinis,
1118 2291 1339 2367 contemptum
1363 2290 1461 2351 etiam
1492 2289 1588 2350 Pauli
1615 2290 1671 2366 qui
1697 2290 1769 2351 ait:

119 2386 243 2448 icrnzbi's
263 2390 349 2460 cjtm,
366 2389 400 2448 ct
414 2389 580 2461 fortitudo
602 2392 691 2450 tiltres
711 2393 747 2450 in
761 2391 917 2450 iicebittco
971 2392 1179 2449 Hircomnio
1189 2388 1380 2449 arbitratus
1394 2403 1472 2448 sicin
1485 2388 1661 2460 tamquam
1674 2389 1771 2449 sicr-

120 2485 255 2545 acutris
282 2488 358 2557 ejus
382 2483 469 2563 (Job.
485 2502 539 2558 xn,
559 2486 621 2564 ll).
645 2486 731 2557 Quia
752 2487 838 2547 sicut
858 2502 918 2563 per
970 2500 1053 2547 cora
1082 2486 1218 2565 (Philip.
1243 2501 1292 2557 111,
1316 2484 1360 2565 8).
1385 2486 1424 2545 nt
1442 2485 1550 2545 sciens
1570 2483 1656 2560 quod
1675 2487 1772 2545 tran-

120 2596 238 2641 zonam
269 2581 320 2643 vel
350 2597 411 2659 per
436 2583 632 2644 cinctorium
659 2584 916 2659 constringimus
971 2585 1068 2644 seuut
1098 2584 1169 2644 baec
1196 2584 1307 2644 omnia
1326 2582 1416 2643 uelut
1435 2582 1562 2653 umbra,
1584 2582 1632 2642 sic
1656 2583 1769 2643 omnia

121 2693 255 2739 carnem
283 2679 432 2754 corporis
457 2680 573 2751 nostri,
598 2680 642 2741 ita
663 2697 722 2757 per
742 2681 917 2742 continen-
972 2696 1030 2740 sua
1048 2680 1192 2741 dimittat
1218 2696 1278 2756 pro
1298 2680 1439 2752 Christo,
1462 2681 1497 2741 ut
1509 2681 1564 2740 liic
1577 2679 1767 2758 centuplum

55 2764 58 2769 ’
120 2775 201 2836 tiam
215 2775 326 2836 carnis
355 2776 592 2837 mortificamus
608 2778 690 2838 vitia
709 2778 742 2839 et
755 2777 917 2838 refraena·
971 2778 1125 2854 accipiat,
1141 2780 1174 2839 et
1188 2779 1373 2854 postvitam
1389 2780 1547 2839 aternam
1563 2778 1671 2839 valeat
1686 2795 1767 2855 pos·

120 2888 193 2934 mus
205 2872 385 2934 luxurium.
400 2874 493 2935 Unde
508 2875 777 2951 Apostolustoui
788 2877 916 2937 Christi
972 2875 1091 2937 sidere.
1131 2876 1251 2937 Contra
1283 2875 1472 2952 superbiam
1512 2876 1590 2937 ritae
1625 2876 1768 2952 accipiat

119 2970 213 3041 scint,
231 2984 374 3031 carnem
385 2972 641 3043 cmucitimcrmii
668 2972 858 3033 armcitiis
883 2972 916 3032 et
971 2972 1166 3034 descensum
1182 2974 1286 3035 David
1306 2973 1346 3034 de
1363 2973 1482 3035 throno
1500 2973 1616 3048 regali,
1632 2974 1765 3050 quando

120 3069 403 3141 concupiscentiis
432 3065 554 3146 (Galat.
583 3085 619 3141 v,
646 3067 712 3148 24).
751 3071 790 3130 et
829 3069 916 3130 idem
971 3071 1529 3149 coramomnibuspeccatumsuum
1545 3071 1766 3145 nouernbuit,

119 3164 298 3241 Apostolus
315 3166 702 3238 :Mortificotccmmcm
722 3167 914 3229 cestram...
971 3169 1066 3231 tollat
1085 3168 1222 3230 linteum
1250 3185 1314 3246 quo
1341 3168 1492 3229 cbristus
1518 3168 1696 3246 praecinxit
1719 3186 1768 3241 se,
1808 3238 1819 3259 ·

161 3262 217 3324 Est
240 3262 349 3324 autem
373 3262 507 3325 luxuria
535 3264 570 3324 in
599 3264 711 3326 multis
737 3263 837 3326 rebus
857 3282 864 3326 :
881 3265 915 3327 in
971 3266 1102 3344 quando
1122 3266 1204 3328 lavit
1234 3268 1334 3344 pedes
1357 3266 1595 3343 discipulorum
1620 3282 1767 3340 suorum,

120 3359 223 3421 nimia
251 3361 452 3423 comestione
469 3363 502 3423 et
527 3361 698 3435 ebrietate,
726 3362 761 3423 in
782 3362 915 3424 luxuria
970 3362 1187 3440 abjectionem
1211 3362 1308 3423 Pauli
1326 3362 1382 3439 qui
1395 3363 1443 3423 ait
1457 3383 1465 3421 ε
1481 3366 1554 3438 Epo
1566 3378 1645 3423 sitm
1658 3365 1768 3424 acirci-

121 3458 210 3520 etin
238 3460 506 3537 concupiscentia
533 3461 643 3522 carnis
667 3461 701 3522 et
731 3460 913 3535 oculorum,
969 3476 1048 3522 cnam
1073 3461 1324 3535 Apostolorum,
1348 3474 1501 3521 caesum
1516 3462 1770 3535 dioecese-ocari

120 3556 275 3634 snperbia
305 3558 395 3626 vitae,
417 3559 449 3620 et
477 3558 512 3618 in
536 3558 667 3620 caeteris
695 3560 915 3637 superfluita-
969 3558 1148 3632 Apostolus
1170 3557 1199 3635 (l
1212 3560 1285 3619 Cor.
1303 3574 1357 3629 xr,
1374 3557 1420 3634 9),
1442 3556 1574 3618 discens
1588 3573 1608 3617 a
1622 3556 1766 3628 Christo,

120 3655 219 3718 tibus.
240 3658 287 3717 De
320 3655 548 3733 superfluitate
567 3657 679 3719 nimiae
704 3659 915 3720 comestionis
970 3659 1050 3730 urcio
1064 3658 1159 3717 ascitis
1170 3656 1203 3717 ci
1217 3658 1474 3727 turcinuiscorcic,
1487 3656 1594 3715 sciens
1608 3655 1694 3731 quod
1711 3654 1769 3732 qui

121 3753 154 3815 et
170 3752 340 3814 ebrietatis
355 3753 436 3814 dicit
449 3753 565 3815 beatus
581 3755 760 3830 Gregorius
778 3776 785 3815 :
802 3773 820 3815 c
836 3758 915 3817 Cum
971 3769 1007 3814 se
1022 3754 1148 3815 exaltat
1170 3752 1412 3825 humiliabitur,
1428 3752 1530 3829 etqui
1553 3767 1589 3812 se
1613 3751 1770 3815 humiliat

121 3866 242 3927 corpus
261 3850 295 3910 in
315 3850 505 3912 relectionis
530 3851 748 3913 delectatione
769 3853 915 3914 resolvi·
970 3849 1183 3922 exaltabitur,
1203 3866 1243 3911 eo
1259 3850 1344 3929 quod
1360 3849 1511 3926 superbis
1528 3852 1613 3909 Deus
1629 3850 1767 3922 resistit,

121 3949 188 4016 tur,
209 3962 287 4008 caro
313 3947 378 4008 cito
407 3948 448 4008 ad
480 3947 651 4010 libidinem
676 3948 916 4012 effraenatur.»
971 3948 1151 4009 humilibus
1176 3951 1287 4009 autem
1309 3948 1365 4009 dat
1392 3947 1546 4023 gratiam.
1577 3947 1650 4007 Sint
1663 3946 1769 4008 lumbi

122 4142 191 4204 lum
204 4144 347 4203 mentem
363 4141 542 4216 effeminat,
559 4142 615 4204 sed
629 4159 750 4222 corpus
766 4148 915 4220 enervat,
971 4144 1076 4226 nostri
1087 4143 1233 4205 membra
1248 4144 1463 4221 praecingere,
1478 4142 1633 4204 videlicet
1647 4158 1769 4220 corpus

123 4257 191 4303 non
204 4241 310 4302 solum
325 4241 471 4303 maculat
485 4242 642 4314 animam,
660 4243 716 4304 sed
732 4243 832 4306 ioedat
846 4262 917 4323 per-
972 4243 1004 4303 at
1031 4256 1106 4310 cor,
1135 4239 1263 4302 lumbos
1289 4241 1330 4301 de
1355 4256 1439 4302 zona
1459 4239 1610 4316 pellicea,
1639 4255 1698 4300 cor
1726 4239 1768 4300 de

125 4354 240 4401 sonam
260 4339 440 4400 secundum
456 4340 649 4418 Apostolum
667 4357 674 4402 :
692 4344 798 4405 orum
812 4358 917 4406 nom·
972 4354 1054 4401 zona
1067 4354 1180 4402 aurea.
1198 4341 1286 4399 Zona
1303 4338 1441 4416 pellicea
1455 4337 1491 4400 ut
1505 4354 1547 4399 ex
1561 4337 1663 4399 coriis
1678 4352 1769 4397 mor-

5 4466 8 4471 ·
123 4452 189 4512 quc
209 4438 389 4512 peccatam
407 4441 638 4512 cacodaemone
661 4441 783 4514 feccrit
805 4446 916 4516 boiaco,
972 4439 1103 4499 tuorum
1117 4437 1323 4509 animalium,
1339 4437 1372 4499 et
1386 4436 1461 4496 ideo
1483 4435 1636 4511 designat
1656 4435 1767 4496 conti-

123 4535 229 4597 eactra
243 4549 368 4610 corpus
379 4537 498 4611 peccat
518 4551 622 4598 suzim
635 4537 697 4598 cst.
714 4539 778 4605 Otii
802 4541 919 4602 atatem
973 4535 1120 4597 nentium
1134 4535 1257 4607 carnis,
1272 4535 1350 4612 quia
1378 4533 1660 4596 mortificatvitia.
1679 4535 1768 4594 Zona

123 4633 319 4708 fornicatur
333 4637 371 4695 in
387 4647 513 4708 corpus
527 4635 646 4709 peccat
659 4631 689 4715 (Ι
699 4636 772 4697 Cor.
789 4652 835 4709 vr,
853 4637 917 4717 18).
973 4649 1075 4696 aurea
1088 4633 1255 4709 significat
1270 4631 1464 4694 munditiam
1484 4630 1606 4693 cordis.
1626 4630 1711 4703 Quia
1723 4631 1772 4691 si·

125 4734 262 4810 Semper
287 4730 379 4792 illam
414 4731 607 4808 praecedunt
635 4732 735 4795 ardor
762 4734 796 4795 et
824 4735 920 4812 petu-
974 4732 1029 4793 cut
1040 4747 1157 4793 aurum
1173 4732 1223 4793 est
1232 4731 1366 4792 charius
1379 4730 1412 4791 et
1422 4728 1600 4807 pretiosius
1615 4727 1769 4790 omnibus

8 4878 12 4883 .
123 4828 240 4901 lautia,
257 4846 388 4908 semper
401 4829 602 4892 comitantur
616 4829 713 4893 ioetor
726 4832 760 4893 et
771 4832 919 4894 immun·
973 4829 1127 4902 metallis,
1144 4830 1190 4891 ita
1205 4828 1366 4890 munditia
1382 4827 1552 4890 cordisest
1567 4827 1770 4889 meliorem-

124 4925 216 4988 ditia.
231 4927 325 4989 Unde
336 4927 398 4989 Job
413 4950 420 4988 :
441 4928 560 4990 Virites
574 4930 649 5001 ejus
663 4931 831 4992 intumbis
845 4934 921 5004 ejus
974 4928 1187 4995 m'busbonis.

124 5024 159 5085 ei
170 5024 335 5098 fortitudo
349 5028 440 5086 illiers
459 5029 495 5086 iu
507 5028 664 5089 cenibilico
680 5028 815 5089 centris
833 5010 919 5103 ejus.
1015 5029 1080 5090 lste
1092 5028 1233 5090 Sanctus
1248 5028 1341 5103 cujus
1359 5022 1600 5087 solemnitatem
1615 5022 1769 5085 celebra·

124 5121 313 5198 Numquam
332 5120 466 5197 fugatur
482 5123 548 5183 nisi
563 5139 639 5185 cnm
666 5122 803 5201 sugitur,
820 5141 921 5187 num·
976 5142 1059 5197 mus,
1077 5125 1193 5188 habuit
1213 5125 1340 5186 lumbos
1359 5125 1555 5201 praecinctos
1569 5138 1652 5184 zona
1672 5122 1770 5200 pelli-

125 5232 224 5295 quam
249 5218 414 5280 mactatur
436 5219 501 5280 nisi
525 5236 600 5281 cum
623 5224 821 5288 maceratur.
843 5226 922 5286 Haec
976 5238 1046 5296 cea,
1060 5224 1093 5285 et
1107 5223 1275 5301 cingulum
1288 5222 1450 5284 castitatis
1462 5222 1501 5283 de
1516 5219 1652 5282 renibus
1664 5220 1769 5283 Heliae

127 5331 258 5378 omnem
281 5316 411 5378 aetatem
435 5318 626 5397 corrumpit,
653 5335 783 5383 omnem
805 5337 922 5384 sexum
977 5317 1772 5395 etlumbisJoannis.bumbospreecinctosbabuit

127 5413 310 5487 contundit,
341 5429 471 5478 ornnem
484 5415 633 5478 ordinem
652 5419 768 5493 solvit,
793 5436 922 5483 omnem
976 5419 1069 5492 Abel,
1087 5421 1143 5498 qui
1167 5419 1266 5481 etiam
1290 5434 1354 5478 non
1378 5416 1513 5494 reliquit
1533 5430 1646 5476 semen
1671 5430 1771 5492 super

126 5510 267 5589 madum
285 5512 464 5590 'pervertit
498 5514 629 5578 Invadit
651 5517 740 5579 enim
769 5534 865 5582 senes
891 5521 924 5581 et
976 5521 1112 5580 terram.
1129 5516 1329 5578 Praecinctos
1353 5513 1470 5575 babuit
1490 5513 1618 5574 lumbos
1634 5512 1770 5590 Jcsepb,

127 5625 273 5684 avenes,
301 5625 411 5672 mares
435 5614 469 5675 et
490 5610 660 5686 ioeminas,
687 5616 865 5693 prudentes
891 5617 924 5680 et
978 5616 1033 5693 qui
1048 5614 1264 5691 elegitpotius
1277 5611 1413 5690 pallium
1426 5611 1771 5688 relinquereinmnnu
