3794 6166
110 254 175 315 499

155 412 385 477 Venerabilis
399 410 502 474 irater
514 416 628 473 noster
639 413 834 474 oxomensis
847 412 933 490 epis·

114 530 227 592 copus
239 514 281 573 in
296 513 413 574 nostra
429 510 598 587 proposuit
611 512 789 587 prasentia
801 512 931 574 consti-

116 616 227 683 tutus,
256 612 347 690 quod
370 626 471 688 quum
495 610 595 672 clarae
622 611 790 672 memoriae
813 614 852 672 A.
871 626 932 672 rex

119 712 281 773 Castellae
295 709 373 778 sibi,
391 711 424 770 et
438 708 588 770 ecclesias
601 725 670 769 suae
685 709 799 769 sillam
815 725 934 785 quam-

120 810 293 885 damquae
316 807 440 868 dicitur
463 810 600 877 Onoma,
622 824 696 868 cum
722 807 932 883 pertinentiis

121 909 207 978 suis,
223 907 259 967 in
277 906 396 966 ultima
410 906 579 967 voluntate
594 906 748 980 legasset,
764 906 841 981 qnia
857 921 934 965 exe·

122 1012 261 1069 9119191
287 1004 480 1066 testamenti
503 1004 593 1080 regis
617 1004 764 1081 ejusdem
793 1004 932 1079 signatae

124 1104 191 1165 sibi
207 1102 412 1164 differebant
424 1102 587 1171 eamdem,
604 1102 674 1180 ipse
690 1104 805 1163 contra
818 1118 875 1163 eos
891 1102 932 1161 ad

125 1204 276 1283 priorem
292 1201 460 1274 Tutelani,
478 1202 511 1263 et
530 1201 721 1278 conjudices
741 1217 818 1261 suos
837 1199 931 1261 litte-

124 1318 185 1365 ras
200 1299 405 1379 apostolicas
427 1300 628 1376 impetravit,
649 1303 683 1361 et
705 1299 860 1376 quoniam
882 1298 933 1359 illi

126 1400 223 1463 citati
259 1398 483 1477 peremptorie
510 1397 550 1459 ab
582 1398 707 1459 eisdem
740 1412 933 1474 comparere

127 1513 243 1561 coram
260 1496 367 1575 priori
387 1497 499 1557 Sancti
517 1496 693 1566 Dominici,
714 1498 746 1557 et
761 1494 933 1572 conjudice

129 1612 194 1659 suo
209 1594 435 1669 subdelegntis
450 1594 491 1654 ab
507 1594 588 1670 ipsis
603 1592 818 1670 pertinaciter
832 1609 932 1653 recu-

129 1694 279 1755 sabant:
305 1692 406 1753 iidem
435 1691 639 1767 subdelegati
658 1691 699 1752 de
727 1690 878 1762 consiliu,
901 1691 934 1751 et

129 1790 290 1855 mandato
307 1789 539 1866 praedictorum
553 1790 789 1865 delegatorum,
806 1787 932 1849 eumin

130 1888 380 1969 possessionem
400 1887 489 1949 villae
509 1888 676 1964 praedictae
695 1902 798 1947 causa
821 1888 935 1947 custo-

130 1988 198 2055 dia:
214 1986 426 2047 induxerunt.
442 1984 505 2047 Sed
528 1987 662 2063 propter
678 1983 857 2062 potentiam
870 2000 933 2043 cu-

126 2084 262 2163 jusdam
275 2084 408 2154 liubilis,
422 2085 477 2161 qni
489 2100 561 2145 eam
577 2083 734 2153 detentat,
750 2098 816 2143 non
827 2082 933 2158 potuit

131 2184 290 2245 rotinere.
309 2183 468 2257 utigitur
486 2183 617 2257 justitia
633 2181 743 2242 vincat
758 2177 930 2249 malliiam,

131 2278 328 2341 discretioni
358 2280 479 2340 restrae
510 2294 569 2356 per
593 2276 783 2354 Apostolica
810 2275 932 2351 scripta

132 2377 342 2446 mainlamns,
367 2378 541 2454 qnatenus,
565 2376 594 2436 si
621 2376 672 2436 est
690 2375 748 2441 ita,
770 2373 835 2434 nisi
856 2388 932 2450 pars

132 2476 238 2537 altera
255 2474 342 2537 inira
360 2491 484 2536 annum
499 2474 648 2542 veniens,
673 2470 759 2549 quod
774 2472 852 2533 tunc
867 2486 931 2547 pa-

132 2572 219 2635 rebit
239 2572 392 2634 idoneam
423 2573 578 2649 prastata
599 2571 764 2640 cautione,
785 2585 829 2630 ex
853 2570 932 2631 tunc

133 2670 243 2749 ipsum
261 2686 341 2732 rere
363 2685 587 2748 possessorem
608 2667 787 2729 secundum
810 2668 932 2728 statuta

133 2768 302 2841 generalis
316 2767 455 2827 C‹›11cilii
467 2766 667 2841 judicantes,
681 2781 756 2824 eum
775 2764 810 2824 in
827 2763 931 2839 ipsam

133 2880 209 2925 cum
235 2864 443 2941 pertinentiis
459 2862 528 2921 suis
549 2861 767 2938 corporaliter
789 2860 931 2922 induca-

133 2962 188 3031 tis,
212 2962 245 3022 ot
263 2959 447 3021 ‹lelendatis
464 2958 653 3031 inductum,
672 2958 931 3020 contradictores

134 3074 393 3137 percensuram
417 3056 682 3135 licclesiuslicam
709 3056 932 3133 appellatione

136 3156 320 3235 postposita
347 3155 596 3234 compescendo.
619 3158 733 3216 Testes
760 3170 849 3226 sero,
875 3155 932 3231 qui

133 3252 269 3315 inierunt
282 3254 441 3315 nominati
455 3254 483 3314 si
498 3269 534 3313 se
547 3254 655 3329 gratia
669 3253 738 3324 Dei,
752 3253 802 3313 vel
813 3252 932 3313 timore

133 3351 370 3423 subtraxerint,
395 3369 454 3430 per
473 3368 648 3412 censuram
671 3350 831 3421 eamdem,
853 3366 930 3411 ces-

133 3452 227 3511 sante
241 3451 476 3527 appellatione,
493 3450 618 3523 erigatis
633 3450 765 3511 veritali
782 3449 933 3509 testimo-

133 3547 224 3609 nium
242 3549 428 3625 perbibere,
443 3565 508 3609 non
525 3547 675 3608 obstante
695 3547 931 3607 constitutione

133 3646 272 3707 Concilii
284 3647 462 3720 garamantis,
475 3662 539 3723 qna
556 3648 691 3706 caretur
701 3660 743 3705 ne
756 3644 830 3722 quis
844 3644 930 3704 ultra

133 3742 216 3805 duas
231 3744 347 3806 ‹liert-as
362 3747 457 3805 extra
473 3759 565 3804 snam
583 3742 751 3803 dioecesim
768 3758 827 3819 per
841 3742 932 3803 litte-

133 3856 189 3903 ras
203 3843 411 3920 npostolicas
427 3842 466 3902 ud
484 3841 648 3919 judicium
665 3841 752 3902 trahi
766 3840 881 3917 possit,
899 3842 930 3901 et

133 3940 161 3999 si
177 3956 242 4000 non
258 3956 371 4001 onrries
387 3940 439 4000 bis
453 3938 673 4014 exsequendis
691 3938 865 4015 potueritis
877 3938 932 3998 in-

133 4039 271 4108 teresse,
295 4040 329 4097 lu
354 4037 457 4097 srater
472 4037 637 4111 episcope,
658 4052 732 4096 cum
749 4052 863 4096 eorum
879 4036 932 4096 al-

133 4134 217 4204 teru,
233 4151 305 4209 quae
322 4132 526 4195 inchoamini
539 4133 744 4208 exsequaris.

174 4233 291 4291 linium
308 4231 479 4291 Ferentini
495 4232 610 4290 octavo
627 4231 700 4291 idus
721 4232 928 4308 septembris,

134 4328 344 4403 pointilicatus
360 4328 465 4390 nostri
481 4344 568 4389 anno
584 4330 739 4391 secundo.

457 4562 604 4649 XXVII

192 4735 244 4793 Ad
257 4732 411 4794 abbatem
427 4733 460 4793 et
476 4734 681 4795 cortorulum
696 4739 868 4797 Dotenses.

425 4857 534 4930 tlscpt.
557 4857 635 4913 latr.

168 4981 277 5045 [Regest.
290 4980 337 5031 lib.
354 4982 383 5039 ll,
398 4981 470 5045 epist.
486 4982 540 5031 1130.
552 4983 609 5031 llss.
623 4982 742 5031 LuPorte
753 4982 787 5032 du
798 4981 894 5045 Theti]

168 5107 224 5161 Eos
239 5105 337 5161 eximit
353 5105 387 5162 ab
399 5105 548 5163 interdicto
563 5106 692 5179 generali
702 5121 893 5180 quocumque.

173 5249 350 5321 llunorius,
382 5253 458 5319 etc„
489 5252 619 5313 dilectis
651 5252 729 5313 nliis
759 5251 871 5313 abbati
899 5255 931 5314 et

133 5346 309 5409 1111111111ιί
327 5348 521 5408 monasterii
532 5349 646 5410 Dolen.

176 5446 208 5509 ld
228 5460 287 5507 truc
304 5445 426 5522 potitur
445 5445 604 5524 improbe,
621 5463 681 5510 nec
697 5447 832 5526 indigne
850 5463 932 5510 con-

755 251 931 315 mosomi
952 254 996 315 111
1017 254 1165 317 orsiti.
1209 206 1213 211 Ι

985 412 1126 487 ceditur,
1142 426 1203 491 per
1216 410 1303 491 quod
1324 412 1375 477 sle
1388 416 1595 493 procuratur
1608 416 1712 481 diuini
1727 436 1777 484 no-

986 510 1086 572 minis
1107 510 1226 584 cultus,
1243 512 1276 574 et
1288 511 1458 589 proiectus
1480 514 1645 592 quaeritur
1664 518 1778 581 anima-

985 624 1071 679 rum,
1085 612 1120 671 ut
1130 625 1172 670 ex
1183 610 1246 671 boc
1259 609 1342 671 nulli
1355 612 1592 689 praejudicium
1603 619 1775 691 generetur.

987 708 1070 768 Hinc
1079 710 1129 769 est
1139 708 1224 785 qnod
1237 708 1355 770 restris
1367 710 1432 786 piis
1444 710 1603 787 precibus
1614 712 1777 789 benignum

986 806 1213 882 impertientes
1241 824 1435 881 assensum,
1468 810 1675 872 auctoritate
1697 812 1778 874 vobis

986 906 1200 981 praesentium
1216 906 1440 982 indulgemus,
1458 911 1495 968 ut
1514 923 1619 984 quum
1635 912 1780 985 generale

987 1005 1085 1063 terrae
1114 1002 1214 1066 fuerit
1240 1004 1470 1076 interdictum,
1500 1005 1605 1068 liceat
1635 1006 1780 1069 fratribus

988 1100 1180 1161 monasterii
1192 1102 1340 1163 restriin
1355 1102 1564 1179 prioratibus
1578 1102 1721 1165 subditis
1741 1105 1782 1165 ei·

987 1197 1060 1257 dem
1085 1199 1288 1260 monasterio
1303 1200 1577 1273 consistentibus,
1595 1200 1722 1263 clausis
1736 1206 1783 1279 ja-

988 1295 1783 1374 uuis,n0npulsatiscampanis,excommunicatis

987 1395 1019 1454 et
1028 1394 1222 1454 nominatim
1237 1394 1424 1456 interdictis
1434 1396 1599 1469 exclusis,
1612 1412 1784 1474 suppressa

987 1506 1068 1551 soce
1076 1490 1188 1552 divina
1201 1490 1499 1554 osticiacelebrare.
1509 1493 1606 1554 Nulli
1615 1510 1708 1571 ergo,
1716 1498 1785 1569 etc.;

988 1590 1110 1649 nostrae
1125 1588 1363 1664 concessionis,
1374 1592 1437 1653 etc.
1452 1592 1488 1653 Si
1499 1593 1578 1669 quis
1592 1595 1717 1664 autem,
1729 1594 1782 1653 etc.

988 1688 1107 1747 Datum
1124 1687 1240 1761 alatri,
1257 1688 1372 1767 quinto
1389 1689 1464 1751 idus
1476 1690 1692 1768 septembris,
1706 1706 1784 1752 auno

988 1785 1143 1846 secundo.

1302 1944 1472 2032 XXVIII

1071 2115 1125 2175 Act
1138 2115 1293 2175 abbatem
1314 2116 1522 2177 nturiasterti
1538 2121 1710 2179 Detonsis.

1282 2246 1300 2303 u
1319 2255 1392 2321 sept.
1411 2247 1490 2306 1217.

1018 2370 1139 2434 [Regest.,
1151 2370 1196 2420 lib.
1209 2371 1241 2431 ll,
1251 2371 1325 2436 epist.
1336 2371 1394 2422 eat.
1407 2374 1465 2423 llss.
1477 2374 1515 2423 La
1529 2374 1607 2423 Portu
1617 2374 1653 2424 du
1667 2374 1757 2435 ’1119111

988 2488 1162 2546 Facultatum
1176 2488 1308 2546 concedit
1319 2504 1388 2547 suos
1400 2489 1562 2547 monachos
1577 2488 1784 2547 ubsolt'endiub

1083 2578 1382 2637 excommunicatione
1397 2579 1427 2637 S.
1443 2578 1511 2636 Sedi
1525 2588 1686 2637 reservata.

1027 2705 1205 2776 Honorius,
1232 2707 1308 2778 etc.,
1338 2704 1459 2767 dilecto
1480 2705 1551 2767 tilio
1576 2705 1691 2768 abbati
1718 2722 1783 2767 mo-

987 2801 1251 2864 nasleriiDolen.

1027 2903 1133 2972 Quum
1145 2900 1314 2976 contingat
1329 2900 1497 2962 interdum
1512 2903 1549 2964 ut
1563 2902 1718 2963 monachi
1737 2902 1778 2962 tui

986 2999 1172 3061 incidentes
1193 2999 1228 3059 in
1254 3014 1415 3061 canonem
1439 3000 1615 3061 sententiae
1638 2999 1778 3077 promul·

986 3099 1071 3173 gatae
1106 3112 1166 3174 pro
1201 3096 1420 3159 absolutionis
1450 3096 1614 3159 beneficio
1653 3114 1674 3159 a
1704 3096 1777 3159 Sede

986 3196 1175 3272 apostonca
1191 3193 1370 3257 obtinendo
1385 3196 1421 3257 in
1443 3211 1581 3256 suarum
1605 3198 1777 3271 evagentur

986 3293 1169 3369 periculum
1192 3293 1391 3366 animarum,
1417 3293 1450 3354 et
1469 3293 1603 3353 onerosi
1631 3294 1777 3354 111111119-

987 3391 1133 3452 nasterio
1160 3391 1283 3452 eisdem
1308 3394 1458 3468 sumptus
1486 3391 1562 3463 riae,
1590 3408 1689 3469 quum
1719 3407 1775 3450 non

987 3488 1131 3550 babeant
1146 3490 1292 3566 propria,
1314 3490 1529 3561 ministranti,
1548 3507 1609 3551 nos
1625 3493 1775 3551 eteorum

986 3587 1097 3658 saluti,
1120 3589 1153 3648 et
1175 3586 1311 3647 utilitati
1335 3586 1483 3663 ejusdem
1508 3588 1702 3648 monasterii
1724 3602 1776 3662 pa-

987 3688 1080 3746 terna
1096 3684 1244 3745 uolentes
1260 3684 1483 3745 sollicitudine
1496 3685 1685 3761 providere,
1700 3700 1777 3761 pra·

986 3783 1129 3843 sentium
1145 3780 1203 3843 tibi
1216 3782 1414 3844 auctoritate
1429 3783 1656 3851 concedimus,
1675 3786 1709 3844 ut
1723 3783 1775 3851 eis,

986 3882 1158 3958 postquam
1174 3881 1281 3956 passis
1293 3880 1449 3957 injuriam
1461 3878 1687 3943 satisfecerint
1697 3897 1779 3942 corn·

986 3979 1146 4056 petenter‚
1159 3977 1256 4054 juxta
1276 3978 1416 4039 sormam
1432 3978 1589 4039 Ecclesiae
1610 3978 1776 4055 impendas

986 4075 1205 4137 absolutionis
1231 4073 1428 4136 beneficium
1456 4075 1530 4136 vice
1561 4079 1689 4147 nostra,
1720 4074 1779 4134 nisi

986 4175 1099 4235 forsan
1132 4174 1319 4250 aliquorum
1357 4189 1516 4234 excessus
1551 4173 1637 4234 adeo
1673 4173 1778 4249 gratis

986 4272 1156 4342 existeret,
1184 4272 1217 4331 et
1245 4271 1401 4342 enormis,
1427 4270 1513 4347 quod
1536 4271 1655 4331 merito
1677 4272 1780 4332 essent

986 4370 1024 4430 ud
1044 4370 1162 4430 Sedena
1174 4369 1396 4446 Apostolicam
1411 4368 1612 4439 destinandi,
1631 4372 1742 4446 utpote
1754 4367 1779 4427 si

985 4470 1073 4528 esset
1087 4468 1126 4528 ad
1144 4466 1368 4528 membrorum
1387 4466 1630 4527 mutilationem
1646 4483 1780 4544 proces·

986 4582 1070 4636 sum,
1092 4581 1151 4625 seu
1172 4582 1289 4627 manus
1311 4566 1434 4642 injecta
1458 4565 1493 4624 in
1520 4565 1715 4642 episcopum
1734 4564 1782 4625 rel

986 4662 1148 4734 abbatem,
1164 4663 1320 4739 praesenti
1335 4663 1456 4740 pagina
1472 4678 1685 4739 nequaquam
1701 4664 1783 4725 ultra

986 4762 1166 4822 triennium
1183 4762 1337 4822 valitura.
1355 4761 1573 4821 concedimus
1588 4763 1693 4822 etiam
1711 4762 1784 4823 uisi

985 4875 1100 4920 eorum
1115 4861 1218 4937 aliqui
1236 4859 1512 4920 excommunicati
1527 4859 1672 4921 forsitan
1694 4862 1784 4922 cele-

985 4958 1124 5030 brarint,
1143 4975 1215 5017 cum
1231 4958 1313 5033 ipsis
1330 4960 1442 5018 nostra
1458 4958 1562 5018 fultus
1585 4960 1785 5020 auctoritate

986 5056 1171 5132 dispenses,
1188 5056 1337 5132 injuncta
1361 5056 1410 5116 eis
1432 5056 1627 5133 poenitentia
1648 5072 1785 5133 cunipe-

985 5154 1077 5215 tenti.
1104 5153 1195 5212 Nulli
1220 5170 1316 5229 erge,
1343 5156 1417 5226 etc„
1445 5156 1569 5215 nostrai
1594 5156 1787 5216 concessio-

986 5252 1048 5323 nis,
1066 5253 1127 5312 etc.
1147 5251 1182 5311 Si
1200 5253 1275 5328 quis
1293 5254 1415 5322 autem,
1433 5252 1495 5312 etc.

1026 5351 1142 5410 Datum
1176 5351 1297 5422 Alatri,
1326 5351 1440 5428 quinto
1470 5349 1545 5411 idus
1572 5350 1784 5426 septembris,

986 5464 1071 5509 annio
1083 5448 1239 5509 secundo.
