3802 6166
115 330 185 392 :aa
588 296 765 386 nouom:
787 322 833 382 111
854 322 1003 383 cenna.
1018 350 1060 368 -
1073 322 1308 385 saumones.
1716 325 1777 417 rus

126 485 298 549 Venerunt
329 480 461 562 quidem
496 481 651 556 flumina,
687 482 720 544 et
759 478 924 545 flaverunt
977 480 1164 545 aeternitate
1184 481 1219 541 iu
1243 496 1308 559 qua
1330 496 1397 541 uon
1414 480 1466 542 est
1488 480 1694 557 praeteritum
1713 498 1775 545 uec

125 583 232 657 venti,
268 583 301 644 et
327 596 395 642 uou
423 580 602 657 potuerunt
629 578 764 641 diruere
789 576 922 639 domum
977 579 1134 650 futurum,
1170 578 1228 640 sed
1258 578 1366 639 solum
1395 593 1554 656 praeseus.
1586 578 1775 641 AEteruitas

126 682 218 743 illam
230 704 238 755 ;
250 678 386 740 fundata
406 677 494 738 euim
515 678 587 739 erat
602 693 704 753 supra
719 676 848 737 firmam
863 692 924 753 pe-
976 676 1064 737 enim
1078 676 1126 737 sic
1141 674 1362 737 describitur:
1379 674 1595 737 ‹AEterniius
1609 679 1661 738 est
1674 676 1777 739 inter·

125 781 221 841 tram.
240 779 318 839 llaec
337 775 387 836 est
405 776 494 836 enim
513 774 679 846 arcturus,
707 774 763 850 qui
779 772 923 835 volvitur
977 772 1145 834 minabilis
1166 762 1244 834 vitae
1267 773 1519 850 comprehensio
1539 774 1607 834 tota
1628 772 1775 834 simul.»

124 878 159 937 θῖ
179 889 358 951 numquam
382 873 554 948 mergitur,
578 874 671 949 tyrus
693 887 767 948 quae
793 886 922 947 semper
975 871 1081 932 Hodie
1095 887 1157 945 ego
1172 871 1272 946 genui
1287 872 1330 943 te,
1347 871 1442 942 idest,
1458 870 1674 940 aeternaliter,
1688 871 1776 933 sicut

123 972 273 1034 tunditur
291 972 324 1032 et
347 986 525 1047 numquam
546 967 721 1044 frangitur,
748 983 827 1029 arca
851 968 922 1029 Noe
976 968 1056 1030 alibi
1084 968 1234 1030 dicitur:
1264 970 1353 1031 Ante
1378 971 1561 1043 luciferam
1589 971 1695 1045 penali
1729 968 1772 1040 tc,

123 1084 196 1147 quae
220 1068 349 1142 magnis
364 1056 496 1144 quidem
509 1065 840 1134 elevaturfluctlbus,
864 1064 922 1125 sed
976 1065 1071 1137 idest,
1101 1067 1178 1126 aute
1207 1067 1336 1142 tempus
1362 1065 1415 1125 vel
1441 1064 1572 1127 initium
1601 1065 1773 1142 temporis.

121 1181 189 1227 uon
209 1165 414 1240 infringitur,
440 1164 595 1227 navicula
618 1164 709 1226 Petri
727 1179 801 1240 quac
821 1161 921 1223 undis
976 1163 1108 1225 Lucifer
1132 1163 1222 1225 euim
1251 1162 1347 1223 stella
1381 1166 1431 1224 est
1461 1177 1535 1238 quae
1566 1164 1707 1239 apparet
1739 1162 1775 1223 iu

120 1263 267 1341 quatitur
290 1262 348 1324 sed
370 1279 437 1324 nou
458 1261 655 1333 infunditur,
684 1261 755 1324 rete
778 1260 920 1337 piscau·
976 1260 1139 1339 principio
1164 1261 1242 1322 diei.
1267 1260 1374 1321 Genui
1393 1261 1425 1321 te
1447 1259 1610 1337 aequalem
1633 1261 1667 1322 et
1688 1274 1773 1322 cou-

119 1361 203 1423 tium
218 1360 467 1439 discipulorum,
484 1359 569 1437 quod
585 1359 625 1422 de
640 1359 771 1437 magnis
787 1358 921 1436 quidem
977 1357 1226 1421 substantialem
1240 1358 1334 1430 milri,
1346 1357 1537 1434 quiatotam
1550 1356 1774 1421 substantiam

123 1458 272 1536 repletur
285 1457 444 1535 piscibus,
471 1457 528 1519 sed
551 1473 729 1534 numquam
744 1455 920 1533 rumpitur,
977 1456 1085 1517 Patris
1107 1454 1207 1517 babet
1226 1455 1343 1526 Filius,
1369 1456 1402 1516 et
1425 1453 1500 1516 ideo
1523 1455 1600 1517 sunt
1626 1453 1775 1531 eJusdem

122 1555 236 1618 tunica
250 1556 382 1616 Domini
399 1554 610 1617 inconsutilis
623 1571 696 1632 quae
713 1555 836 1617 sortem
848 1553 924 1630 qui·
976 1553 1147 1631 potestatis
1159 1553 1193 1615 et
1206 1552 1419 1630 aequalitatis.
1431 1552 1493 1614 Vel
1507 1568 1514 1608 :
1531 1554 1579 1611 Tu
1592 1567 1629 1614 es
1639 1554 1772 1623 Petrus,

124 1651 197 1713 dem
213 1652 248 1712 in
263 1669 299 1713 se
320 1653 450 1729 recipit,
466 1653 524 1715 sed
545 1667 725 1729 numquam
745 1651 919 1713 scinditur.
977 1653 1009 1713 et
1027 1667 1127 1729 super
1145 1650 1232 1713 hanc
1252 1650 1378 1727 petram
1402 1648 1498 1719 idest,
1522 1664 1623 1726 super
1646 1664 1699 1709 me
1717 1648 1775 1727 qui

164 1749 225 1810 Vel
238 1771 245 1809 :
260 1754 309 1811 fta
323 1766 360 1811 es
373 1752 504 1812 Petrus
518 1750 551 1813 et
565 1764 672 1824 super
684 1753 772 1811 lianc
782 1751 923 1825 petram
977 1765 1047 1809 sum
1063 1748 1177 1809 firmus
1191 1749 1224 1811 et
1238 1747 1366 1810 stabilis
1382 1747 1467 1808 sicut
1477 1748 1583 1823 petra,
1601 1743 1774 1807 aedificabo

124 1847 298 1918 aedificabo
322 1851 511 1909 Ecclesiam
542 1862 666 1920 ineam,
698 1846 793 1920 idest,
822 1862 923 1923 super
975 1846 1157 1907 Ecclesiam
1172 1862 1290 1907 meam.
1416 1902 1421 1911 .

124 1942 222 2005 istam
237 1943 314 2006 fidei
334 1945 525 2007 firmitatem
540 1961 605 2022 qua
620 1943 792 2007 confessus
814 1960 850 2005 es
869 1959 922 2004 me
1016 1945 1115 2005 Item:
1131 1947 1233 2005 Nunc
1246 1946 1316 2005 scio
1340 1956 1421 2004 ccrc
1436 1944 1517 2016 piria
1536 1941 1633 2001 arrisit
1653 1943 1776 2002 11011ιὶ-

125 2057 199 2103 θεεθ
214 2041 335 2102 Filium
358 2043 418 2104 Dei
432 2043 521 2118 θεὴ
544 2043 621 2121 quia
640 2058 719 2103 caro
735 2044 768 2104 et
784 2041 921 2117 sanguis
976 2057 1041 2103 :rica
1053 2046 1212 2117 cuparum
1222 2056 1335 2101 siriam.
1349 2040 1412 2100 Ubi
1428 2038 1608 2100 notandum
1620 2039 1671 2099 est
1686 2037 1774 2114 quod

124 2154 192 2200 non
204 2139 365 2202 revelant
379 2140 448 2210 tibi,
464 2141 561 2213 idest,
586 2140 737 2201 homines
757 2155 800 2201 en
820 2155 921 2200 carne
976 2141 1093 2200 Petrus
1109 2140 1288 2215 autequam
1304 2138 1494 2214 perveniret
1509 2136 1551 2197 ad
1562 2136 1691 2213 portam
1706 2135 1777 2197 fer-

124 2236 158 2298 et
172 2237 334 2312 sanguiue
350 2237 418 2299 nati
432 2254 499 2299 non
519 2238 755 2301 revelaverunt
772 2235 844 2309 tibi,
862 2236 920 2297 sed
975 2254 1077 2310 ream,
1095 2237 1265 2299 nesciebat
1279 2237 1361 2298 illud
1382 2252 1498 2297 rerum
1514 2250 1588 2295 esse
1607 2235 1693 2312 quod
1709 2234 1774 2295 fle-

124 2335 212 2395 Deus
232 2336 333 2396 Pater
352 2335 408 2413 qui
426 2335 476 2397 θεῖ
496 2336 532 2397 in
552 2336 656 2398 coelis.
679 2337 774 2397 Hanc
795 2336 919 2397 tantam
975 2336 1031 2397 bat
1045 2351 1104 2413 per
1125 2336 1291 2410 angelum.
1315 2336 1493 2410 Postquam
1515 2348 1595 2394 vero
1617 2332 1776 2394 transivit

124 2430 223 2492 fldem
243 2432 334 2493 nulla
350 2449 467 2508 passus
489 2435 540 2495 est
558 2434 718 2495 Dominus
737 2432 920 2495 tentatione
975 2435 1116 2511 primam
1142 2435 1174 2495 et
1188 2433 1367 2495 secundam
1383 2429 1568 2492 custodiam
1591 2432 1624 2492 et
1644 2432 1775 2507 portam

126 2527 279 2589 deficere.
307 2529 399 2591 Unde
423 2546 498 2591 cum
521 2531 557 2592 iu
585 2529 749 2607 passionis
777 2529 920 2591 articulo
974 2532 1130 2603 ferream,
1147 2531 1339 2592 recordatus
1357 2530 1407 2590 est
1426 2528 1560 2589 dicens:
1580 2531 1682 2591 ll'unc
1703 2532 1775 2591 scio

124 2623 293 2687 dixisset:
318 2628 447 2699 Sirion,
475 2642 550 2689 cccc
578 2628 728 2688 Solorius
753 2627 921 2701 repetivit
975 2644 1057 2690 ocrc
1081 2631 1163 2703 quic
1181 2628 1276 2688 irrisit
1291 2631 1459 2689 Dorrriuus
1478 2631 1638 2702 carpetam
1656 2642 1773 2687 stercen.

124 2736 187 2783 vos
198 2722 236 2783 ut
254 2724 427 2785 cribraret
440 2724 530 2787 sicud
546 2725 712 2795 triticum,
730 2724 842 2784 statim
861 2723 922 2785 ad·
975 2726 1088 2795 Prima
1101 2725 1190 2786 enim
1205 2724 1355 2786 custodia
1368 2725 1418 2785 est
1428 2723 1632 2785 consuetudo
1647 2723 1773 2795 carnis,

118 2819 223 2896 jecit:
240 2822 307 2881 Sed
320 2834 456 2895 cpopro
468 2821 645 2897 teropavi,
662 2820 780 2892 Petro,
797 2821 835 2882 nt
852 2837 921 2883 :rou
975 2823 1121 2885 secunda
1146 2824 1289 2899 impetus
1312 2821 1517 2892 tentationis,
1543 2822 1638 2898 porta
1663 2819 1775 2882 ferrea

124 2916 262 2988 deficiat
277 2919 362 2991 {ides
378 2918 448 2990 tric,
471 2918 504 2978 ci
524 2918 563 2978 tu
581 2920 763 2991 minitando
777 2932 922 2979 correer·
974 2921 1025 2983 est
1044 2921 1171 2998 species
1196 2920 1402 2983 eternitatis.
1428 2917 1636 2980 Consuetudo
1658 2919 1773 2978 carnis

124 3029 186 3077 sus
204 3016 371 3087 corelliano
388 3016 521 3089 tratres
538 3015 614 3076 tuos
634 3013 728 3093 (Luc.
749 3030 833 3087 xxrr,
853 3013 918 3093 32).
975 3019 1066 3095 ligat,
1084 3018 1226 3096 impetus
1245 3017 1439 3079 tentationis
1458 3015 1625 3092 deprimit,
1641 3015 1774 3091 species

125 3110 307 3173 abscondit
318 3113 406 3173 euim
421 3113 509 3173 Deus
526 3111 597 3174 haec
612 3129 632 3173 a
647 3111 865 3189 sapientibus,
889 3114 921 3174 et
974 3116 1124 3178 veritatis
1153 3116 1304 3177 suffocat.
1333 3112 1474 3175 Difficile
1498 3114 1550 3174 est
1571 3112 1659 3173 enim
1690 3128 1776 3173 cou-

125 3208 291 3270 revelavit
315 3225 354 3270 ea
380 3209 548 3286 parvulis,
571 3210 680 3287 qualis
713 3210 763 3271 θεῖ
789 3210 918 3281 Petrus,
975 3215 1070 3275 sueta
1090 3214 1289 3290 relinquere.
1306 3216 1395 3273 bura
1418 3211 1574 3273 ostentm
1596 3209 1774 3270 translatio

124 3320 191 3366 uon
206 3306 368 3383 superbus
384 3308 441 3369 sed
457 3307 603 3368 humilis.
621 3307 714 3369 Unde
731 3305 815 3367 bene
832 3306 920 3368 ‹lici-
974 3327 994 3373 a
1009 3310 1305 3373 comessationibus
1318 3309 1358 3369 ad
1370 3309 1512 3386 jejunia,
1524 3323 1544 3369 a
1557 3305 1715 3368 carnibus
1731 3305 1775 3367 ad

124 3403 179 3464 tur
214 3404 339 3475 Simon,
363 3406 449 3482 quod
478 3405 715 3483 interpretatur
748 3401 918 3467 obediens.
974 3409 1151 3483 legumina,
1180 3424 1200 3469 a
1225 3407 1342 3468 sericis
1369 3406 1410 3467 ad
1438 3405 1559 3476 cilicia,
1587 3406 1707 3476 immo,
1737 3406 1775 3466 ut

123 3501 189 3561 Bar
203 3503 299 3574 Joua,
316 3502 402 3564 idest
424 3502 512 3563 filius
531 3504 682 3573 Joanuis,
705 3505 792 3581 quod
814 3505 921 3565 inter·
974 3505 1106 3567 brevius
1126 3506 1255 3583 loquar,
1272 3521 1292 3566 a
1307 3504 1441 3583 propria
1461 3502 1632 3565 uoluntate
1646 3502 1689 3562 ad
1707 3505 1771 3580 ju-

123 3600 273 3674 pretatur
287 3600 396 3676 gratia
418 3601 488 3672 Dei,
504 3601 582 3678 quia
596 3602 703 3664 virtus
723 3601 919 3664 obedieutiae
974 3618 1052 3677 gum
1072 3602 1279 3664 obedientiae.
1301 3605 1385 3663 Ecce
1407 3602 1530 3678 quanta
1550 3601 1601 3660 est
1624 3615 1773 3661 consue-

123 3694 163 3756 de
187 3697 295 3770 gratie
319 3697 432 3759 divina
453 3698 611 3774 procedit.
636 3699 719 3769 Quia
745 3700 832 3760 sicut
852 3715 919 3759 nou
974 3699 1053 3760 tudo
1066 3701 1189 3761 carnis.
1208 3700 1271 3761 Sed
1291 3701 1378 3761 banc
1398 3696 1554 3761 transivit
1577 3699 1697 3758 Petrus
1712 3712 1774 3775 per

124 3792 317 3869 potestesse
333 3794 421 3855 illius
431 3794 576 3855 hominis
590 3795 656 3855 nisi
667 3796 776 3867 bomo,
790 3796 839 3857 ita
853 3812 919 3856 non
974 3796 1207 3869 obedientiam,
1224 3798 1340 3858 nolens
1351 3798 1454 3857 Deum
1468 3795 1668 3872 relinquere,
1685 3795 1718 3855 et
1731 3794 1774 3855 ad

125 3890 320 3966 potestesse
335 3890 424 3951 filius
439 3892 499 3952 Dei
515 3891 581 3951 uisi
596 3894 694 3952 Deus.
975 3892 1110 3970 propria
1134 3893 1254 3954 redire.
1283 3893 1345 3953 Sed
1366 3894 1470 3954 restat
1493 3891 1650 3961 secunda,
1675 3890 1772 3963 idest,

168 3986 261 4047 Unde
288 3989 388 4048 Pater
424 3988 532 4065 inquit
566 3989 607 4048 ad
636 3989 757 4050 Filium
780 4011 788 4050 :
810 3993 921 4052 Filius
974 3991 1115 4066 impetus
1129 3990 1333 4052 tentationis.
1350 3989 1474 4051 videus
1489 3990 1598 4049 autem
1613 3988 1688 4067 quis
1703 3987 1775 4047 fra-

124 4099 233 4157 ericus,
249 4099 286 4145 es
301 4086 350 4157 tn,
373 4100 433 4162 epo
446 4090 545 4148 bodie
558 4091 662 4164 portari
683 4087 715 4148 tc
731 4085 800 4165 (Ρε.
821 4089 851 4159 2,
872 4085 918 4168 7).
974 4088 1057 4150 trem
1082 4103 1179 4148 suum
1213 4102 1346 4148 carnem
1372 4103 1465 4148 suam
1489 4086 1629 4164 jejuniis
1663 4100 1774 4146 mace·

126 4180 231 4242 Filius
247 4197 339 4243 meus
355 4198 390 4243 es
409 4183 444 4243 tu
459 4183 750 4246 consubstantialis
763 4200 823 4262 per
835 4188 863 4263 ej
870 4201 921 4246 us·
974 4188 1113 4255 rentem,
1131 4185 1265 4247 assidue
1282 4200 1394 4246 coram
1410 4187 1477 4245 Deo
1493 4184 1691 4260 plorantem,
1708 4183 1773 4243 bu·

125 4278 200 4338 dem
212 4280 340 4341 uaturae
350 4281 649 4357 [torticipaticnem
665 4286 848 4347 coaeternus
861 4299 921 4361 per
974 4284 1097 4345 militer
1114 4284 1312 4364 loquentem,
1330 4283 1363 4344 et
1377 4282 1417 4345 de
1432 4279 1622 4342 caelestibus
1635 4296 1774 4358 ¹semper

124 4375 290 4436 infinitam
316 4377 578 4451 diuturnitatem,
608 4380 678 4441 sive
699 4381 918 4450 mansionem,
974 4383 1181 4453 tractantem,
1195 4382 1242 4444 sic
1255 4382 1321 4444 ait:
1336 4380 1420 4452 Quid
1433 4379 1586 4456 expectat
1596 4377 1695 4439 homo
1709 4377 1774 4438 iste

124 4474 304 4551 coaequalis
320 4491 379 4552 per
395 4476 544 4537 eamdem
558 4478 762 4552 potestatem.
780 4480 920 4556 Propter
974 4479 1040 4539 nisi
1061 4481 1201 4541 irrortem
1226 4479 1355 4555 praelati
1380 4478 1455 4541 suit
1474 4479 1569 4539 Certe
1592 4476 1655 4537 lroc
1678 4475 1769 4547 facit,

124 4572 267 4647 primum
277 4572 419 4634 dicitur:
433 4576 506 4651 Epo
515 4575 550 4636 ct
563 4575 672 4636 Pater
681 4591 789 4636 unrrm
799 4592 920 4638 sicinus
974 4577 1050 4654 quia
1064 4577 1135 4639 vult
1147 4578 1222 4653 post
1235 4592 1310 4637 euru
1321 4593 1395 4637 esso
1405 4574 1655 4653 praelatusl'el,
1668 4573 1699 4633 si
1710 4573 1773 4635 lroc

125 4666 234 4747 (Joan.
251 4687 284 4743 x,
298 4668 365 4750 30),
379 4671 476 4743 idest,
493 4671 642 4734 eamdem
658 4672 811 4734 naturam
836 4688 919 4749 par-
974 4691 1040 4735 non
1051 4674 1141 4744 facit,
1153 4673 1269 4734 saltem
1286 4673 1412 4734 inridet
1426 4676 1459 4733 et
1472 4672 1616 4733 detrabit
1634 4672 1677 4731 ei.
1693 4674 1774 4732 Haec

123 4766 310 4843 ticipamus,
325 4769 412 4831 sicut
426 4770 476 4831 sol
491 4771 523 4831 et
536 4769 649 4830 radius
662 4769 718 4847 qui
733 4769 802 4830 exit
817 4786 836 4830 a
850 4769 920 4831 sole
973 4774 1024 4832 est
1051 4772 1196 4849 pessima
1221 4770 1381 4831 custodia.
1406 4772 1512 4839 Certe,
1536 4770 1564 4829 si
1579 4785 1646 4829 non
1664 4768 1770 4829 fueris

123 4867 201 4925 sunt
226 4867 372 4941 ejusdem
402 4869 542 4930 naturae.
575 4869 715 4944 Propter
737 4868 919 4929 secundum
973 4872 1039 4929 Bar
1052 4872 1148 4939 lona,
1165 4867 1251 4929 idest
1265 4867 1354 4927 nllus
1369 4868 1567 4928 humilitatis
1581 4866 1631 4926 vel
1643 4866 1769 4943 simpli·

123 4960 244 5023 dicitur
256 4984 263 5021 :
273 4967 345 5037 Ipsi
357 4966 579 5039 peribuntne
590 4968 706 5028 autern
718 4980 917 5041 porrocirca,
974 4967 1169 5037 citatis,n0n
1179 4966 1303 5042 poteris
1315 4965 1459 5025 transire
1473 4965 1559 5025 banc
1570 4963 1767 5027 custodiam.

122 5058 157 5119 et
174 5058 245 5119 ibi:
268 5063 359 5121 idem
380 5065 451 5135 ipsc
467 5079 504 5124 es
522 5064 557 5125 ct
576 5066 661 5125 crini
681 5064 731 5125 tui
747 5078 815 5124 non
833 5064 920 5135 dcti-
1013 5065 1098 5124 Nota
1121 5062 1207 5140 quod
1222 5078 1416 5139 responsum
1439 5062 1489 5121 est
1513 5060 1658 5123 Antonio
1676 5077 1771 5137 quae-

122 5155 214 5216 cient
229 5156 297 5223 (Ps.
314 5159 382 5230 101,
399 5161 449 5231 27,
463 5161 525 5232 28).
541 5164 680 5236 Propter
691 5161 826 5222 tertium
838 5160 920 5220 dicit
973 5161 1060 5221 renti
1075 5177 1095 5221 a
1112 5164 1192 5228 Deo,
1210 5161 1245 5221 ut
1266 5160 1329 5220 sibi
1348 5175 1462 5220 omnes
1477 5158 1678 5221 tentationes
1698 5158 1774 5221 dia-

124 5253 229 5313 Filius
251 5270 258 5310 :
284 5256 403 5316 Omnis
420 5257 575 5331 potestas
604 5261 689 5319 rriilri
714 5260 796 5319 dota
820 5258 872 5318 cst
897 5272 920 5319 o
973 5259 1041 5320 boli
1059 5258 1257 5328 ostenderet,
1275 5259 1307 5318 et
1321 5257 1521 5317 miraculose
1538 5258 1680 5317 ostensae
1695 5256 1774 5319 sunt

123 5352 233 5413 Patra
252 5367 327 5415 :rico
350 5352 480 5430 (marin.
503 5369 622 5425 xxvnr,
649 5354 712 5434 18).
737 5355 917 5431 Sequitur:
975 5358 1017 5425 el,
1043 5359 1077 5417 et
1102 5356 1271 5417 admirans
1295 5355 1364 5415 ait:
1397 5357 1496 5425 Deus,
1522 5353 1597 5430 quis
1626 5370 1774 5431 uuquam

123 5452 196 5523 Epo
210 5452 308 5511 bodie
321 5454 427 5527 percat
442 5452 485 5511 te.
501 5454 568 5527 Ego
581 5453 681 5513 Pater
694 5454 795 5528 genui
810 5455 843 5514 te
863 5454 921 5514 Fi·
975 5455 1096 5531 poterit
1118 5454 1190 5515 lraec
1203 5452 1369 5514 transiret
1385 5453 1424 5513 m
1438 5451 1567 5513 audivit
1584 5467 1699 5513 vocem
1714 5451 1774 5511 bu·

123 5546 217 5619 lium,
243 5546 357 5620 bodie,
379 5547 476 5621 idest,
492 5548 533 5609 ab
557 5551 694 5610 aeterno.
716 5551 822 5614 Hodie
841 5554 920 5613 nota
974 5552 1137 5613 militatis.
1156 5552 1207 5611 Sis
1223 5566 1302 5627 ergo
1317 5549 1454 5611 bumilis
1476 5550 1510 5612 et
1524 5549 1683 5612 transibis
1703 5549 1771 5611 irn-

124 5645 174 5707 est
189 5644 363 5723 praesentis
380 5644 559 5725 temporis;
573 5646 607 5711 et
619 5646 695 5710 ideo
710 5647 845 5727 ponitur
859 5663 920 5726 pro
974 5651 1084 5730 petum
1099 5649 1330 5713 tentationum.
