3794 6166
114 291 175 351 755

116 447 605 519 excommunicationisvinculo
614 444 908 522 innodatos,quum

116 548 240 607 nullam
260 546 368 606 adhuc
386 547 421 606 in
445 546 535 621 ipsos
556 542 909 605 excommunicationis

117 645 314 705 sententiam
330 643 530 719 protulisset,
543 658 582 704 ac
596 642 759 703 violenter
773 656 908 701 eorum-

117 742 191 802 dem
207 741 379 817 usurpavit
393 741 578 817 pecuniam,
601 756 699 817 quam
714 739 778 816 ipsi
792 738 907 814 dispo·

118 840 252 899 suerent
270 839 305 899 in
324 841 435 899 Terrae
456 838 584 899 Sanctae
602 835 785 896 subsidium
802 834 908 895 desti-

117 953 212 997 nare.

158 1036 324 1096 Praeterea
335 1051 434 1112 quum
448 1033 616 1094 minentur
630 1032 771 1093 aeditlcia
786 1031 907 1093 eccles.

118 1149 186 1193 snae
207 1133 349 1204 ruinam,
367 1133 438 1209 ipse
453 1132 516 1192 hoc
535 1131 665 1208 penitus
684 1145 750 1191 non
768 1129 910 1191 advertit

116 1231 148 1290 et
162 1229 513 1290 excommunicationis
531 1228 730 1290 sententiam
745 1227 908 1298 fulminat,

117 1327 298 1388 monitione
314 1328 431 1389 contra
446 1328 567 1388 statuta
586 1325 754 1400 generalis
771 1324 910 1385 concilii

115 1439 181 1484 non
194 1424 366 1499 praemissa
380 1423 607 1486 ecclesiastica
619 1422 781 1485 beneficia
804 1437 912 1500 symo-

118 1521 215 1582 niace
227 1520 366 1589 confert,
387 1521 620 1599 praetermissis
637 1520 778 1592 idoneis,
799 1519 910 1580 minus

116 1617 237 1693 dignis,
262 1634 302 1680 ac
323 1618 413 1690 illos,
436 1619 493 1695 qui
516 1619 551 1679 in
572 1634 734 1680 canonem
759 1617 913 1678 incidunt

117 1715 288 1776 sententie
299 1715 911 1791 promulgate,absoluereauctoritate

118 1812 252 1889 propria
272 1827 339 1872 non
352 1813 498 1873 veretur.
521 1815 602 1874 Cum
623 1814 735 1874 autern
749 1828 792 1873 ex
813 1810 912 1873 biset

117 1907 192 1969 aliis
215 1908 418 1981 enormibus,
443 1925 518 1986 quae
540 1910 716 1970 committit
736 1910 912 1986 episcopus

116 2005 336 2081 supradictus,
349 2009 381 2068 et
392 2005 788 2083 pontificatisdenigretnr
796 2006 913 2067 hones·

116 2104 168 2163 tas
191 2104 282 2164 etin
306 2102 426 2180 populo
452 2104 644 2166 scandalum
668 2106 854 2179 generetur,
880 2106 914 2164 et

117 2200 270 2261 nonnulli
282 2203 356 2277 ejus
371 2201 523 2278 exemplo
535 2201 576 2262 ad
587 2201 715 2262 scelera
730 2201 911 2278 prolaban-

118 2300 182 2369 tur,
201 2314 241 2358 ac
257 2299 317 2359 Dei
338 2299 481 2359 ecclesia
503 2298 624 2360 ibidem
644 2300 875 2360 contemnatur
892 2315 913 2359 a

118 2393 240 2466 multis,
257 2396 322 2471 ipsi
343 2396 519 2472 diligenter
531 2397 730 2458 monuerunt
748 2397 911 2466 eumdem,

118 2493 156 2552 ut
169 2508 269 2568 super
283 2493 336 2553 his
351 2495 533 2570 corrigeret
545 2495 757 2571 semetipsum
775 2516 782 2554 :
804 2494 861 2555 sed
877 2495 912 2554 in

118 2589 210 2650 nullo
224 2591 310 2665 apud
325 2606 401 2651 eum
417 2592 486 2652 suis
502 2590 739 2652 monitionibus
758 2591 913 2668 profece-

39 2674 55 2689 “
118 2688 206 2747 runt.
224 2687 381 2748 volentes
400 2688 502 2764 igitur
515 2686 716 2749 descendere
733 2704 773 2749 ac
787 2688 911 2757 videre,

118 2798 162 2843 an
178 2782 285 2844 dictus
305 2785 479 2861 episcopus
494 2785 581 2846 tacto
594 2785 819 2862 compleverit,
839 2800 913 2862 qum

119 2879 283 2952 dicuntur,
305 2881 499 2943 discretioni
518 2885 637 2942 vestrae
652 2897 712 2958 per
725 2882 914 2958 apostolica

119 2976 241 3052 scripta
256 2977 462 3049 mandamus,
475 2979 637 3054 quatenus
650 2977 692 3038 ad
707 2979 913 3040 watiensem

119 3072 293 3135 ecclesiam
302 3074 522 3151 personaliter
532 3075 738 3147 accedentes,
750 3081 784 3137 et
793 3076 915 3137 baben-

119 3171 168 3231 tes
178 3187 247 3248 prae
259 3173 482 3234 oculissolum
495 3175 608 3244 bearn,
626 3173 803 3250 inquiratis
814 3189 915 3250 super

119 3266 300 3340 praemissis
324 3267 445 3328 etaliis
460 3267 654 3343 diligentius
674 3270 859 3340 veritatem,
881 3269 915 3329 et

119 3364 405 3438 quaeinveneritis‚
417 3365 559 3426 fideliter
569 3366 756 3441 redigentes
770 3367 804 3426 in
812 3367 914 3442 scrip

119 3460 160 3520 tis
167 3461 287 3521 vestris
297 3462 427 3522 inclusa
436 3462 555 3537 sigillis
566 3463 606 3522 ad
618 3465 765 3524 nostram
773 3479 915 3538 praesen·

119 3557 198 3617 tiam
216 3559 459 3630 transmittatis,
488 3560 687 3634 praefigendo
709 3561 797 3620 dicto
819 3561 913 3636 epis-

118 3668 200 3729 copo
218 3656 396 3716 terminum
420 3659 670 3731 competentem,
694 3673 759 3733 quo
781 3672 840 3732 per
864 3672 912 3728 se,

118 3750 171 3811 vel
197 3767 256 3828 per
281 3756 529 3828 procuratorem
558 3754 714 3814 idoneum
737 3755 850 3815 nostro
878 3770 915 3814 se

118 3851 309 3924 conspectui
343 3853 572 3926 repraesentet,
601 3851 688 3928 quod
716 3853 914 3912 canonicum

118 3946 227 4015 luerit,
245 3949 379 4007 auctore
390 3950 542 4016 Domino,
556 3952 760 4024 recepturus.
774 3949 865 4019 Quod
885 3949 914 4008 si

120 4059 188 4102 non
202 4060 328 4114 omnes,
342 4047 388 4115 tu,
411 4046 513 4105 irater
527 4047 691 4122 episcope,
709 4063 784 4105 cum
799 4062 914 4106 eorum

119 4139 236 4210 altere,
254 4144 315 4202 etc.
332 4145 449 4203 Datum
462 4145 574 4203 Romae
587 4143 674 4218 apud
687 4146 842 4204 Sanctum
856 4146 916 4203 Pe·

119 4238 206 4298 trum
226 4238 334 4300 idibus
350 4241 440 4312 maii,
458 4257 545 4302 anno
561 4240 716 4301 secundo.

416 4420 620 4505 CCXLVII

119 4571 170 4626 ald
189 4571 410 4628 Bernzordron
429 4573 723 4644 crclitcpiscopzon
745 4570 916 4630 Taranta-

159 4669 318 4735 sicnscin,
333 4667 367 4726 ct
379 4670 422 4725 ad
433 4670 598 4726 decanum
612 4671 646 4727 S.
663 4671 812 4728 Aiidrcre
826 4670 916 4726 Gro-

160 4763 319 4836 tiunopcl.
341 4764 374 4823 ct
390 4764 577 4823 sacristam
597 4768 832 4825 Viennensem.

414 4884 446 4941 15
457 4885 525 4941 maii
542 4885 620 4942 tata.

252 4987 344 5051 [uuita
359 4989 457 5050 carisi,
469 4996 487 5038 t.
499 4990 565 5048 nvi,
578 5005 604 5054 p.
620 4989 675 5052 tea,
689 5005 715 5038 n.
729 4990 780 5053 ia]

123 5090 238 5148 Mandat
257 5103 287 5150 ut
306 5094 459 5152 informent
475 5095 511 5152 de
523 5098 717 5153 controversia
733 5097 807 5152 inter
826 5096 914 5168 episc.

151 5180 276 5237 Gcbenn.
291 5191 319 5238 et
330 5184 467 5241 ecclesias
478 5183 625 5244 Lcslraces
636 5186 771 5242 etPnssie
781 5193 889 5241 exorta.

166 5298 330 5357 Honorius
341 5301 525 5377 episcopus
537 5318 653 5362 servus
662 5317 833 5362 servorum
845 5302 914 5372 Dei,

122 5396 360 5465 etc.,venerab.
374 5397 468 5458 tratri
482 5399 678 5474 archiepisc.
687 5401 873 5469 Tarentus,
885 5400 919 5459 et

122 5492 251 5552 dilectis
265 5491 341 5550 tiliis
354 5492 477 5553 decano
489 5497 522 5555 S.
533 5496 681 5568 Andreae,
690 5495 915 5571 Grati0nopol.

122 5588 288 5659 «licensis,
306 5591 338 5649 et
353 5589 501 5652 sacristae
515 5593 707 5665 Viennensi,
724 5592 874 5654 salutem.

735 284 910 345 nononn
934 283 978 344 tn
1001 269 1148 346 ornas.
1704 292 1751 352 τω

1002 445 1121 506 Coram
1138 443 1259 506 dilecto
1274 443 1344 506 tilio
1359 446 1475 506 nostro
1490 447 1544 517 G„
1560 447 1593 506 S.
1606 446 1752 510 Theodori

964 540 1105 602 diacono
1114 540 1290 612 cardinali,
1305 557 1402 618 quem
1413 545 1432 604 J
1435 542 1554 613 aeobo,
1565 544 1752 604 venerabilis

963 639 1078 699 fratris
1089 638 1431 700 nostriGebennensis
1441 640 1753 717 episcoptacalber·

963 738 1008 806 to,
1021 736 1217 797 dilectorum
1233 737 1377 798 tiliorum
1390 735 1524 798 abbatis
1538 739 1570 798 et
1585 741 1750 799 conventus

963 832 1004 893 de
1018 833 1227 895 Abundanda
1240 834 1526 910 procuratoribus,
1542 834 1691 895 dedimus
1704 852 1754 895 an-

964 929 1114 1003 ditorem‚
1124 931 1296 1008 proposuit
1305 933 1455 1009 episcopi
1469 935 1673 1009 procurator
1682 935 1752 1009 quod

964 1029 1064 1090 iidem
1080 1028 1181 1089 abbas
1198 1031 1231 1090 et
1244 1030 1426 1091 conventus
1444 1027 1710 1107 supercoelestis
1723 1032 1754 1091 de

964 1129 1145 1201 Lessroccs
1158 1128 1191 1188 et
1211 1127 1251 1188 de
1265 1131 1390 1189 Posste
1410 1143 1451 1188 ac
1465 1127 1568 1190 rebus
1583 1127 1662 1188 aliis
1675 1129 1754 1204 inju-

964 1223 1095 1284 riantur
1109 1223 1237 1295 eidem,
1255 1224 1491 1302 propterquod
1507 1241 1613 1285 unam
1636 1240 1754 1285 eamin-

965 1321 1039 1382 dem
1061 1321 1277 1382 ecclesiarum
1298 1323 1496 1398 suppposuit
1519 1322 1696 1384 sententiae
1709 1322 1754 1382 in-

965 1418 1107 1490 terdicti,
1124 1434 1223 1495 quam
1235 1419 1321 1479 idern
1338 1422 1536 1494 procurator
1546 1420 1646 1496 petiit
1655 1422 1756 1480 aucto-

965 1517 1064 1577 ritate
1076 1515 1265 1592 Apostolioa
1286 1515 1449 1578 roborari.
1465 1519 1674 1578 Procurator
1686 1533 1753 1578 vero

966 1612 1096 1674 abbatis
1111 1616 1144 1675 et
1158 1616 1340 1675 conventus
1354 1615 1539 1692 proposuit,
1554 1630 1601 1675 ex
1615 1614 1754 1682 adverso,

966 1710 1142 1787 quodcum
1167 1711 1272 1773 dictas
1291 1713 1463 1782 ecclesias,
1480 1729 1557 1772 cum
1582 1713 1681 1788 pleno
1691 1715 1758 1787 jure

966 1808 1160 1869 instituendi
1169 1809 1379 1886 presbyteros
1392 1809 1428 1870 in
1439 1810 1579 1880 eisdem,
1597 1825 1657 1886 per
1666 1825 1758 1869 annos

966 1904 1185 1983 quadraginta
1195 1907 1380 1984 etamplius
1391 1907 1757 1984 possederintstnente,

966 2003 1054 2064 idem
1075 2003 1261 2080 episcopus,
1287 2005 1402 2081 petens
1424 2004 1466 2065 de
1487 2020 1577 2066 novo
1604 2006 1681 2065 illos
1705 2004 1759 2063 sibi

967 2099 1177 2178 presbyteros
1203 2101 1411 2178 praesentari,
1435 2101 1491 2179 qni
1520 2119 1641 2162 curam
1664 2102 1705 2162 ab
1726 2118 1758 2162 eu

967 2199 1131 2276 recipiant
1153 2200 1352 2270 animarum,
1373 2215 1490 2260 earum
1515 2200 1757 2276 alteramenta

967 2296 1758 2373 superhocnoluerunteJusacquiescerevolun·

967 2394 1038 2464 tati,
1069 2395 1241 2470 supposuit
1267 2394 1454 2465 interdicto,
1484 2394 1708 2454 nibilominus
1730 2394 1758 2454 in

968 2506 1082 2552 eorum
1109 2491 1281 2567 operarios
1303 2492 1665 2553 excommunicationis
1689 2508 1758 2552 sen-

967 2587 1105 2650 tentiam
1120 2588 1301 2666 proferens‚
1318 2589 1353 2648 in
1362 2604 1477 2649 eorum
1492 2589 1725 2666 praejudicium
1735 2592 1761 2649 et

967 2701 1164 2761 gravamen3
1182 2686 1269 2747 unde
1290 2686 1438 2762 ipsorum
1454 2687 1551 2762 petiit
1571 2688 1759 2763 procurator

969 2786 1005 2845 ut
1018 2785 1193 2861 utramque
1203 2784 1387 2844 taceremus
1396 2783 1546 2844 relaxari
1557 2785 1761 2852 sententian,

968 2883 1003 2943 et
1028 2881 1137 2957 ipsum
1165 2881 1358 2958 episcopum
1383 2880 1425 2941 ab
1448 2896 1567 2942 eorum
1593 2882 1760 2943 vexatione

969 2978 1144 3055 compesci.
1162 2979 1246 3050 Quia
1262 2993 1343 3040 vero
1365 2977 1462 3039 nobIs
1475 2994 1545 3039 non
1564 2980 1717 3040 constitit
1728 2979 1761 3038 de

968 3075 1159 3151 praemissis,
1171 3074 1365 3137 dtscretiont
1374 3077 1495 3136 vestrae
1507 3091 1567 3152 per
1578 3075 1760 3152 Apostolica

968 3173 1091 3249 scripta
1102 3173 1308 3239 mandamus,
1318 3175 1482 3249 quatenus
1495 3172 1675 3249 praelatum
1686 3174 1760 3249 epis-

969 3269 1759 3345 copummoneatis,utpraeiatassententiasintra

968 3370 1041 3427 octo
1057 3367 1127 3427 dies
1143 3369 1216 3443 post
1228 3367 1519 3427 commonitionem
1535 3370 1681 3428 vestram
1698 3369 1760 3426 sine

968 3464 1162 3525 difficultate
1175 3465 1343 3534 relaxans,
1353 3464 1459 3525 dictos
1472 3464 1629 3525 abbatem
1643 3468 1676 3525 et
1690 3480 1760 3524 con·

968 3563 1101 3621 ventum
1125 3577 1225 3637 super
1239 3565 1309 3637 jam
1333 3562 1431 3622 dictis
1449 3562 1606 3622 ecclesiis
1626 3561 1761 3621 indebite

969 3674 1035 3718 non
1050 3659 1211 3720 molestet.
1228 3659 1318 3729 Quod
1334 3659 1363 3718 si
1378 3657 1489 3719 tacere
1504 3675 1571 3719 non
1585 3660 1756 3726 curaverit,

969 3772 1027 3817 vos
1044 3759 1177 3826 extunc,
1191 3757 1316 3816 eisdem
1328 3757 1426 3831 juxta
1446 3756 1587 3816 formam
1602 3757 1761 3818 Ecclesia,

969 3853 1192 3929 appellatione
1212 3854 1404 3929 postposita,
1426 3852 1601 3925 relaxatis,
1624 3854 1758 3913 audiatis

970 3966 1115 4023 causam,
1153 3952 1195 4021 et,
1230 3951 1259 4009 si
1284 3951 1394 4026 partes
1422 3952 1672 4022 consenserint,
1701 3951 1757 4009 tine

969 4047 1078 4109 debito
1091 4048 1276 4108 terminetis
1298 4048 1468 4123 :alioquin
1484 4048 1635 4110 eamdem
1651 4048 1693 4107 ad
1708 4062 1759 4105 nos

969 4145 1145 4206 remittatis
1157 4144 1360 4204 sufficienter
1370 4144 1579 4214 instructam,
1593 4145 1761 4220 praeligen-

969 4243 1018 4303 tes
1047 4242 1196 4318 partibus
1224 4242 1400 4302 terminum
1432 4244 1674 4317 competentem
1703 4256 1757 4317 quo

971 4356 1029 4416 per
1039 4343 1270 4416 procuratores
1281 4339 1417 4399 idoneos
1428 4342 1644 4413 compareant
1656 4352 1757 4398 coram

971 4437 1076 4508 nobis,
1096 4440 1221 4513 Justam
1243 4439 1377 4497 auctore
1403 4437 1543 4496 Domino
1567 4436 1755 4496 sententiam

970 4537 1163 4610 recepturae.
1178 4537 1302 4603 Testes,
1320 4537 1396 4605 etc„
1413 4536 1474 4593 etc.

1011 4634 1127 4692 Datum
1155 4635 1277 4702 Romae,
1306 4631 1392 4706 apud
1417 4633 1450 4690 S.
1483 4633 1628 4700 Petrum,
1656 4629 1753 4690 idibus

971 4731 1062 4800 maii,
1077 4745 1164 4789 anno
1179 4729 1337 4789 secundo.

1258 4906 1483 4991 CCXLVIII

971 5052 1023 5111 Ad
1035 5052 1211 5111 Andrcoin
1226 5051 1442 5109 brennensem
1456 5049 1749 5120 archiepiscopum.

1268 5170 1302 5226 ts
1317 5169 1383 5225 maii
1404 5169 1482 5225 tate.

1113 5286 1212 5350 [Suhm
1224 5285 1287 5335 llist.
1299 5285 1325 5334 ol
1338 5284 1477 5340 Danmarlr,
1489 5283 1623 5346 Xl',751.]

972 5393 1132 5451 Secundum
1147 5393 1377 5450 circumstantias
1388 5389 1531 5447 moderari
1542 5389 1644 5447 debant
1656 5387 1750 5459 regula

1289 5494 1447 5537 canomeae.

1012 5591 1236 5653 consideratis
1251 5589 1510 5652 circumstantiis
1528 5591 1706 5663 temporum
1725 5583 1751 5642 et
