3794 6166
118 212 158 275 91
735 206 912 271 noxalia
932 206 979 267 iii
999 206 1148 269 oraha.
1728 208 1768 272 92

119 374 414 437 Pramonstraten.
429 374 464 435 et
476 370 669 434 Cistercien.
681 368 836 431 ordinum
854 382 915 446 per

120 474 303 551 qrraestores
327 470 515 549 hujusmodi
538 485 605 531 non
620 468 832 546 providemus
855 483 914 529 re-

120 570 310 649 quirendos.
327 572 443 629 ilatum
465 570 578 628 Romae
600 565 688 643 apud
708 568 742 627 S.
766 567 912 635 Petrum,

120 670 165 729 Xl
196 666 328 728 kalend.
356 665 539 727 decembris
564 664 777 741 pontificatus
809 664 913 726 nostri

120 782 209 827 auno
221 766 338 842 primo.

84 928 87 934 ⁵
160 948 202 1005 In
220 945 378 1005 eumdem
400 944 476 1017 fere
490 944 630 1003 arrectum
652 940 840 1017 spalatensi
855 956 914 1000 ar-

120 1042 332 1119 chiepiscopo
360 1041 393 1101 et
416 1039 637 1116 sutlraganeis
665 1041 748 1115 ejus.
780 1038 913 1113 Strigo-

121 1140 229 1201 nicusi
254 1138 505 1215 archiepiscopo
528 1139 561 1199 et
586 1136 757 1199 colocensi
779 1136 915 1197 arehie-

121 1238 266 1315 piscopO.

160 1356 249 1417 Item
258 1352 516 1429 archiepiscopo
528 1350 786 1427 ilonhshegalis
799 1350 831 1411 et
845 1348 917 1409 sul·

120 1451 289 1527 traganeis
305 1454 389 1527 ejus,
406 1450 573 1525 magistris
592 1449 764 1510 domorum
785 1448 915 1510 Militiae

119 1550 246 1627 Templi
279 1551 313 1610 et
344 1548 518 1625 hospitalis
554 1546 848 1623 hierosolymitani
880 1546 916 1607 in

121 1648 243 1710 blontis
277 1646 412 1723 llegalis
449 1645 622 1723 prouincia
658 1644 847 1706 constitutis
883 1646 916 1706 et

121 1745 223 1825 priori
246 1746 279 1807 et
303 1744 467 1822 superiori
491 1744 611 1805 llontis
634 1743 780 1819 Regalis.

67 1846 70 1851 '
161 1846 249 1907 Item
262 1842 467 1905 blessanensi
483 1841 733 1918 archiepiscopo
744 1842 777 1902 et
789 1840 915 1901 sutlra-

91 1950 94 1955 “
120 1942 237 2017 ganeis
250 1945 322 2019 ejns
332 1943 366 2003 et
376 1938 499 2001 eisdem
508 1939 675 2015 magistris
688 1938 835 2015 ejusdem
843 1955 916 2016 pro

120 2040 252 2113 vincia,
268 2043 301 2103 et
315 2039 474 2115 magistro
494 2040 519 2099 l.
536 2038 576 2098 de
595 2037 771 2099 Juvenatio
787 2039 916 2099 Messa-

121 2139 228 2203 nensi.

161 2239 250 2299 Item
264 2234 444 2313 Roginensi
465 2234 716 2311 archiepiscopo
735 2233 767 2296 et
787 2232 914 2297 sutiru-

119 2336 237 2411 ganeis
251 2338 323 2413 ejus
338 2336 371 2397 et
385 2332 553 2409 magistris
570 2331 717 2408 ejusdem
733 2332 914 2409 provinciae

120 2434 155 2497 et
168 2433 296 2497 cantori
311 2434 345 2495 et
358 2430 594 2493 archidiacano
608 2429 863 2505 Reginensibus.

159 2535 249 2595 Item
297 2529 463 2593 blelitensi
500 2528 655 2607 episcopo
689 2529 722 2589 et
746 2526 914 2603 magistris

119 2630 267 2709 ejusdem
286 2628 395 2700 diem,
419 2627 604 2689 etdiacono
619 2628 653 2687 et
665 2626 793 2687 cantori
817 2626 916 2686 bdeli-

120 2728 281 2793 tensibus.

159 2826 250 2891 Item
272 2824 453 2887 Cusentino
475 2820 726 2898 archiepiscopo
742 2820 775 2883 et
789 2821 915 2883 salira-

119 2924 236 2999 ganeis
247 2926 320 3001 elus
332 2925 365 2983 et
379 2922 503 2983 eisdem
512 2918 679 2993 magistris
687 2918 834 2994 ejusdem
844 2935 916 2996 pro·

120 3016 913 3085 rinciaeetdiaconoetarchidiaconocusentino.

160 3122 250 3183 Item
275 3115 784 3192 ltossanensiarchiepiscopoet
799 3115 917 3177 sutfra-

119 3220 235 3295 ganeis
246 3220 318 3296 ejus
329 3217 361 3277 et
372 3214 496 3277 eisdem
503 3213 670 3289 magistris
683 3212 917 3291 ejusdempro-

119 3318 238 3381 vinciae
269 3317 302 3378 et
321 3316 445 3376 decano
473 3314 506 3375 ct
529 3311 765 3373 archidiacono
792 3314 916 3375 hossa-

120 3416 227 3479 nensi.

159 3516 248 3578 Item
277 3512 498 3575 bisinianensi
512 3509 916 3589 episcopoeteisdemma·

120 3614 234 3691 gistris
263 3612 416 3673 dioecesis
439 3609 683 3672 bisinianensis
697 3609 729 3670 et
745 3608 916 3669 archidia-

120 3728 203 3773 cono
219 3714 251 3773 et
265 3711 393 3773 cantori
409 3706 708 3769 llisiuianensibus.

161 3811 249 3871 Item
263 3807 520 3883 archiepiscopo
541 3808 574 3865 S.
597 3804 765 3864 Ser-erinae
784 3806 817 3865 et
845 3802 916 3863 sul-

121 3905 291 3982 fraganeis
306 3907 379 3981 ejus
394 3906 426 3965 et
440 3900 608 3978 magistris
622 3900 768 3977 ejusdem
779 3901 916 3977 provin-

121 4004 182 4065 ciae
198 4006 231 4065 ot
244 4002 479 4064 archidiacono
496 4001 528 4062 et
539 3998 664 4059 decano
681 4000 714 4058 S.
735 3999 912 4060 severine.

159 4103 249 4163 Item
264 4100 423 4177 Episcopo
440 4100 473 4157 S.
486 4096 590 4157 Marci
601 4095 633 4157 et
643 4096 812 4171 magistris
824 4099 915 4173 ejus-

120 4200 194 4262 dem
220 4198 373 4260 dioecesis
397 4199 430 4257 et
457 4193 694 4256 archidiacono
727 4194 760 4256 et
786 4195 914 4257 cantori

121 4301 154 4361 S.
168 4297 284 4360 Marci.

159 4398 248 4459 Item
285 4394 488 4456 Consanensi
518 4391 767 4470 archiepiscopo
786 4394 819 4454 et
842 4391 914 4453 sul-

117 4495 286 4573 traganeis
301 4495 373 4570 ejus
388 4495 421 4555 et
434 4492 601 4567 magistris
617 4490 764 4568 ejusdem
778 4493 913 4568 provin-

118 4595 178 4657 ciae
194 4596 227 4657 et
241 4594 365 4655 decano
377 4592 409 4653 et
423 4591 659 4653 archidiacono
674 4590 844 4650 Consanis.

158 4695 247 4755 Item
274 4690 455 4753 Tarentino
470 4687 721 4765 archiepiscopo
741 4688 774 4747 et
786 4686 910 4746 suffra-

117 4791 233 4865 ganeis
249 4793 320 4869 ejus
334 4790 366 4850 et
380 4787 548 4865 magistris
568 4784 715 4862 ejusdem
731 4783 911 4861 provinciae

117 4889 150 4949 et
160 4889 283 4948 decano
297 4890 329 4950 et
344 4887 580 4948 archidiacono
593 4882 794 4943 Tarentinis,

157 4986 245 5044 Item
254 4985 479 5046 acheruntino
490 4981 740 5057 archIepiscopo
754 4976 912 5039 etsullra-

116 5080 232 5155 ganeis
246 5084 317 5157 ejus
333 5084 365 5141 et
379 5081 547 5155 magistris
563 5078 709 5155 ejnsdem
730 5076 910 5154 provincio

116 5179 148 5239 et
163 5178 287 5237 decano
303 5178 334 5237 et
348 5177 582 5239 archidiacono
598 5174 844 5237 acheruntinis.

156 5274 246 5335 Item
259 5274 428 5335 ldrontIno
444 5274 706 5350 archiepiscopo,
718 5273 779 5334 ete.

156 5372 245 5433 Item
259 5371 395 5431 barensi
410 5372 669 5448 archiepiscopo,
687 5372 748 5432 cte.

155 5470 245 5531 Item
258 5468 420 5529 'franensi
435 5468 696 5545 archlepiscopo‚
713 5468 747 5529 et
768 5511 775 5525 .

154 5569 244 5630 Item
285 5566 454 5644 Episcopis
497 5565 719 5640 suffraganeis
758 5563 908 5625 ecclesiae

966 366 1212 431 andusianae
1227 368 1261 431 et
1274 370 1446 446 magistris
1463 366 1613 447 eiusdem
1629 370 1770 447 provin-

967 467 1028 528 ciae
1038 468 1072 529 et
1081 466 1208 529 decano
1216 470 1250 529 et
1259 467 1498 530 archidiacono
1510 468 1767 529 Brundusiauis.

1008 566 1097 627 Item
1125 566 1353 643 Sipontinensi
1375 566 1481 627 electo
1495 568 1529 628 et
1543 566 1769 642 suffraganeis

967 666 1039 740 eJus
1057 666 1090 725 et
1112 664 1283 741 magistris
1297 664 1445 742 ejusdem
1458 665 1642 742 prorinciae
1656 666 1693 726 et
1713 681 1769 726 ar-

967 761 1217 840 chipresbytero
1238 764 1271 824 et
1289 763 1528 824 archidiacono
1544 763 1768 840 sipontinen-

968 859 1071 920 sibus.

1008 960 1098 1020 Item
1129 960 1327 1038 Trojanensi
1355 961 1510 1038 episcopo
1538 963 1573 1023 et
1597 960 1767 1035 magistris

968 1056 1115 1133 ejusdem
1131 1056 1286 1119 dioecesis
1301 1062 1333 1119 et
1347 1058 1583 1119 archidiacone
1598 1059 1632 1119 et
1646 1057 1767 1135 primi-

968 1154 1059 1215 cerio
1074 1156 1346 1232 Trojanensihus.

1008 1254 1095 1314 Item
1112 1253 1361 1330 hieropolitano
1375 1254 1542 1331 episcopo,
1554 1255 1619 1315 ete.

1009 1351 1098 1410 Item
1113 1349 1339 1426 Rapolanensi
1355 1350 1523 1427 episcopo,
1537 1352 1601 1412 cte.

1010 1449 1099 1508 Item
1121 1450 1355 1509 Beneventano
1374 1448 1628 1525 archiepiscopo
1643 1449 1678 1510 et
1693 1448 1765 1508 sul-

969 1545 1138 1623 lraganeis
1149 1549 1222 1623 eJus
1234 1548 1266 1608 et
1279 1547 1450 1622 magistris
1459 1546 1610 1623 eiusdem
1625 1547 1766 1625 provin-

968 1645 1030 1707 ciae
1045 1646 1078 1705 et
1091 1644 1381 1722 archipresbytero
1395 1646 1428 1706 et
1442 1645 1684 1707 archidiacono
1704 1647 1766 1707 Be-

969 1742 1176 1805 neventanis.

1009 1843 1098 1903 Item
1121 1841 1326 1919 llelphitano
1352 1842 1506 1919 episcopo
1531 1842 1565 1902 et
1593 1841 1762 1916 magistris

968 1940 1116 2018 ejusdem
1131 1940 1284 2002 dioecesis
1299 1941 1385 2002 etit.
1403 1939 1567 2002 Iohannis
1582 1938 1725 2000 Andreae
1736 1940 1767 2000 et

969 2041 993 2099 l.
1008 2038 1157 2101 Carlecta
1174 2037 1345 2099 canonicis
1355 2038 1581 2114 Melphitanis.

1009 2138 1098 2198 Item
1114 2136 1326 2197 Salernitana
1340 2136 1636 2213 archiepiscopoet
1646 2133 1767 2195 suifra-

968 2235 1084 2311 ganeis
1099 2238 1171 2313 ejus
1187 2236 1219 2296 et
1233 2234 1402 2311 magistris
1425 2233 1573 2311 ejusdem
1584 2233 1766 2309 provinciae

968 2336 1001 2396 et
1015 2334 1252 2395 archidiacono
1267 2338 1300 2394 et
1314 2332 1505 2410 primicerio
1532 2331 1765 2393 salernitanis.

1010 2434 1097 2494 Item
1111 2431 1345 2509 Amalpliitano
1357 2430 1625 2507 archiepiscopo,
1642 2430 1708 2492 ete.

1007 2532 1098 2592 Item
1112 2530 1274 2607 Episcopo
1284 2528 1487 2601 havellensi,
1501 2529 1579 2590 etc..

1007 2630 1098 2691 Item
1113 2628 1309 2689 Surrentino
1322 2626 1585 2704 archiepiscopo,
1600 2626 1666 2687 ete.

1009 2729 1097 2789 Item
1118 2725 1347 2803 suffraganeis
1365 2725 1516 2788 ecclesiae
1529 2722 1767 2804 {Neapolitanae

968 2826 1001 2887 et
1020 2825 1188 2901 magistris
1200 2825 1349 2902 ejusdem
1361 2823 1542 2901 provinciae
1555 2824 1590 2885 et
1603 2822 1767 2884 cimiliar-

968 2923 1040 2987 cbae
1055 2925 1088 2984 et
1097 2923 1288 3001 primicerio
1300 2921 1543 3000 Neapolitanis.

1008 3023 1096 3085 Item
1112 3021 1349 3083 Panormitano
1368 3019 1621 3097 archiepiscopo
1644 3020 1678 3081 et
1696 3018 1767 3079 sui-

970 3120 1137 3197 fraganeis
1149 3122 1233 3197 ejus

1008 3221 1097 3281 Item
1113 3219 1284 3281 Universis
1300 3216 1522 3294 suffraganeis
1535 3214 1690 3276 eeclesiae
1706 3217 1768 3275 Ca-

969 3334 1087 3396 puanae
1098 3319 1130 3379 et
1144 3317 1313 3393 magistris
1324 3316 1471 3393 ejusdem
1479 3314 1661 3392 proriuciae
1670 3313 1704 3374 et
1712 3329 1768 3374 ar-

969 3417 1164 3478 chidiacono
1180 3418 1212 3476 et
1224 3414 1415 3492 primicerio
1432 3412 1610 3490 capuanis.

1010 3517 1098 3576 Item
1112 3513 1285 3574 casinensi
1304 3511 1415 3574 abbati
1430 3514 1463 3573 et
1482 3510 1653 3585 magistris
1667 3512 1766 3571 terrae

970 3615 1003 3675 S.
1021 3612 1189 3675 Benedicti
1210 3614 1243 3673 et
1263 3610 1432 3687 magistris
1456 3611 1494 3671 Il.
1517 3610 1550 3670 et
1568 3610 1605 3668 0.
1622 3607 1767 3685 presby-

968 3714 1039 3773 tero
1057 3713 1090 3771 S.
1107 3709 1274 3772 Germani.

1008 3809 1098 3869 Item
1110 3806 1313 3885 Aquileiensi
1329 3802 1528 3883 patriarche
1546 3805 1578 3864 et
1593 3801 1765 3878 suffraga-

968 3906 1041 3967 neis
1061 3909 1133 3983 ejus
1156 3907 1189 3968 et
1208 3905 1376 3981 magistris
1412 3902 1559 3979 ejusdem
1582 3901 1765 3978 provinciae

969 4007 1001 4066 et
1015 4005 1139 4065 decano
1164 4006 1197 4065 et
1218 4003 1453 4065 archidiacono
1476 3998 1762 4076 Aquileiensibus.

1007 4104 1097 4165 Item
1112 4102 1315 4164 Patriarchae
1331 4098 1503 4170 (medensi,
1518 4099 1580 4159 etc.

1007 4202 1097 4263 Item
1110 4199 1262 4262 Jadrensi
1281 4197 1530 4273 archiepiscopo
1546 4197 1578 4255 et
1596 4194 1762 4270 suffraga-

967 4301 1039 4363 neis
1053 4302 1124 4377 ejus
1139 4298 1171 4360 et
1186 4295 1353 4373 magistris
1367 4296 1513 4373 ejusdem
1533 4293 1716 4370 prouinciae
1730 4293 1762 4353 et

967 4399 1091 4460 decano
1113 4394 1391 4457 etarchidiacono
1406 4390 1634 4455 Jadrensibus.

1007 4499 1094 4558 Item
1108 4493 1277 4569 Ragusiuo
1287 4490 1537 4568 archiepiscopo
1551 4490 1584 4549 et
1595 4488 1761 4563 suffraga-

967 4596 1038 4656 neis
1051 4596 1123 4671 ejus
1139 4596 1171 4653 et
1184 4591 1352 4667 magistris
1368 4588 1514 4666 ejusdem
1531 4585 1713 4663 provinoiae
1730 4587 1761 4645 et

965 4692 1201 4754 archidiacono
1217 4692 1250 4751 et
1263 4688 1434 4750 canonicis
1448 4684 1638 4761 Ragusinis.

1005 4794 1093 4852 Item
1107 4788 1360 4850 antivaratlensi
1376 4784 1628 4861 archiepiscopo
1644 4783 1677 4843 et
1691 4780 1761 4842 sul-

965 4889 1131 4963 lraganeis
1147 4890 1218 4964 ojus
1234 4889 1267 4948 et
1281 4885 1448 4962 magistris
1463 4881 1613 4960 ejusdem
1628 4880 1760 4957 provin-

965 4988 1024 5049 ciae
1039 4990 1071 5048 et
1086 4985 1373 5063 archipresbytero
1389 4985 1422 5044 et
1434 4984 1470 5042 1..
1487 4980 1648 5041 canonico
1664 4978 1760 5040 Anti-

964 5085 1214 5147 raradensibus.

1003 5185 1092 5245 Item
1113 5181 1297 5243 Gnemneusi
1322 5178 1573 5255 archiepiscopo
1589 5177 1622 5236 et
1637 5173 1760 5234 suflra-

964 5283 1078 5357 ganeis
1093 5284 1166 5359 ejus
1181 5282 1213 5341 et
1228 5279 1396 5354 magistris
1412 5276 1561 5354 ejusdem
1576 5272 1758 5350 provinciae

964 5382 997 5442 et
1019 5380 1151 5441 decano
1173 5380 1206 5440 et
1234 5377 1468 5437 archidiacono
1496 5369 1756 5433 (ineariensibus.

1002 5480 1091 5538 Item
1119 5477 1290 5555 Episcopus
1310 5472 1531 5551 suffraganeis
1547 5467 1757 5530 coloniensis

964 5576 1113 5637 ecclesiae
1139 5576 1171 5636 et
1198 5574 1366 5649 magistris
1392 5570 1539 5649 ejusdem
1575 5565 1756 5644 provinciae
