3794 6166
74 322 138 381 789
703 332 932 395 EPISTOLAE.
956 334 1034 397 LIB.
1058 340 1099 399 11.
1665 352 1725 413 790

75 479 265 543 devotionis
285 484 397 547 tamen
413 487 535 550 nostrae
550 487 691 565 requirit
706 490 873 565 affectum,
930 496 1001 570 Dei,
1017 496 1232 563 etbeatorum
1245 502 1336 565 Petri
1348 507 1381 567 et
1392 506 1721 585 Pauliaposlolorum

75 577 119 637 ad
135 578 283 640 eamdem
299 596 359 642 nos
375 598 560 659 provocans
571 585 733 660 doctrina,
748 586 876 652 beneti-
930 595 1002 672 ejus
1013 610 1050 659 se
1062 597 1193 660 noverit
1206 598 1429 665 incursurum.
1653 584 1656 595 ¹

75 675 140 736 ciis
153 677 185 737 et
196 679 369 755 exemplis,
387 681 416 741 si
431 697 497 759 quo
510 682 618 755 modo,
629 685 707 760 quid
720 700 876 748 remana-
969 693 1087 757 Datum
1115 697 1241 769 Romae,
1272 699 1359 775 apud
1389 702 1544 765 Sanctum
1574 706 1720 779 Petrum,
1830 682 1833 687 ¹

74 774 129 835 ret
142 775 174 834 in
184 791 256 847 nos,
266 776 379 839 valeat
392 780 551 855 reperire,
561 782 784 857 praeveniente
796 800 875 862 gra·
930 790 972 853 1v
987 806 1065 853 non.
1084 794 1183 871 junii,
1203 795 1412 873 pontificatus
1434 799 1539 862 nostri
1560 816 1648 862 anno
1668 818 1724 865 se·

74 871 124 933 tia
159 871 254 933 nobis
285 874 453 949 tribuens,
488 877 574 955 qaod
611 882 757 943 coronet.
791 883 873 945 licce
929 887 1037 950 cundo
1048 887 1108 969 (3).
1678 900 1681 905 ’

73 969 238 1046 siquidem
254 970 453 1048 frigescente
476 975 616 1039 caritate
630 977 821 1051 muliorum,
839 982 874 1043 ut

73 1065 168 1129 illam
183 1071 429 1144 reaccenderet,
446 1074 479 1135 et
494 1074 535 1135 ad
556 1074 765 1139 devotionem
778 1094 872 1139 suam
1199 1016 1454 1106 CCLXXXIV
1476 1062 1488 1075 '

74 1168 233 1244 populum
247 1173 455 1246 provocaret,
471 1171 587 1235 diebus
607 1174 791 1238 clementiae
803 1192 873 1240 sue
947 1150 1000 1209 Λα
1012 1150 1266 1226 Dmfffflmmn·
1283 1152 1317 1214 35
1335 1153 1566 1217 Lumermum
1585 1160 1701 1231 epm-2

72 1264 251 1328 thesauros
279 1270 421 1345 aperuit,
447 1269 620 1333 beatorum
648 1273 812 1336 Boniiacii
840 1277 873 1337 et
1035 1246 1070 1309 et
1091 1249 1249 1321 mmm
1270 1249 1390 1311 salim
1408 1250 1608 1314 FWWW‘·

71 1365 185 1426 Alexii
209 1382 361 1442 corpora,
392 1384 465 1445 quae
492 1369 548 1431 diu
575 1370 752 1444 latuerant,
775 1388 873 1435 reue·
1227 1361 1330 1437 ejunii
1345 1363 1426 1423 ¹²¹8·

72 1461 184 1535 lando,
208 1480 250 1524 ne
262 1463 453 1542 hujusmodi
466 1465 604 1531 lucerna
617 1469 743 1531 diutius
753 1469 873 1533 lateret
997 1463 1105 1531 [aullu.
1116 1466 1201 1527 aum,
1215 1467 1278 1519 sats.
1290 1469 1389 1530 ruris,
1399 1473 1419 1520 t.
1430 1470 1474 1529 111,
1485 1469 1543 1533 3⁴4,
1553 1486 1581 1525 υ·
1593 1473 1661 1537 till

70 1559 135 1623 sub
151 1560 272 1635 modio,
288 1563 346 1625 sed
359 1578 461 1641 super
479 1566 715 1629 candelabrum
731 1584 873 1645 ponere·
926 1571 1044 1641 llandat
1056 1580 1089 1632 ut
1100 1572 1255 1633 informent
1265 1575 1301 1635 de
1318 1576 1377 1637 vita
1396 1584 1424 1637 et
1438 1578 1584 1641 miraculis
1603 1581 1724 1641 loannis
1816 1612 1817 1616 =

70 1661 138 1730 tur,
156 1660 192 1721 ut
208 1658 342 1723 domum
367 1662 631 1738 ingredientibus
651 1665 763 1729 lumen
782 1682 872 1744 prae·
1160 1674 1163 1679 ·
1254 1666 1392 1725 eremite.

70 1755 149 1818 beat
175 1757 471 1823 intercessionibus
486 1764 520 1823 et
532 1763 696 1842 exemplo.
725 1765 871 1827 Inventis
966 1760 1133 1825 Honorius
1147 1762 1322 1842 episcopus
1339 1781 1641 1830 servusssrvorum
1649 1770 1720 1844 Dei,

69 1855 177 1930 igitur
204 1856 240 1916 in
267 1860 471 1921 monasterio
499 1863 608 1925 vestro
638 1861 870 1939 praedictorum
925 1856 1174 1923 uenerabilibus
1187 1859 1345 1923 iratribus
1360 1864 1723 1941 aragonameuetna-

70 1955 264 2016 sanctorum
290 1955 505 2032 pignoribus,
532 1975 591 2020 nos
624 1975 645 2021 a
674 1958 769 2023 vobis
795 1976 870 2024 cum
925 1955 1048 2019 tberin.
1058 1957 1222 2037 episcopis
1232 1974 1272 2021 ac
1283 1959 1404 2024 dilecto
1417 1960 1485 2023 tilio
1493 1962 1599 2041 priori
1608 1963 1721 2027 Sancti

70 2051 176 2113 multa
191 2050 352 2115 instantia
376 2055 630 2132 supplicationis
658 2057 802 2129 inritati,
827 2059 869 2121 ad
925 2055 1096 2117 Fortunati
1107 2057 1332 2119 Beneventan.
1349 2057 1515 2132 dioecesis,
1533 2060 1675 2123 salutem
1689 2063 1723 2124 et

69 2150 311 2212 monasterium
333 2151 443 2228 ipsum
465 2154 683 2229 accessimus3
703 2157 737 2217 et
755 2156 870 2217 eadem
926 2152 1141 2231 apostolicam
1155 2152 1432 2219 benedictionem.

69 2263 212 2323 corpora
226 2265 300 2309 cum
322 2249 511 2313 honorabili
535 2254 623 2314 caetu
639 2253 869 2331 episcoporum
965 2249 1149 2315 ineffabilis
1172 2252 1338 2330 sapientia
1364 2255 1426 2317 Dei
1446 2269 1544 2318 nosse
1558 2257 1720 2337 tempora,

69 2346 103 2411 et
117 2346 350 2416 cardinalium,
367 2349 543 2412 assistente
554 2350 703 2413 fidelium
718 2352 870 2415 multitu·
924 2340 978 2410 rel'
992 2350 1157 2411 momenta
1171 2349 1205 2411 in
1215 2366 1278 2413 sua
1289 2350 1438 2414 retinens
1448 2354 1621 2431 potestate,
1634 2354 1722 2416 tem·

69 2443 149 2505 dine
164 2445 311 2522 copiosa,
327 2448 476 2525 ejusdem
500 2449 695 2511 monasterii
714 2450 871 2513 recondi·
924 2444 1089 2523 paralium
1104 2448 1204 2509 etiam
1219 2447 1319 2512 babet
1339 2450 1410 2511 sola
1432 2450 1612 2528 perlectam
1631 2452 1722 2514 noti·
1812 2498 1831 2521 a

69 2558 145 2603 mus
160 2543 310 2611 inuitari
325 2545 463 2621 majori3
488 2561 528 2608 ac
547 2546 723 2610 ecclesiam
742 2548 871 2626 ipsum-
924 2543 1004 2606 tiam
1025 2544 1205 2617 actionum,
1231 2563 1304 2624 quas
1326 2564 1390 2624 quo
1413 2547 1494 2610 flant
1521 2549 1634 2612 animo
1654 2565 1721 2612 non

68 2655 134 2717 que
150 2641 257 2704 altare
272 2642 372 2705 tertia
390 2643 476 2704 laria
498 2645 635 2721 majoris
655 2644 868 2715 hebdomadas
924 2641 1095 2717 ignorans,
1121 2658 1233 2721 opera,
1260 2647 1562 2725 quantumcumque
1581 2646 1722 2719 ridean-

69 2739 217 2817 propriis
230 2739 383 2802 manibus
397 2743 677 2815 consecravimus,
691 2744 727 2810 in
742 2759 870 2807 eorum·
923 2742 978 2801 tur
991 2739 1183 2803 bominibus
1198 2744 1304 2818 grata,
1319 2742 1479 2821 reprobat
1489 2745 1556 2807 nisi
1574 2760 1615 2807 ea
1629 2745 1720 2809 vivi-

68 2836 146 2898 dem
162 2840 352 2899 sanctorum
372 2841 565 2902 memoriam
580 2843 614 2903 et
634 2842 794 2904 bonorem
808 2841 866 2922 (1).
924 2836 1000 2899 ilcet
1018 2837 1082 2915 piae
1102 2838 1306 2916 operationis
1325 2838 1476 2903 affectus.
1504 2841 1598 2904 Sicut
1620 2842 1721 2913 etiarn

113 2936 156 2997 Ut
170 2936 274 3012 igitur
289 2936 395 3015 ipsias
414 2938 563 3000 ecclesiae
583 2955 622 3000 ac
641 2940 759 3002 altaris
782 2956 867 3003 con·
923 2934 1062 3012 angelus
1076 2936 1209 2998 Satanae
1223 2937 1467 3015 sequendoque
1478 2938 1515 3001 in
1527 2938 1723 3016 lucisanges

69 3034 218 3096 sacratio
233 3034 424 3097 veneranda
439 3036 581 3113 siugulis
597 3037 696 3099 annis
717 3038 868 3100 devotius
923 3031 991 3093 lum
1019 3033 1243 3109 transfigurat,
1269 3033 1318 3095 sio
1345 3034 1496 3112 plerique
1517 3034 1721 3114 impietatem

69 3131 270 3205 celebretur,
292 3133 472 3206 universis,
498 3133 555 3211 qui
577 3134 617 3194 ad
643 3134 867 3197 celebritatem
923 3143 1017 3189 suam
1032 3128 1182 3191 velantes
1197 3128 1257 3191 sub
1272 3129 1397 3191 vellere
1413 3131 1547 3207 pietatis
1563 3134 1721 3210 tanquam

66 3229 106 3289 in
119 3228 174 3290 die
184 3230 445 3293 consecrationis
455 3230 560 3309 ipsius
575 3231 692 3293 devote
702 3248 869 3294 convene-
924 3226 1068 3303 parietes
1083 3226 1227 3289 dealbati
1242 3243 1301 3305 per
1322 3226 1441 3290 falsam
1456 3228 1629 3306 religionis
1644 3246 1722 3307 spe-

64 3327 148 3399 rint,
160 3326 206 3395 de
220 3327 378 3405 injunctis
398 3327 462 3390 sibi
484 3328 687 3406 poenitentiis
710 3346 771 3407 pro
786 3346 867 3407 pec·
923 3322 1020 3396 ciem,
1044 3339 1143 3402 (luam
1169 3324 1390 3402 praetendunt,
1416 3325 1638 3401 ignOminiose
1659 3343 1722 3389 110-

65 3424 169 3497 calis,
208 3424 449 3501 indulgentiam
482 3426 704 3504 quadraginta
737 3427 867 3488 dierum
923 3437 999 3482 men
1022 3420 1086 3483 sibi
1110 3422 1297 3485 sanctitatis
1317 3426 1488 3500 usurpant,
1514 3423 1547 3485 et
1567 3423 1721 3489 fallentes

65 3522 293 3595 concedimus,
319 3523 359 3585 ds
388 3524 623 3601 omnipotentis
648 3526 706 3586 nei
735 3525 869 3587 misem-
923 3519 1098 3597 opiniones
1111 3519 1293 3592 hominum,
1316 3523 1349 3580 et
1370 3520 1507 3598 seipsos,
1530 3524 1645 3593 nsum,
1662 3521 1720 3599 qui

65 3621 193 3692 cordia,
210 3624 243 3682 et
255 3620 427 3684 beatorum
441 3624 530 3684 Petri
543 3625 577 3683 el
590 3624 684 3684 Pauli
698 3624 869 3701 apostolo·
923 3633 990 3680 non
1014 3617 1184 3689 irridetur,
1210 3633 1277 3679 non
1298 3616 1432 3690 iallunt,
1455 3619 1511 3679 sed
1534 3621 1625 3696 justo
1648 3622 1720 3697 ejus

65 3733 142 3779 ram
156 3721 229 3796 ejus
242 3720 440 3782 auctoritate
456 3721 571 3782 contisi
586 3719 645 3801 (2).
918 3715 1045 3805 jndicio
1058 3715 1303 3793 relinquuntur.
1320 3715 1413 3778 Licet
1428 3716 1530 3793 igitur
1542 3716 1572 3779 is
1588 3717 1645 3796 qui
1659 3734 1718 3779 so-

106 3817 400 3879 memonasterium
416 3819 523 3895 ipsum
539 3819 866 3898 cumomnibusquae
922 3813 974 3873 lus
1003 3813 1096 3876 novit
1121 3812 1315 3877 ab80011dila
1341 3813 1565 3887 tenebrarum,
1596 3814 1719 3892 hujus·

62 3914 368 3989 impresentiarum
401 3915 648 3977 rationabiliter
679 3917 865 3993 possideat,
922 3911 1011 3973 modi
1024 3926 1257 3988 perversorum
1273 3911 1435 3974 malitiam
1450 3911 1491 3974 ab
1507 3913 1721 3974 eorumlruc·

63 4012 124 4072 aut
147 4011 182 4071 in
198 4010 344 4073 laturum
362 4013 462 4090 justis
481 4013 587 4074 modis
602 4016 783 4091 praestante
800 4016 868 4075 no-
922 4010 1011 4072 tibus
1024 4025 1097 4071 esse
1113 4009 1263 4072 docuerit
1273 4010 1548 4088 cognoscendam,
1558 4014 1596 4074 ut
1607 4013 1720 4073 tamen

63 4109 158 4170 mino
182 4109 303 4187 poterit
329 4110 482 4188 adipisci,
509 4111 545 4172 ut
573 4127 614 4174 ea
638 4128 770 4189 semper
795 4113 867 4174 sine
922 4108 1144 4187 interlepram
1155 4108 1322 4186 etlepram
1332 4109 1452 4170 melius
1465 4108 1718 4185 distinguamus,

66 4206 518 4285 contradictionepossideat,
530 4209 737 4287 subspeciali
747 4210 868 4271 curaet
922 4208 1038 4284 atquae
1054 4208 1177 4268 munda
1188 4206 1312 4269 suerint
1323 4207 1376 4269 vel
1392 4206 1564 4269 immunda
1574 4208 1720 4269 sciamus

64 4302 247 4380 principali
261 4304 364 4367 tutela
379 4304 578 4382 apostolicae
601 4306 697 4367 Sedis
712 4307 866 4383 suscepi·
922 4304 1112 4366 discernere
1127 4303 1313 4381 separando
1325 4304 1505 4380 pretiosum
1518 4320 1538 4365 a
1553 4303 1623 4376 vili,
1636 4306 1721 4365 solet

66 4417 153 4472 mus,
169 4400 209 4462 et
225 4402 401 4478 praesentis
425 4402 541 4480 scripti
562 4403 748 4480 patrocinio
771 4419 866 4465 com·
922 4403 1081 4464 Dominus
1105 4401 1208 4463 vitam
1223 4403 1373 4463 sanctam
1388 4417 1514 4472 eorum,
1532 4403 1591 4478 qui
1613 4402 1719 4461 serni-

66 4497 247 4559 munimus.
265 4498 359 4560 Nulli
370 4512 451 4576 ergo
471 4500 606 4561 omnino
630 4500 803 4565 bominum
818 4501 865 4562 li·
921 4500 1087 4561 naverunt
1110 4498 1145 4559 in
1165 4498 1335 4576 lacrymis,
1362 4498 1395 4558 id
1415 4498 1500 4575 quod
1530 4501 1658 4561 metunt
1683 4499 1718 4558 in

66 4599 141 4660 caat
166 4596 253 4657 banc
277 4596 433 4674 paginam
454 4599 576 4660 nostrae
591 4600 817 4661 concessionis
834 4602 867 4662 et
920 4595 1207 4658 benedictionibus
1228 4595 1436 4657 abundanter
1445 4595 1639 4674 pleramque
1653 4596 1719 4655 mi-

65 4694 283 4772 protectionis
294 4694 488 4772 infringere,
505 4696 557 4758 vel
575 4697 608 4757 ei
622 4712 707 4759 ausu
721 4698 867 4759 temera·
920 4695 1045 4756 reculis
1069 4693 1278 4766 confirmare,
1306 4694 1477 4771 signisque
1504 4692 1718 4771 sequentibus

63 4793 116 4854 rio
131 4793 309 4854 contraire.
327 4793 362 4853 si
384 4793 458 4877 quis
483 4796 593 4857 autem
613 4795 677 4858 boo
700 4797 865 4858 attentare
920 4791 1080 4863 indicare,
1098 4791 1184 4868 quod
1200 4791 1249 4852 eis
1273 4791 1482 4868 splendorem
1507 4807 1568 4869 pro
1592 4791 1719 4852 meritis

64 4890 326 4968 praesumpserit,
348 4890 610 4968 indignationem
629 4893 865 4971 omnipotentis
920 4890 1050 4951 dederit
1074 4889 1322 4966 sempiternum.
1351 4891 1422 4950 Hac
1447 4889 1550 4964 igitur
1575 4888 1717 4962 ratione,

101 5050 143 5123 (l)
166 5051 236 5108 llaec
259 5051 403 5111 Honorias
428 5049 464 5109 de
492 5052 712 5110 consecratione
739 5051 865 5110 basilice
921 5049 1000 5107 aium
1024 5049 1211 5121 apostolicum
1233 5046 1381 5120 indulget3
1405 5055 1434 5107 et
1460 5047 1483 5105 si
1511 5048 1560 5121 qui
1587 5047 1719 5107 coenobio

64 5128 182 5189 nostre,
199 5135 285 5192 quarn
298 5120 363 5180 insu
402 5137 415 5178 r
431 5121 559 5206 pluribus
576 5123 761 5183 allisornavlt
774 5122 863 5180 bene·
920 5119 1075 5193 quidquam
1087 5118 1492 5193 nocuerint,iisapraepotanti
1504 5121 1563 5176 Deo
1575 5117 1650 5177 male
1660 5135 1719 5193 prc-

56 5192 148 5255 ,ticiis
167 5192 349 5251 Primoanim
382 5206 418 5249 oc
432 5193 600 5266 rpsasanxit
614 5193 780 5267 diplomate,
794 5201 825 5252 ut
836 5200 865 5251 et
919 5199 1008 5250 catur.
1026 5189 1126 5261 (ibid.)
1301 5261 1306 5272 Ι

64 5262 187 5335 hujusce
205 5264 430 5321 massorationis
452 5264 641 5323 anniversarii
658 5264 721 5325 dies
743 5266 863 5323 solemni
955 5262 997 5335 (3)
1013 5263 1060 5319 Sic
1072 5262 1189 5334 explicit
1202 5261 1325 5319 celebras
1338 5259 1402 5320 hmo
1422 5261 1540 5319 lloaorii
1562 5260 1650 5330 bulla,
1666 5278 1716 5319 cu·

65 5336 121 5395 ritu
147 5341 316 5402 urerentur,
342 5343 370 5393 et
398 5333 530 5394 fidelibus
555 5336 621 5394 illuc
650 5335 863 5405 accedentibus,
917 5333 964 5408 jas
985 5332 1215 5406 autographum,
1241 5332 1365 5389 indubie
1396 5332 1511 5405 quidem
1533 5330 1599 5390 fidei
1617 5348 1714 5390 carac-
1746 5352 1750 5359 ²

64 5377 241 5478 Aposto‘lica,
258 5420 342 5478 quam
354 5414 468 5474 vocant,
484 5407 672 5481 indulgentia,
682 5415 864 5480 peccatorum
918 5412 996 5462 teres
1007 5418 1110 5461 ornnes
1121 5419 1184 5486 prae
1196 5418 1227 5459 se
1242 5402 1348 5486 terens,
1363 5402 1520 5460 etiamnum
1534 5403 1674 5461 Alexione
1689 5404 1717 5460 in

66 5490 161 5550 poenm
176 5476 382 5535 relaxarentur.
401 5478 571 5548 (Neriaius.)
919 5475 1059 5534 tabulario
1078 5490 1099 5531 a·
1119 5473 1203 5533 nobas
1227 5475 1447 5547 religiosissime
1468 5483 1641 5533 asservatur.
1661 5474 1717 5533 sad

100 5548 142 5619 (2)
158 5548 349 5605 Praetereaad
364 5547 862 5624 basilioaecultumetdecusaugen·
918 5556 1039 5615 cetera,
1066 5546 1103 5604 ad
1126 5547 1257 5604 altarium
1283 5549 1533 5616 comessationem
1556 5547 1715 5621 spectantia

64 5617 145 5687 darm,
159 5616 440 5677 bonorumomnium
451 5620 674 5692 possessionem,
686 5628 780 5678 amota
792 5634 862 5694 qua·
919 5632 1135 5693 persequamur.
1154 5616 1252 5691 (lbld.)

64 5690 133 5748 libet
155 5691 363 5761 controversia,
386 5690 536 5749 monacbis
560 5690 718 5764 adjudicat3
742 5692 863 5765 patroci-
