3802 6166
25 278 30 285 ’
122 326 182 391 147

121 503 142 549 «
156 501 294 548 uxorem
307 483 431 547 demini
444 483 515 545 llic.
534 481 624 558 regis
634 478 748 542 fratris
760 480 866 542 nostri
876 479 917 541 de

122 582 232 646 «dote
251 598 322 654 sua,
352 597 451 661 quam
475 579 624 657 petebat,
653 579 687 641 et
710 577 752 639 de
776 577 918 656 quadam

122 680 393 757 «compositione
411 693 484 756 quae
506 676 673 755 quondam
694 675 864 738 internos
885 674 919 736 et

122 779 261 854 «ipsam
275 775 362 838 facta
387 774 496 836 fuerat
518 790 618 851 super
639 773 755 835 eadem
774 773 860 844 dote,
877 771 918 832 de

122 892 141 936 «
156 890 219 953 qua
228 874 318 935 mille
328 888 458 934 marcas
467 872 507 933 de
516 869 919 949 nobisreciperedebebat

123 989 142 1032 «
162 972 345 1043 annuatim,
363 970 519 1032 videlicet
530 970 616 1047 quod
637 985 698 1031 nos
713 969 754 1030 ad
770 984 918 1047 praesens

122 1086 142 1132 «
157 1069 272 1131 damus
292 1069 324 1130 ei
338 1069 404 1130 duo
417 1067 524 1129 millia
539 1082 728 1129 marcarum
739 1083 799 1144 pro
814 1067 918 1128 omni·

125 1184 144 1228 «
158 1167 219 1229 hus
229 1166 422 1244 arreragiis,
438 1167 471 1228 et
484 1181 543 1244 pro
562 1164 727 1227 solutione
741 1165 917 1243 praesentis

122 1265 247 1338 «anni,
270 1266 304 1327 et
321 1264 361 1326 de
383 1266 493 1326 cetero
511 1262 663 1325 dabimus
687 1263 718 1324 ei
745 1263 917 1325 annuatim

120 1362 246 1423 «mille
257 1362 361 1423 libras
376 1359 537 1424 bonorum
557 1362 590 1422 et
609 1360 767 1437 legalium
782 1360 918 1422 sterlin-

120 1475 281 1536 «gorum,
299 1459 426 1521 scilicet
440 1460 639 1536 quingentas
659 1457 763 1520 libras
783 1459 818 1519 in
833 1458 917 1520 festo

121 1573 141 1618 «
156 1557 308 1618 Omnium
325 1558 531 1629 Sanctorum,
549 1558 581 1618 ot
595 1555 792 1634 quingentas
814 1556 917 1617 libras

122 1653 293 1716 «infesto
315 1654 540 1716 ascensionis.
564 1656 659 1715 Hanc
680 1654 791 1715 autem
810 1670 918 1731 pecu-

124 1752 249 1813 «uiam
273 1752 439 1814 solvemus
461 1753 493 1814 ei
515 1752 549 1812 in
575 1751 672 1814 domo
700 1752 779 1814 novi
804 1753 918 1830 templi

124 1864 144 1909 «
158 1848 399 1925 epudLondon.
408 1849 651 1912 Licebitautem
661 1849 917 1912 eidemdominae

123 1962 143 2008 «
156 1946 283 2024 reginae
295 1948 446 2025 repetere
469 1947 655 2010 dotalitium
668 1963 764 2008 suum
776 1947 817 2009 ab
828 1948 918 2009 omni

124 2043 327 2106 «detentore
348 2046 444 2107 extra
464 2060 604 2121 regnum
627 2045 757 2122 angliae
780 2048 920 2123 praeter-

125 2159 144 2203 «
158 2159 256 2221 quam
271 2158 291 2204 a
304 2141 410 2216 nohis,
422 2142 505 2204 vela
518 2143 768 2205 successoribus
781 2143 916 2217 nostris,

125 2242 265 2302 «etnos
284 2238 325 2303 de
347 2240 409 2302 hoc
434 2255 500 2302 non
523 2241 648 2303 erimus
671 2241 786 2304 contra
810 2241 918 2318 ipsam

124 2335 224 2396 «nisi
247 2352 307 2398 nos
328 2339 501 2399 teneamur
521 2337 561 2399 de
578 2340 657 2416 jnre
678 2337 762 2399 illud
783 2354 920 2400 waran-

123 2432 270 2494 «tizare.
297 2437 336 2496 st
361 2451 468 2514 neque
496 2451 558 2497 nos
579 2451 686 2514 neque
708 2450 918 2498 successores

123 2532 261 2593 «uoshi
285 2533 465 2609 poterimus
484 2549 603 2610 capere
626 2534 662 2594 in
683 2549 818 2595 manum
839 2550 920 2596 nos-

123 2629 242 2690 «tram
257 2642 312 2691 res
333 2628 409 2691 illas
428 2646 529 2706 super
543 2630 663 2707 quibus
682 2631 755 2708 ipsa
779 2647 816 2692 m
838 2648 920 2692 cau-

124 2742 228 2786 «sam
254 2726 397 2788 traxerit
422 2727 636 2789 detentorem.
661 2729 788 2790 Poterit
807 2731 919 2790 autem

125 2839 144 2883 «
158 2823 233 2900 ipsa
245 2824 362 2899 regina
377 2824 475 2885 tinem
489 2822 599 2886 facere
611 2825 652 2885 ad
663 2841 757 2885 suam
769 2825 920 2888 uolunta-

124 2920 223 2980 «tam
239 2935 313 2979 cum
329 2920 702 2995 eisdemdetentoribus,
719 2922 812 2984 salvo
823 2922 919 2985 uobis

124 3017 191 3077 «et
216 3015 405 3078 haeredibus
433 3019 556 3079 nostris
588 3021 662 3096 pest
694 3023 766 3098 ejus
793 3020 919 3082 obitum

123 3114 231 3190 «juro
265 3117 390 3177 nostro.
427 3115 644 3177 concedimus
679 3117 799 3189 etiam,
832 3119 919 3196 quod

124 3209 231 3288 «ipsa
252 3212 380 3289 regina,
406 3214 440 3275 et
458 3213 610 3275 hoznines
634 3213 674 3275 de
695 3214 823 3276 familia
845 3219 918 3293 ejus

123 3308 297 3371 «liberum
325 3310 470 3372 habeant
502 3312 592 3372 omni
620 3313 771 3389 tempore
799 3313 920 3376 introi·

123 3407 226 3468 «tum
254 3408 290 3468 in
319 3410 443 3470 terram
475 3409 633 3481 nostram,
671 3410 705 3471 et
726 3411 853 3472 exitum
877 3411 919 3473 ab

122 3503 283 3578 «eadem
304 3506 434 3583 possint
447 3506 494 3568 ibi
509 3507 634 3569 morari
648 3507 795 3585 quandiu
809 3509 920 3570 volue-

123 3602 233 3675 «rint,
248 3605 281 3666 et
295 3604 361 3665 mm
377 3620 433 3666 eos
449 3621 547 3681 quam
563 3620 677 3666 omnes
692 3621 745 3666 res
758 3606 919 3668 eorumin

123 3699 287 3761 «saluum
319 3701 516 3764 conductum
553 3704 703 3764 nostrum
739 3703 919 3780 recipimus

125 3797 192 3857 «et
206 3797 335 3859 fidelem
364 3800 574 3862 securitatem
602 3802 750 3862 nostram
785 3800 821 3860 in
854 3817 917 3862 ue-

123 3909 142 3953 «
157 3892 289 3967 niendo,
304 3895 339 3955 in
349 3897 529 3968 redeundo,
544 3899 577 3959 et
587 3898 758 3969 morando,
770 3897 918 3975 praestito

124 3994 364 4054 «sacramento
393 3995 479 4071 quod
507 4011 565 4071 per
586 4012 643 4056 eos
672 3995 796 4056 malum
821 3994 917 4057 nobis

122 4106 142 4151 «
156 4104 223 4150 non
234 4091 375 4162 eueniet,
390 4107 573 4167 necregno.
586 4091 804 4154 concedimus
817 4094 918 4154 etiam

124 4186 244 4263 «quod
257 4187 291 4247 in
308 4188 459 4249 omnibus
475 4189 634 4266 portubus
651 4190 754 4251 maris
775 4190 917 4251 liberum

123 4282 301 4346 «habeant
320 4287 496 4347 transitum
517 4287 779 4365 quandocunque
795 4289 917 4351 volue-

123 4382 234 4454 «rint,
251 4382 464 4459 prohibentes
479 4384 565 4462 quod
587 4386 699 4446 nullus
718 4385 917 4449 ballivorum

123 4479 209 4541 «vel
233 4479 403 4541 hominum
425 4485 613 4544 nostrorum
633 4484 725 4560 ipsos
746 4484 915 4560 impediat,

123 4578 209 4639 «vel
224 4578 497 4640 consuetudinem
510 4581 649 4657 recipiat
661 4580 703 4641 ab
720 4581 854 4643 eisdem.

162 4676 473 4753 «compositionem
505 4679 617 4739 autem
644 4679 743 4741 istam
778 4678 918 4741 facimus

121 4790 142 4834 «
156 4773 394 4850 tampronobis
403 4790 502 4852 quam
510 4775 766 4852 prohaeredibus
776 4776 917 4852 nostris;

122 4871 350 4946 «statuentes,
369 4873 455 4950 quod
471 4873 499 4934 si
515 4873 610 4945 forte,
633 4872 718 4952 quod
735 4873 833 4946 absit,
856 4889 918 4935 nos

122 4984 142 5027 «
156 4968 210 5028 uel
224 4968 347 5047 aliquis
361 4987 589 5032 successorum
603 4974 791 5032 nostrorum
811 4973 917 5048 ipsam

122 5081 141 5124 «
156 5066 427 5141 compositionem
438 5067 918 5146 infringeremus,quodfacere

122 5178 223 5223 «non
240 5178 416 5239 possumus
437 5165 529 5226 salva
552 5166 627 5237 lide,
641 5168 674 5227 et
692 5166 778 5226 infra
798 5167 918 5242 viginti

122 5275 142 5320 «
156 5258 227 5320 dies
238 5260 429 5322 commoniti
442 5278 502 5322 nos
515 5263 566 5323 vel
579 5263 780 5337 justitiarius
790 5266 915 5337 noster,

122 5356 185 5417 «si
200 5358 295 5418 extra
311 5373 448 5433 regnum
460 5358 621 5420 fuerimus
633 5377 698 5421 non
711 5362 915 5422 emendave-

122 5472 140 5515 «
156 5454 272 5527 rimus,
283 5453 469 5517 dotalitium
487 5474 582 5518 suum
599 5458 728 5534 integre
741 5459 918 5520 restituere

122 5553 329 5614 «teneamur
341 5553 459 5626 eidem,
476 5556 566 5616 omui
580 5556 757 5617 occasione
771 5555 804 5617 at
828 5556 917 5618 dila-

123 5665 142 5711 a
157 5650 247 5713 tione
265 5650 403 5714 remota.
421 5652 586 5716 Praeterea
602 5652 741 5714 fecimus
751 5655 869 5731 jurare
882 5655 917 5716 in

739 320 918 383 HONORII
939 322 984 383 111
1006 321 1154 384 OPERA.

1714 320 1772 384 las

971 481 1151 543 «animam
1166 481 1315 542 nostram
1327 478 1514 542 celfridum
1525 478 1661 542 hitterel
1681 480 1772 542 mili-

971 580 1072 641 «tem
1093 579 1254 649 nostrum,
1275 579 1362 656 quod
1384 579 1496 641 omnia
1516 594 1591 656 quae
1616 577 1651 639 in
1677 579 1772 641 carta

971 676 1070 737 «ista
1084 677 1296 738 continentur
1313 675 1563 738 observabimus
1580 675 1723 749 illibata,
1739 678 1772 739 et

971 774 1047 835 «ad
1063 777 1223 852 rumorem
1244 774 1459 837 securitatem
1478 789 1518 836 ea
1540 774 1688 838 omniaa
1709 774 1771 835 do-

971 886 991 931 «
1006 872 1096 934 mino
1109 873 1200 949 Papa
1212 871 1402 934 confirmari
1416 872 1680 949 impetrabimus.
1702 873 1771 934 Ro·

971 985 1124 1046 «gamus
1136 969 1237 1033 etiam
1256 968 1425 1033 dominum
1443 973 1578 1047 Papam,
1602 971 1635 1031 et
1657 970 1770 1030 humi-

971 1067 1082 1130 «liter
1110 1066 1265 1145 petimus,
1291 1070 1326 1129 ut
1349 1068 1505 1146 praesenti
1535 1067 1770 1145 compositioni

952 1164 954 1169 '
971 1181 991 1226 «
1005 1164 1105 1226 addat
1119 1166 1314 1227 securitates
1326 1181 1409 1242 quas
1421 1165 1543 1227 viderit
1556 1164 1727 1242 expedire,
1740 1167 1771 1227 et

971 1278 1067 1325 «nos
1082 1265 1191 1325 ratum
1213 1262 1407 1325 habebimus
1423 1263 1580 1340 quidquid
1600 1262 1679 1324 inde
1701 1265 1770 1324 sta·

972 1360 1117 1422 «tuerit.
1132 1360 1292 1423 Volumus
1302 1360 1392 1422 enlm
1403 1361 1489 1438 quod
1504 1362 1615 1422 omnia
1626 1359 1770 1421 fideliter

971 1457 1234 1529 «observentur,
1257 1460 1290 1519 et
1316 1458 1471 1519 nolumus
1496 1459 1584 1537 quaed
1610 1458 1771 1535 praedicta

972 1556 1122 1632 «regina
1137 1555 1242 1633 possit
1258 1572 1358 1633 super
1375 1556 1439 1618 hoc
1453 1556 1620 1633 abaliquo
1642 1557 1678 1616 in
1694 1571 1772 1632 pos·

972 1655 1112 1716 «terum
1133 1654 1315 1716 molestari.
1338 1656 1378 1716 Et
1399 1654 1569 1716 sciendum
1594 1655 1655 1725 est,
1681 1655 1767 1731 quod

973 1752 1041 1813 «in
1070 1751 1132 1813 hoc
1158 1751 1241 1814 festo
1271 1752 1423 1813 Omnium
1461 1752 1657 1813 Sanctorum
1682 1766 1767 1813 anno

972 1849 1100 1926 «regni
1133 1851 1239 1912 nostri
1272 1850 1410 1926 septimo
1450 1848 1576 1911 decimo
1603 1848 1768 1911 solvemus

972 1964 991 2008 «
1006 1947 1102 2009 dictae
1117 1948 1258 2009 domiuae
1282 1948 1408 2023 reginae
1431 1947 1556 2023 primas
1571 1947 1767 2023 quingentas

972 2044 1108 2106 «libras
1123 2044 1163 2105 de
1178 2045 1378 2122 supradictis
1396 2044 1486 2105 mille
1507 2044 1602 2104 libris
1622 2044 1687 2105 sibi
1709 2061 1769 2104 an-

973 2142 1134 2203 «nuatim
1162 2141 1339 2203 solvendis.
1372 2141 1431 2202 llis
1461 2141 1602 2201 testibus
1624 2140 1767 2202 dominis

973 2241 1043 2300 «P.
1058 2240 1218 2308 winton..
1234 2242 1267 2300 S.
1290 2241 1393 2299 Exon.
1411 2237 1585 2314 episcopis,
1610 2238 1767 2312 magistro

973 2335 1124 2408 «Pand,
1143 2337 1331 2412 Norwogiae
1360 2335 1490 2406 electo,
1515 2337 1556 2394 Η.
1584 2333 1703 2395 abbate
1729 2333 1767 2394 de

972 2434 1099 2496 «Bello
1125 2437 1230 2506 Loco,
1258 2432 1361 2495 fratre
1388 2431 1495 2493 alano
1522 2431 1664 2503 ltlairel,
1693 2446 1765 2492 ma-

973 2532 1110 2608 «gistro
1127 2534 1164 2592 Ρ.
1188 2530 1424 2591 archidiacono
1446 2531 1539 2589 Surr.
1564 2530 1684 2589 Datum
1709 2543 1767 2605 per

973 2647 992 2690 «
1006 2645 1140 2690 manum
1154 2628 1304 2705 magistri
1320 2627 1458 2689 Riccde
1472 2627 1619 2698 Marisc,
1634 2626 1766 2687 cancel-

973 2745 991 2788 «
1005 2727 1083 2788 larii
1097 2726 1201 2788 nostri
1215 2726 1301 2803 apud
1317 2728 1448 2796 Dotem,
1460 2723 1607 2786 secunda
1624 2723 1680 2784 die
1695 2739 1767 2800 sep·

973 2823 1153 2896 «tambeis,
1177 2840 1265 2886 anno
1287 2823 1382 2899 regni
1407 2822 1515 2885 nostri
1541 2821 1683 2897 septimo
1707 2821 1764 2883 de-

973 2922 1139 2983 «eima»

1013 3018 1105 3081 Nulli
1140 3034 1234 3095 ergo,
1271 3018 1346 3089 etc,
1383 3019 1506 3079 nostrae
1540 3016 1766 3078 confirmatio-

973 3117 1037 3189 nis,
1054 3119 1116 3179 etc.
1135 3117 1170 3177 Si
1193 3116 1266 3192 quis
1285 3118 1406 3185 autem,
1423 3119 1485 3177 etc.
1513 3116 1632 3175 flatum
1658 3117 1765 3176 Rome

974 3216 1060 3293 apud
1072 3216 1229 3276 Sanctum
1241 3214 1385 3284 Petrum,
1400 3215 1430 3273 Χ
1440 3210 1601 3273 kalendas
1607 3209 1762 3289 januarii,

974 3312 1188 3391 pontificatus
1201 3310 1308 3374 nostri
1323 3325 1412 3373 anno
1425 3309 1542 3387 primo.

1322 3550 1423 3638 dxv

972 3776 1024 3834 Ad
1034 3776 1327 3848 archiepiscopum
1339 3772 1372 3832 ct
1394 3773 1674 3832 archidiaconum
1698 3772 1760 3829 ltc-

1012 3874 1088 3932 deu.
1116 3871 1150 3931 et
1175 3869 1360 3931 sacristam
1382 3870 1417 3931 S.
1442 3870 1545 3929 Ponti
1575 3871 1727 3928 Narbon.

1262 3982 1296 4040 23
1315 3981 1379 4040 dec.
1402 3981 1480 4038 lale.

1087 4132 1297 4199 [Analeclaluris
1308 4132 1437 4184 Pontificii
1446 4132 1479 4181 ad
1492 4145 1552 4180 aun.
1566 4130 1639 4195 lale]

973 4253 1021 4309 Eis
1034 4248 1161 4318 mandat,
1173 4256 1204 4305 ut
1219 4249 1363 4306 usurarios
1376 4256 1404 4304 et
1420 4246 1619 4304 malefactores
1628 4246 1657 4302 iu
1669 4247 1761 4303 Elueu.

1007 4338 1123 4397 dioecosi
1136 4337 1304 4395 constitutos
1316 4350 1529 4409 percensuram
1545 4335 1763 4392 ecclesiasticam

1007 4426 1190 4500 compellant.

1011 4571 1190 4642 Honorius,
1200 4570 1276 4640 etc..
1285 4567 1466 4629 venerabili
1477 4567 1573 4629 fratri
1588 4567 1765 4645 archiepis·

974 4686 1067 4747 cepe,
1088 4670 1121 4731 et
1144 4667 1273 4729 dilectis
1298 4666 1375 4726 filiis
1393 4665 1629 4726 archidiacone
1645 4667 1763 4728 Redeo.

972 4771 1005 4831 et
1017 4768 1166 4829 sacristae
1182 4765 1288 4827 sancti
1301 4765 1399 4825 Pauli
1411 4766 1441 4825 N
1443 4764 1602 4824 arbonen.

1012 4866 1131 4927 Dilecti
1146 4864 1206 4924 filii
1221 4862 1401 4939 capitulum
1414 4863 1529 4921 Elnen.
1545 4861 1698 4924 ecclesiae
1716 4877 1766 4921 no

972 4965 1022 5026 bis
1058 4978 1225 5040 exponere
1260 4961 1472 5030 curaverunt,
1508 4959 1595 5036 quod
1635 4960 1765 5036 quidam

972 5061 1203 5124 malefactores
1223 5060 1257 5120 et
1270 5057 1414 5118 usurarii
1436 5057 1469 5116 in
1494 5057 1610 5118 Elnen.
1633 5054 1766 5119 dioecesi

972 5160 1142 5223 constituti
1166 5157 1313 5219 existunt
1329 5155 1412 5215 adeo
1431 5155 1464 5214 in
1480 5170 1540 5214 sua
1558 5155 1688 5216 malitia
1700 5169 1768 5232 per·

971 5260 1109 5329 tinacos,
1126 5255 1212 5333 quod
1227 5270 1300 5316 cum
1315 5253 1351 5313 in
1366 5269 1423 5314 eos
1437 5252 1648 5328 exigentibus
1662 5252 1767 5328 culpis

973 5357 1042 5418 suis
1061 5350 1412 5417 excommunicationis
1434 5350 1595 5411 sententia
1622 5350 1768 5426 promul·

972 5455 1079 5531 gatur,
1105 5468 1125 5512 a
1148 5450 1218 5511 suis
1245 5447 1475 5525 iniquitatibus
1500 5463 1567 5509 non
1592 5447 1765 5517 desistunt,

972 5566 1149 5615 censuram
1164 5549 1358 5610 canonicam
1375 5550 1499 5609 temere
1515 5547 1765 5608 contemnendo.

972 5651 1057 5727 Quia
1069 5650 1172 5727 igitur
1186 5647 1322 5723 dignum
1337 5647 1388 5708 est
1400 5648 1436 5709 ut
1445 5645 1491 5717 hi,
1504 5658 1586 5722 quos
1599 5644 1660 5707 llei
1669 5645 1768 5706 timor
