3802 6166
494 317 581 377 XXI.
596 316 695 381 -IN
718 317 847 379 FESTO
871 316 1021 379 sudori
1041 317 1285 389 naussum,

59 314 121 377 su
1523 390 1526 399 ,
1652 319 1713 389 aa

60 473 152 545 sivit,
169 473 250 551 quia
273 473 379 537 donec
390 474 529 538 mortem
547 476 703 554 gustavit,
719 475 861 539 fructum
916 492 1013 553 quam
1041 478 1152 539 tamen
1169 476 1266 555 culpa
1285 475 1475 551 remittitur,
1492 477 1549 540 sed
1572 479 1713 541 remissa

60 571 304 649 redemptionis
316 572 470 635 humanae
482 589 549 636 non
563 574 711 651 perfecit,
722 574 778 636 sed
795 591 863 637 mo·
915 576 1126 653 purgatur.0
1147 575 1263 638 beatus
1278 576 1483 653 paupertatis
1495 576 1659 649 infernus,
1676 576 1714 638 in

60 669 181 731 riendo
209 668 352 732 fructum
378 686 421 733 ex
447 688 483 733 se
511 671 754 749 multiplicavit,
783 672 861 750 quia
915 689 980 750 quo
1002 672 1151 735 Christus
1174 674 1271 735 natus
1293 674 1396 735 estet
1422 674 1577 745 nutritus,
1592 677 1626 737 et
1645 674 1713 736 du-

59 783 179 829 omnes
193 766 235 829 ad
251 769 354 830 vitam
368 770 526 831 aeternam
540 770 793 846 praedestinatos
806 787 862 831 re-
916 770 992 831 dum
1008 770 1070 833 fuit
1088 771 1239 832 incarne
1256 773 1484 834 conversatus.
1502 774 1539 833 In
1559 788 1624 849 quo
1646 789 1714 834 nou

60 864 176 927 demit.
189 866 282 928 Sicut
292 866 340 927 ait
358 866 391 927 in
405 867 861 930 Ecclesiasti002Peuctraho
916 869 1021 929 solum
1048 868 1218 931 descendit
1244 873 1282 931 ut
1308 885 1386 930 suos
1424 869 1625 943 extraheret,
1656 870 1713 933 sed

59 963 251 1037 desertores
268 965 390 1039 parics
406 966 523 1036 terroe,
540 966 573 1026 et
586 968 768 1041 inspiciam
788 980 862 1027 ona·
915 966 1046 1043 quidem
1073 966 1162 1028 dedit
1186 968 1411 1043 semetipsum,
1428 968 1466 1029 ut
1486 984 1546 1030 nos
1570 968 1716 1045 eriperet

60 1076 123 1121 nes
137 1063 361 1134 committes,
378 1063 411 1124 ei
425 1065 623 1124 tdrrmbmbo
648 1078 767 1125 carues
781 1079 862 1138 spe·
915 1062 955 1123 de
968 1063 1124 1140 praesenti
1136 1063 1259 1125 saeculo
1272 1064 1440 1141 nequitiae.
1450 1065 1541 1136 Quod
1551 1064 1591 1125 de
1604 1080 1714 1126 massa

59 1159 184 1220 rantes
209 1161 245 1219 tn
267 1162 338 1221 Deo
365 1157 479 1237 (Eccli.
502 1176 596 1232 xxiv,
621 1159 687 1240 45).
711 1161 861 1222 Christus

59 1254 233 1317 descendit
259 1256 293 1317 in
318 1256 494 1319 inferiores
513 1258 624 1335 partes
642 1261 749 1331 terrae,
763 1259 859 1332 idest,

60 1354 96 1416 in
122 1353 268 1427 inferno,
287 1355 321 1417 et
338 1354 484 1432 inspexit
507 1372 621 1417 omnes
645 1356 858 1430 dormientes,

60 1452 160 1521 idest,
173 1467 289 1514 omnes
304 1455 450 1515 mortuos
472 1454 527 1530 qui
542 1456 638 1516 erant
651 1455 687 1516 in
700 1454 858 1528 tenebris,

60 1551 94 1611 et
121 1549 327 1612 illuminavit
359 1567 473 1612 omnes
501 1553 673 1628 sperantes
711 1551 745 1612 in
780 1555 859 1627 Deo,

60 1646 161 1720 idest,
178 1663 294 1709 omnes
317 1647 441 1721 fideles,
463 1649 520 1726 qui
541 1648 673 1711 fuerant
698 1648 739 1711 ab
764 1649 861 1713 initio

61 1744 179 1807 mundi
193 1761 297 1823 usque
312 1746 353 1807 ad
373 1745 567 1808 descensum
589 1747 695 1823 ipsius
710 1748 750 1809 ad
769 1748 821 1809 inf
839 1780 859 1795 -

60 1858 130 1915 ros,
147 1845 181 1905 et
204 1843 321 1906 eduxit
346 1860 402 1906 eos
428 1845 469 1906 de
493 1844 638 1906 tenebris
667 1845 789 1907 inferni
818 1846 860 1908 ad

60 1940 170 2003 lucem
185 1957 311 2013 veram,
325 1958 406 2019 quos
419 1942 536 2018 dignos
549 1943 862 2022 redemptionepas·

59 2039 166 2101 sionis
201 2039 341 2101 invenit.
372 2040 465 2102 Unde
493 2040 609 2102 beatus
640 2041 858 2106 Ambrosius:

61 2154 79 2194 ι
95 2136 189 2197 Nihil
215 2136 310 2198 nobis
335 2138 427 2199 nasci
442 2139 648 2211 contulisset,
663 2139 727 2201 nisi
740 2140 860 2201 redimi

59 2234 241 2313 profuisset
263 2251 293 2307 s,
314 2235 470 2313 qnoniam
498 2238 576 2299 ante
599 2237 858 2313 redemptionem

60 2332 306 2395 descendebant
320 2332 471 2397 homines
484 2334 524 2394 ad
540 2334 718 2398 infernum.

97 2430 237 2507 Triplex
248 2430 465 2493 estinfernus.
477 2430 570 2496 lilius
583 2432 856 2509 consumptionis,

60 2528 116 2590 ubi
130 2531 182 2590 est
194 2528 283 2605 ignis
296 2528 350 2606 qui
369 2545 548 2608 numquam
563 2530 713 2601 moritur,
724 2532 757 2591 et
771 2531 858 2606 ignis

61 2626 114 2703 qui
139 2642 321 2703 numquam
341 2627 556 2702 extinguitur,
573 2626 608 2687 in
623 2643 688 2705 quo
703 2628 794 2689 nulla
809 2630 859 2695 est

61 2724 255 2801 redemptio.
283 2724 378 2788 Alius
407 2727 457 2786 est
481 2724 632 2789 infernus
657 2727 857 2803 expiationis

65 2822 117 2899 qni
136 2822 315 2900 deputatus
328 2826 380 2886 est
392 2821 565 2887 animabus
587 2822 768 2908 purgandis
785 2826 859 2903 post

64 2924 211 2982 mortem.
228 2919 322 2981 Alius
337 2910 693 2982 infernusafflictionis
710 2939 856 3001 pauper-

64 3019 120 3089 tas,
142 3018 301 3080 videlicet
321 3018 520 3090 voluntaria,
538 3019 573 3079 in
596 3036 661 3097 qua
684 3020 856 3082 abrenun-

67 3116 182 3178 tiantes
207 3115 331 3178 saeculo
356 3115 505 3193 affligere
537 3116 693 3179 debemus
729 3119 857 3181 animas

70 3216 257 3285 nostras,nt
280 3230 447 3287 sanemur,
472 3231 533 3276 nec
552 3217 762 3280 transeamus
785 3219 858 3295 post

70 3315 199 3374 mortem
217 3311 258 3372 ad
281 3312 455 3389 judicium,
473 3313 529 3374 sed
546 3313 586 3374 de
608 3314 713 3377 morte
735 3315 776 3376 ed
801 3316 856 3375 vi-

69 3410 138 3470 tam.
155 3412 193 3471 ln
209 3408 272 3471 hoc
287 3409 418 3472 inferno
433 3411 567 3488 ponitur
591 3411 740 3489 quisquis
755 3411 856 3472 abre-

69 3508 219 3569 nuntians
234 3507 378 3585 propriis
393 3507 617 3585 voluptatibus
629 3509 750 3581 carnis,
767 3525 854 3570 mor-

69 3603 164 3666 tificat
178 3603 326 3665 membra
342 3620 402 3665 sua
422 3620 495 3681 quae
516 3605 592 3665 sunt
605 3620 706 3682 super
720 3607 855 3678 terram,

69 3701 166 3777 magis
191 3702 319 3777 eligens
331 3701 437 3778 afiligi
448 3718 521 3763 cum
538 3703 658 3779 populo
675 3703 746 3776 Dei,
759 3719 857 3780 quam

67 3799 253 3877 temporalis
289 3799 415 3876 peccati
448 3799 571 3861 habere
602 3800 855 3877 jucunditatem.

68 3897 119 3967 Qui
141 3913 224 3974 ergo
239 3897 272 3958 in
289 3896 377 3958 hunc
393 3896 560 3960 infernum
574 3897 776 3960 descendere
791 3915 857 3959 non

66 3996 164 4066 curat,
191 3994 299 4055 adhuc
325 3995 360 4057 in
383 4011 484 4057 carne
498 3996 636 4072 positus,
662 3996 697 4060 in
717 3997 856 4059 alterum

65 4090 200 4154 «luorum
224 4091 370 4169 profecto
397 4093 585 4158 descendet,
601 4094 659 4154 vix
680 4095 737 4157 aut
760 4110 858 4156 num-

65 4206 170 4265 quam,
198 4189 458 4267 redemptionom
491 4190 699 4252 inventurus.
726 4192 857 4253 Primus

63 4286 213 4350 infernus
228 4290 277 4350 est
297 4288 475 4361 exactoris,
488 4288 566 4364 quia
588 4289 622 4348 in
651 4304 690 4350 eo
712 4289 858 4365 exigitur

62 4401 164 4463 usque
178 4385 220 4446 ad
234 4385 452 4446 novissimum
468 4386 696 4462 quadrantem,
712 4387 744 4447 et
759 4402 855 4463 poena

59 4486 129 4560 ejus
146 4481 425 4557 interminabilis3
442 4485 478 4545 ut
496 4483 616 4560 quippe
635 4483 719 4543 nihil
736 4484 855 4545 remit-

57 4582 157 4653 tatur,
168 4596 349 4657 numquam
360 4579 857 4659 fineminveniatexactio,quia

56 4677 181 4756 injuria
204 4679 263 4739 Dei
286 4694 417 4754 semper
432 4678 615 4739 ulciscitur.
630 4679 720 4740 Adeo
744 4679 854 4757 siqui-

55 4775 129 4837 dem
146 4775 308 4837 horribile
322 4779 372 4839 est
385 4792 443 4853 per
458 4775 716 4838 inobedientiam
732 4777 856 4840 inferre

54 4874 505 4945 contumeliamCreatori,nt
515 4875 606 4935 nulla
617 4891 713 4951 poena
727 4875 854 4952 expiari

53 4973 165 5049 queat,
195 4971 260 5037 nisi
287 4972 359 5049 ipse
384 4973 541 5035 remittat.
569 4973 661 5046 Quod
686 4973 722 5034 in
748 4974 855 5051 prima

51 5072 322 5146 transgressione
354 5070 480 5147 liquido
511 5073 660 5149 apparet.
693 5075 758 5133 Pro
791 5090 855 5150 qua

51 5171 156 5231 etiam
185 5168 341 5237 infantes,
371 5169 489 5246 quibus
517 5170 551 5231 in
580 5169 743 5247 baptismo
770 5170 854 5235 nihil

52 5266 245 5338 remittitur,
258 5266 293 5327 in
308 5268 468 5328 aeternum
482 5267 693 5329 damnantur.

94 5364 268 5427 Secundus
284 5366 334 5428 est
356 5366 580 5442 purgatorius,
598 5366 716 5427 tertius
731 5366 854 5426 remis-

50 5463 176 5534 sorius,
194 5462 230 5522 in
255 5478 320 5539 quo
345 5461 512 5526 nimirum.
540 5463 617 5540 quia
642 5462 854 5524 voluntarius

51 5564 114 5633 est,
131 5575 222 5637 saepe
246 5561 279 5621 et
302 5574 400 5638 perna
426 5562 459 5622 et
484 5560 581 5638 culpa
607 5560 797 5622 remittitur.
817 5563 852 5622 ln

52 5659 202 5723 secundo
221 5673 301 5720 vero
326 5658 388 5721 etsi
410 5658 606 5738 quandoque
627 5674 736 5737 pmna,
753 5675 853 5722 num-

914 1160 1118 1237 perditorum
1144 1162 1306 1238 segregat,
1336 1161 1384 1222 ibi
1412 1162 1572 1239 aggregat
1605 1162 1711 1223 donec

915 1259 1079 1321 extrahat.
1097 1260 1134 1319 ln
1147 1258 1210 1320 hoc
1229 1257 1361 1321 inferno
1376 1260 1454 1321 sunt
1474 1260 1712 1322 adolescentu-

914 1355 955 1417 1ae
972 1371 1077 1428 novae,
1091 1356 1247 1418 videlicet
1260 1356 1431 1419 initiantes
1449 1357 1569 1419 animae
1586 1360 1713 1435 juven·
1767 1355 1770 1359 ’

915 1454 1010 1526 ovilae,
1027 1454 1173 1532 profecto
1188 1454 1440 1532 tympanistriae,
1454 1471 1536 1532 quas
1546 1456 1714 1532 principes

915 1551 1059 1628 angelici
1083 1552 1292 1629 praeveniunt
1312 1552 1347 1612 in
1374 1550 1534 1629 cymbalis
1559 1552 1643 1614 bene
1657 1569 1715 1613 so-

915 1649 1083 1723 nantibus,
1102 1652 1135 1711 ct
1146 1649 1395 1727 subsequuntur
1407 1649 1442 1711 in
1457 1649 1718 1728 cymbalisjnbi·

916 1747 1062 1810 lationis
1078 1751 1113 1809 ln
1127 1748 1203 1808 aliis
1220 1747 1382 1824 siquidem
1394 1747 1534 1809 infernis
1547 1747 1710 1822 homines,

915 1845 971 1906 sed
1007 1846 1042 1906 in
1079 1845 1142 1906 isto
1173 1845 1339 1908 daemones
1371 1845 1412 1906 ad
1448 1861 1595 1922 praesens
1630 1861 1712 1907 cru-

914 1943 1057 2005 cientur.

954 2041 1126 2104 Moraliter
1151 2043 1259 2120 potest
1282 2041 1323 2105 de
1338 2057 1536 2119 unoquoque
1559 2042 1710 2103 nostrum

914 2139 1068 2215 intelligi.
1085 2142 1211 2217 Corpus
1235 2139 1312 2201 boni
1337 2139 1513 2217 cujuslibet
1537 2139 1712 2201 christiani

913 2238 964 2298 est
985 2236 1080 2313 quasi
1101 2252 1243 2313 granum
1258 2236 1425 2308 frumenti,
1443 2237 1540 2314 quod,
1564 2237 1641 2297 dum
1656 2253 1713 2298 se·

913 2333 1045 2410 pelitnr,
1059 2334 1252 2406 seminatur,
1262 2334 1348 2395 idest
1360 2333 1501 2395 moritur
1512 2334 1547 2394 in
1561 2335 1710 2410 pulvere,

913 2432 949 2493 nt
963 2431 1128 2507 gloriosus
1144 2434 1361 2507 conresurget
1381 2430 1416 2492 in
1431 2448 1550 2503 messe,
1562 2431 1658 2503 idest,
1673 2431 1709 2493 in

912 2529 1030 2605 gloria.
1042 2530 1163 2592 Messis
1177 2530 1228 2591 est
1239 2529 1479 2591 consummatio
1488 2529 1613 2591 saeculi.
1624 2531 1710 2590 Mes·

913 2643 1005 2689 sores
1017 2627 1139 2704 angeli,
1156 2627 1213 2705 qui
1231 2627 1328 2700 falce,
1342 2626 1438 2700 idest,
1450 2627 1643 2704 Deijudicio
1657 2627 1710 2688 vel

912 2726 1076 2789 sententia
1088 2724 1337 2801 congregabunt
1347 2724 1450 2786 bonos
1463 2725 1505 2785 ad
1515 2725 1629 2797 vitam,
1638 2740 1712 2786 ma-

912 2823 961 2885 los
974 2822 1015 2884 ad
1035 2822 1253 2899 perditionem
1269 2823 1438 2885 aeternam.
1457 2822 1550 2884 Unde
1564 2824 1709 2900 Aposto-

912 2920 965 2981 lus
980 2943 987 2983 :
1003 2922 1206 2984 Scruinotar
1228 2924 1266 2983 tn
1286 2921 1518 2994 corruptione,
1532 2921 1652 2996 surget
1673 2923 1710 2983 iu

912 3019 1181 3093 incorruptione.
1206 3018 1410 3079 demirantur
1427 3021 1465 3079 to
1489 3018 1707 3090 infirmitate,

911 3116 1031 3192 surget
1050 3118 1088 3175 irc
1111 3115 1241 3175 virtute
1259 3111 1288 3192 (l
1308 3116 1381 3175 Gor.
1401 3131 1457 3187 xv,
1474 3116 1524 3186 42,
1541 3114 1606 3195 43).
1623 3116 1708 3176 Nam

912 3228 1032 3290 corpus
1058 3211 1204 3273 hominis
1232 3212 1318 3289 quod
1346 3211 1526 3284 infirmum,
1549 3228 1651 3288 grave
1677 3212 1709 3274 et

912 3309 1059 3386 ignobile
1075 3310 1244 3388 sepelitur,
1258 3310 1360 3370 multa
1374 3309 1507 3379 virtute,
1524 3309 1707 3382 celeritate,

912 3407 1018 3483 gloria
1047 3407 1081 3469 in
1108 3407 1351 3470 resurrectione
1376 3406 1653 3484 magnificabitur,
1675 3408 1710 3468 et

912 3506 989 3565 tunc
1002 3504 1120 3565 afferet
1135 3504 1274 3565 multum
1288 3504 1429 3565 fructum
1442 3504 1558 3580 gloriae
1574 3504 1709 3565 virtutis

912 3601 982 3662 liei.
1010 3602 1103 3663 Sicut
1128 3617 1207 3679 ergo
1232 3617 1383 3677 granum,
1410 3602 1582 3678 postquam
1608 3601 1710 3664 fuerit

912 3701 1088 3772 mortuum,
1103 3700 1221 3777 recipit
1239 3715 1360 3761 novam
1382 3698 1521 3760 formam
1544 3700 1580 3761 in
1603 3700 1706 3777 spica,

912 3797 958 3859 ita
974 3813 1094 3875 eorpus
1114 3797 1289 3860 christiani
1304 3797 1339 3862 in
1358 3797 1603 3859 resurrectione
1618 3797 1709 3859 reci-

911 3895 980 3972 piet
993 3912 1114 3957 novam
1138 3895 1278 3957 formam
1300 3897 1333 3957 et
1352 3911 1474 3957 novum
1499 3895 1708 3972 splendorem

912 3994 945 4054 et
972 4009 1092 4055 novam
1109 3993 1261 4069 gloriam.
1281 3994 1395 4056 Potest
1415 4009 1545 4072 quoque
1569 3993 1609 4054 de
1626 4008 1710 4055 une

912 4106 1042 4167 quoque
1057 4093 1203 4167 martyre
1225 4090 1365 4166 intelligi
1381 4090 1611 4167 spiritualiter.
1628 4092 1708 4151 Cum

912 4188 1000 4249 enim
1016 4188 1154 4266 quilibet
1179 4192 1305 4266 martyr
1327 4204 1386 4265 pro
1401 4188 1531 4250 Christo
1552 4188 1710 4266 semetip-

912 4301 985 4345 sum
1002 4285 1140 4347 tradidit
1162 4286 1320 4363 passioni,
1336 4286 1473 4346 multum
1496 4285 1640 4348 fructum
1655 4287 1710 4347 at-

911 4382 998 4455 tulit,
1021 4384 1098 4461 qnia
1127 4384 1248 4460 pagani
1274 4383 1424 4444 videntes
1451 4384 1607 4462 patientis
1628 4399 1711 4445 con-

912 4481 1080 4553 stantiam,
1095 4483 1128 4546 et
1145 4496 1204 4560 per
1221 4481 1330 4558 ipsum
1351 4483 1530 4559 martyrem
1546 4481 1709 4542 miracula

913 4579 1107 4646 salvatoris.
1123 4579 1348 4655 glorificantes
1369 4580 1546 4650 Christum,
1563 4593 1708 4640 conver-

911 4677 1066 4741 tebantur
1086 4678 1128 4739 ad
1150 4678 1269 4755 ipsum,
1286 4679 1319 4740 et
1340 4677 1519 4738 Christiani
1546 4677 1603 4753 qui
1630 4677 1709 4736 tunc

912 4779 1018 4847 erant,
1033 4775 1304 4839 confortabantur
1317 4774 1352 4835 in
1365 4773 1494 4834 melius.
1505 4774 1545 4835 Et
1558 4774 1604 4835 ita
1619 4789 1711 4834 mar·

911 4877 975 4952 tyr,
993 4873 1049 4951 qui
1071 4873 1162 4933 solus
1176 4872 1314 4934 cadebat
1329 4872 1362 4931 in
1382 4871 1483 4941 terra,
1498 4887 1556 4947 per
1575 4871 1709 4933 dolores

911 4973 1161 5040 tormentorum,
1179 4969 1317 5030 multum
1340 4967 1482 5030 fructum
1498 4969 1659 5032 afferebat
1671 4970 1706 5031 in

910 5070 975 5131 lide
986 5083 1223 5130 conversorum
1235 5081 1452 5143 paganorum.

951 5166 1106 5244 Sequitur
1119 5187 1126 5224 ε
1139 5165 1304 5231 detumet
1316 5167 1580 5226 uniommsuom
1587 5167 1711 5239 portici

909 5281 986 5326 euru
1003 5262 1096 5343 (Luc.
1114 5278 1161 5334 nr,
1178 5261 1244 5341 24).
1262 5261 1451 5339 Tripliciter
1465 5263 1578 5323 amant
1595 5261 1707 5325 homi-

910 5378 968 5423 nes
981 5360 1110 5422 animas
1125 5375 1214 5431 suas,
1231 5360 1263 5421 et
1283 5359 1407 5420 idcirco
1431 5358 1572 5435 perdunt
1591 5375 1649 5421 eas
1675 5360 1709 5422 in

909 5458 1102 5525 honoribus,
1127 5458 1163 5518 in
1188 5456 1315 5519 divitiis
1339 5459 1371 5519 et
1384 5457 1420 5517 in
1433 5456 1574 5519 deliciis.
1596 5459 1633 5518 In
1648 5458 1712 5519 ho·

909 5556 1046 5618 neribus
1060 5555 1239 5626 ambitiosi,
1253 5556 1289 5616 in
1308 5554 1434 5617 divitiis
1447 5555 1553 5626 avari,
1567 5554 1601 5616 in
1617 5555 1705 5616 dcli·
1755 5584 1760 5593 ·

908 5655 970 5717 ciis
990 5653 1191 5732 voluptuosi.
1217 5652 1392 5715 ambitiosi
1419 5653 1562 5730 perdunt
1579 5653 1711 5715 animas
