3802 6166
176 358 234 420 331
637 358 814 418 nonnuli
829 358 875 418 111
890 357 1038 419 OPERA.
1060 384 1103 403 -
1122 356 1356 418 SERMONES.
1764 363 1825 421 33⁴2

176 532 249 579 sua.
279 517 365 580 Nam
384 514 470 578 sicut
487 514 569 579 dicit
588 514 704 577 beatus
730 514 920 592 Gregorius,
940 518 974 578 et
1027 512 1127 594 (loel.
1143 530 1180 587 u,
1197 514 1260 595 12).
1276 516 1418 593 Propter
1430 515 1620 588 secundum,
1638 531 1697 578 seu
1715 518 1752 580 ut
1765 519 1822 581 te·

177 616 279 677 etiem
291 614 495 690 Augustinus
512 630 556 674 z«
571 613 627 675 Sic
643 613 871 692 unusquisque
892 614 973 676 tunc
1026 613 1147 689 gantur
1161 614 1307 690 peccata,
1320 613 1442 675 dicitur
1458 616 1695 688 :confitemini
1709 619 1822 678 alter-

177 713 241 774 arit
262 710 488 789 conspicibilis
509 712 625 782 alteri,
646 712 732 774 sicut
755 726 842 772 nunc
866 711 973 789 potest
1027 710 1148 771 utmm
1160 712 1301 784 peccota
1324 710 1539 790 1111111011.
1560 729 1593 784 v,
1609 712 1672 791 16).
1689 714 1825 776 Contes-

177 825 250 870 esse
265 809 492 886 conspicibilis
506 810 570 870 sibi
589 810 666 888 ipsi.
687 826 706 869 1
729 810 784 871 Sic
803 808 901 871 bomo
920 809 974 869 vi·
1027 807 1078 869 sio
1099 808 1186 869 enim
1207 810 1360 885 quamvis
1384 810 1548 872 sacerdoti
1571 811 1719 888 detegat,
1745 813 1823 874 aliis

176 907 266 969 debit
278 907 501 969 conscientias
522 908 669 969 omnium
684 907 869 977 hominum,
887 907 972 967 sicut
1026 907 1137 967 tamen
1153 904 1307 967 occultat.
1324 909 1463 984 Propter
1476 908 1621 979 tertium,
1636 924 1694 970 seu
1710 911 1823 972 utnon

176 1022 265 1067 nunc
280 1021 346 1066 non
362 1006 470 1083 potest
481 1006 594 1067 videre
610 1022 703 1066 suam
716 1028 724 1080 3
739 1004 817 1083 quia
832 1020 900 1067 non
912 1020 973 1081 po-
1026 1003 1231 1080 imputentur
1254 1006 1400 1081 peccate,
1423 1004 1545 1066 dicitur
1572 1027 1581 1065 :
1603 1008 1721 1069 Facite
1740 1024 1825 1086 ergo

175 1104 242 1166 test
268 1103 367 1165 bomo
383 1119 583 1180 cognoscere
602 1104 749 1182 peccate,
773 1102 827 1165 vel
854 1102 972 1164 merita
1027 1103 1148 1177 dignos
1160 1102 1295 1175 {tuctus
1305 1103 1520 1177 poerttteottoe
1532 1102 1626 1182 (Luc.
1643 1120 1692 1177 111,
1709 1105 1754 1184 8).

179 1217 251 1274 sun,
262 1201 319 1263 sed
332 1201 411 1263 tunc
423 1201 507 1263 bene
523 1204 699 1278 cognoscet
709 1201 831 1263 aliena.
845 1199 972 1262 Gaudia
1067 1199 1137 1259 Hoc
1152 1200 1203 1260 est
1215 1199 1363 1261 triduum
1374 1199 1455 1260 illud
1468 1201 1552 1278 quod
1564 1204 1695 1278 Moyses
1708 1203 1825 1265 eduxit

176 1297 348 1360 beatorum
374 1302 452 1360 sunt
470 1299 611 1371 occulta,
635 1298 714 1376 quia
743 1314 841 1359 nemo
866 1299 973 1375 potest
1028 1296 1184 1372 populum
1204 1297 1307 1358 lsrael
1335 1297 1376 1358 de
1398 1299 1553 1374 AEgvpto
1581 1299 1641 1359 llis
1670 1315 1824 1377 mamque

176 1411 380 1472 cognoscere
406 1397 530 1473 quanta
555 1396 629 1456 sint·
647 1396 796 1457 coelestia
821 1395 969 1473 praemia.
1028 1393 1134 1454 tribus
1148 1393 1265 1455 diebus
1284 1395 1324 1456 de
1339 1396 1482 1473 AEgypto
1504 1396 1537 1458 et
1557 1397 1676 1457 mentis
1701 1399 1823 1460 conlu-

178 1493 272 1557 Unde
283 1494 614 1556 Isaias20mousnon
623 1495 721 1565 cidit,
733 1497 836 1565 Deus,
847 1495 973 1567 ubsque
1028 1490 1121 1552 sione
1147 1491 1374 1567 egrediuntur.
1404 1495 1483 1555 Haec
1509 1495 1587 1555 sunt
1608 1510 1713 1570 grana
1737 1498 1825 1557 tosta

178 1590 221 1659 te.
235 1606 312 1665 pute
321 1592 532 1665 praeparasti
541 1592 756 1668 diligentibus
765 1592 798 1652 te
810 1590 867 1668 (Is.
881 1604 970 1662 nxrv,
1028 1604 1101 1665 quse
1122 1588 1348 1653 offerebantur
1364 1590 1400 1651 in
1424 1591 1636 1652 sacrificium.
1659 1596 1738 1654 Haec
1759 1595 1824 1655 tria

177 1685 224 1765 1).
243 1688 326 1760 Quia
340 1689 367 1748 sl
381 1688 456 1765 quis
470 1688 585 1748 oculus
600 1690 790 1750 sanctorum
804 1687 863 1747 illa
877 1687 970 1755 vidit.
1028 1687 1136 1748 inille
1151 1688 1294 1764 pectoris
1308 1689 1463 1749 tunsione
1478 1705 1541 1766 qua
1559 1693 1691 1766 pectora
1711 1695 1825 1753 nostra

178 1800 245 1847 non
258 1784 341 1847 vidit
351 1786 415 1846 nisi
426 1788 538 1863 perte.
548 1786 608 1846 Vel
620 1786 683 1847 ita:
699 1785 810 1846 nullus
821 1785 879 1847 illa
890 1785 974 1846 vidit
1028 1785 1207 1857 tundimus,
1216 1785 1442 1860 designantur.
1456 1786 1503 1846 lbi
1513 1789 1726 1864 namquetn'a
1736 1790 1828 1865 prin-

177 1884 299 1962 praeter
312 1886 356 1955 te,
367 1885 443 1960 quia
456 1885 492 1945 tu
505 1882 595 1944 solus
607 1883 790 1959 cognovisti
805 1898 975 1960 (111111111-
1028 1883 1182 1959 cipaliter
1194 1883 1420 1955 attenduntur,
1435 1884 1531 1952 idest,
1546 1885 1649 1957 laesio‚
1665 1901 1781 1958 senne,
1793 1889 1827 1948 et

178 1981 304 2059 parasti
319 1980 533 2057 diligentibus
542 1981 587 2042 te.
601 1983 671 2042 Hoc
686 1981 908 2058 significatum
923 1982 975 2043 est
1028 1995 1156 2041 manus.
1178 1983 1215 2041 ln
1230 1981 1368 2042 laesions
1381 1982 1490 2043 cordis
1506 1983 1671 2056 contritio,
1687 1984 1724 2044 in
1741 2000 1825 2046 sono

177 2080 213 2141 ln
236 2079 322 2152 velo,
342 2079 427 2157 quod
454 2077 618 2156 pendebat
644 2081 721 2141 ante
746 2079 973 2140 sanctuarium
1028 2078 1096 2138 oris
1115 2078 1349 2150 conlassi0‚·iu
1376 2094 1475 2141 manu
1497 2081 1607 2157 operis
1627 2081 1825 2145 satisfactio

179 2177 252 2239 Dei.
279 2178 364 2239 Nam
391 2177 616 2238 sanctuarium
640 2177 806 2252 significet
831 2177 973 2254 patriam
1029 2179 1068 2238 Et
1080 2176 1157 2255 quin
1170 2176 1241 2253 ipse
1254 2176 1389 2253 reliquit
1405 2177 1500 2239 nobis
1517 2179 1705 2255 exemplum
1718 2180 1756 2241 ut
1771 2197 1829 2242 se-

178 2274 356 2336 eoelestem.
370 2275 488 2337 Valum
500 2276 667 2352 ergnente
680 2275 904 2337 sanctuarium
921 2274 974 2334 si·
1028 2289 1169 2351 quamur
1183 2274 1324 2350 vestigia
1346 2278 1429 2350 ejus,
1454 2277 1487 2336 et
1505 2292 1565 2337 nos
1582 2291 1673 2352 ergo,
1690 2276 1825 2346 iratres,

178 2373 315 2449 gnificat
338 2372 423 2451 quod
445 2373 551 2434 celata
577 2375 692 2435 sunta
714 2372 810 2434 nobis
825 2372 972 2434 coelestia
1028 2371 1212 2448 cogitemus
1236 2388 1309 2449 quae
1331 2375 1421 2434 recta
1446 2377 1533 2445 sunt,
1557 2373 1733 2450 loquamur
1750 2392 1825 2452 quse

177 2469 275 2532 bone.
295 2471 370 2543 Sed,
392 2471 478 2532 sicut
502 2471 643 2547 legimus
665 2471 699 2532 in
727 2471 882 2548 passione
908 2472 975 2531 Do-
1028 2486 1110 2532 snus
1125 2471 1215 2543 sunt,
1227 2486 1405 2548 operemur
1418 2488 1491 2548 quae
1502 2473 1658 2544 boisum,
1676 2473 1827 2534 nonred·

177 2568 973 2645 miniquodvelumtempliscissumestssummo
1028 2568 1250 2630 deutesetiam
1262 2568 1825 2648 maledictumpromaledioto,quia

179 2680 284 2742 usque
303 2664 469 2737 deorsum,
492 2665 539 2726 ita
560 2665 669 2726 velum
691 2666 806 2742 templi
829 2665 974 2727 coelestis
1029 2667 1060 2726 et
1071 2665 1505 2741 ipsncummaledicsretur,
1517 2683 1583 2727 non
1592 2667 1824 2741 maledicebat,

177 2762 347 2824 scindetur
361 2763 396 2822 in
419 2762 474 2824 die
494 2761 620 2836 iudicii,
637 2765 670 2824 et
684 2762 783 2824 erunt
798 2761 973 2826 manifesta
1028 2763 1086 2825 sed
1110 2765 1244 2839 peccata
1267 2765 1379 2825 nostra
1396 2764 1531 2840 pertulit
1544 2766 1580 2825 in
1602 2781 1741 2842 corpore
1763 2782 1824 2827 suo

178 2859 315 2940 praemia
330 2860 510 2921 electorum
523 2859 594 2921 Dei.
1028 2873 1128 2935 super
1142 2858 1268 2934 lignum
1285 2861 1321 2920 ut
1334 2861 1479 2936 peccatis
1494 2862 1763 2939 mortuijustidae
1778 2863 1828 2924 vi-

217 2958 385 3036 Supplioia
401 2957 629 3018 damnatorum
643 2957 720 3019 sunt
738 2958 879 3031 occulta,
895 2961 972 3036 qnia
1028 2970 1156 3017 tamus.
1172 2956 1284 3017 Nolite
1305 2956 1446 3019 reddere
1465 2958 1571 3019 vicem
1595 2959 1827 3022 maledicenti-

177 3071 275 3119 nemo
301 3056 408 3133 potest
429 3055 526 3133 plene
555 3070 757 3130 cognoscere
784 3056 895 3133 qualia
919 3058 972 3121 vel
1028 3052 1191 3129 busonis
1207 3053 1237 3113 si
1253 3054 1470 3117 malaeorum
1489 3056 1586 3117 modo
1601 3060 1678 3118 sunt
1692 3061 1823 3134 operta,

177 3154 300 3233 quatita
316 3155 383 3216 sint
401 3153 523 3215 inferni
542 3153 721 3229 tormente3
743 3153 776 3216 et
800 3153 873 3217 ideo
893 3155 972 3216 mali
1028 3150 1140 3211 veniet
1151 3150 1221 3212 dies
1228 3151 1357 3228 jndicii,
1376 3153 1409 3212 in
1425 3169 1490 3230 quo
1503 3153 1739 3215 revelabuntur
1750 3172 1826 3218 om-

177 3253 339 3315 audenter
357 3253 506 3328 peccant,
525 3251 602 3329 quia
620 3252 776 3314 nesciunt
795 3252 884 3314 mala
899 3269 973 3331 quae
1028 3249 1083 3310 nia
1096 3250 1232 3326 peccatu
1244 3251 1825 3327 eorum.Etnoliteglnriaridebonis

179 3351 420 3429 superventura
441 3349 518 3411 sunt
537 3349 596 3410 eis.
616 3349 710 3412 Unde
735 3350 895 3412 Dominus
916 3351 972 3412 vi-
1027 3347 1158 3419 vestris,
1192 3348 1271 3425 quia
1298 3349 1377 3409 tunc
1406 3350 1715 3412 manifestabuntur.
1738 3353 1824 3422 eria

177 3448 259 3511 dens
287 3448 453 3511 civitatem
479 3447 571 3510 flevit
593 3463 694 3525 super
719 3447 811 3510 illam
830 3448 945 3510 dicens
963 3470 971 3508 :
1028 3445 1114 3521 quod
1129 3445 1203 3507 dico
1217 3444 1312 3507 vobis
1327 3445 1362 3507 in
1377 3446 1533 3520 tenebris,
1550 3448 1645 3521 idest,
1660 3449 1693 3508 in
1705 3449 1824 3525 liguris

178 3548 256 3625 quia
271 3547 300 3608 si
313 3546 527 3624 cognovisses
537 3547 570 3608 et
583 3547 630 3619 tu,
648 3545 897 3624 intelligendum
909 3549 971 3619 est,
1027 3545 1068 3604 et·
1083 3541 1350 3616 obscuritatibus,
1372 3544 1472 3606 dicite
1498 3546 1532 3606 in
1563 3545 1699 3618 lumine,
1724 3546 1823 3618 idest,

176 3646 285 3707 lieres.
299 3645 423 3706 Civitas
440 3646 490 3706 est
503 3645 615 3705 anima
627 3661 702 3720 qum
716 3644 746 3705 si
762 3645 973 3721 cognovisset
1027 3643 1156 3718 aparte3
1182 3642 1216 3703 et
1233 3642 1318 3719 quod
1335 3643 1468 3704 inaure
1486 3643 1618 3716 auditis,
1644 3644 1826 3721 praedicnte

176 3741 769 3817 luturajudicia‚neret.1vuncautom
780 3739 971 3803 abscondita
1027 3741 1235 3815 supertecta,
1251 3740 1348 3812 idest,
1362 3740 1504 3817 publice.
1517 3743 1687 3803 Mosenim
1700 3744 1823 3805 eratin

176 3841 253 3900 unt
262 3838 503 3915 aboculiseJus,
516 3838 573 3898 sed
581 3838 749 3914 injudicio
760 3840 858 3900 erunt
867 3840 974 3900 mnni-
1027 3835 1353 3912 Palestinaregione,
1370 3837 1426 3898 ubi
1441 3855 1508 3899 non
1525 3842 1602 3901 sunt
1619 3842 1707 3902 tecta
1722 3856 1825 3902 cecu-

175 3935 258 3997 testa
280 3940 289 3996 2'
313 3935 450 3999 Dicebat
467 3938 564 3998 Jesus
582 3935 772 4013 discipulis:
788 3935 971 3997 cumbodie
1025 3932 1162 4005 minata,
1174 3934 1260 3995 sicut
1274 3935 1395 3997 suntin
1410 3936 1560 4012 partibus
1574 3939 1662 4008 istis,
1676 3938 1824 4002 sedeunt

175 4034 327 4095 homines
341 4034 430 4111 pleni
446 4033 513 4095 sint
527 4033 714 4110 iniquitate,
730 4034 764 4095 et
777 4031 873 4095 nobis
882 4033 972 4095 inie-
1026 4030 1137 4107 pisum
1149 4030 1182 4093 et
1188 4034 1566 4112 proptereaquicumque
1572 4036 1703 4098 volebat
1711 4036 1824 4098 lacere

175 4135 254 4194 runt
267 4132 429 4203 convicia,
442 4132 621 4192 vosautem
636 4130 784 4208 religiosi
800 4132 891 4193 estis.
908 4133 969 4195 bi·
1025 4140 1211 4186 sermonem
1221 4126 1263 4186 ad
1273 4128 1592 4204 populumraoienat
1604 4146 1705 4208 super
1718 4133 1822 4205 tecta,

175 4244 276 4306 guum
298 4232 349 4291 est
371 4231 407 4291 nt
429 4228 536 4291 vicem
550 4228 728 4290 reddamus
749 4228 816 4302 eis,
840 4230 873 4293 et
882 4231 969 4291 111111
1025 4223 1121 4295 idest,
1145 4222 1285 4300 publice.
1304 4226 1501 4289 velanter:
1525 4228 1611 4305 quod
1626 4229 1701 4290 dico
1722 4229 1820 4292 vobis

175 4343 290 4389 eorum
303 4326 504 4403 detegamus.
521 4327 616 4389 Unde
628 4327 732 4390 David
747 4348 754 4388 ς
771 4328 872 4390 Beati
886 4343 971 4404 quo-
1025 4321 1059 4381 in
1072 4320 1233 4393 tonebriS,
1249 4321 1345 4395 idest,
1360 4323 1446 4403 quod
1462 4325 1558 4386 modo
1573 4325 1648 4387 dico
1668 4326 1764 4389 vobis
1785 4328 1821 4391 in

174 4441 256 4487 rum
269 4428 428 4487 remissos
445 4426 528 4487 111111
544 4426 756 4499 tetensteten,
773 4425 807 4486 et
822 4440 969 4500 quorum
1025 4419 1195 4495 mysterio,
1211 4418 1312 4481 dicite
1326 4420 1360 4480 iu
1380 4420 1516 4483 lumine.
1534 4426 1677 4501 Recepto
1693 4426 1822 4502 Spiritu

175 4525 264 4587 teoto
282 4523 363 4586 sunt
378 4523 518 4597 peccota
534 4520 603 4600 (Ps.
626 4522 676 4595 31,
701 4520 745 4600 1).
768 4523 899 4585 Bootae
913 4526 971 4584 vtr
1026 4516 1147 4577 sancto
1160 4518 1383 4593 postmortem
1394 4534 1500 4580 meam
1511 4521 1736 4597 praedicabitis
1746 4539 1820 4585 cvrm

172 4626 228 4686 cui
242 4620 676 4695 nootmputovunomtuus
683 4618 904 4698 peccatoffs.
917 4623 967 4693 30,
1025 4614 1146 4675 tiducia
1163 4615 1314 4677 veritatis
1331 4614 1462 4692 publice
1483 4620 1516 4679 et
1539 4619 1611 4679 sine
1625 4620 1756 4682 timore.
1782 4624 1821 4684 Et

173 4720 218 4799 2).
241 4721 275 4782 Si
296 4720 385 4781 enim
400 4718 499 4782 bomo
516 4716 608 4794 tegit,
625 4719 712 4779 Deus
727 4716 862 4793 detegit,
887 4718 921 4779 et
941 4718 969 4778 si
1024 4712 1157 4789 quodid
1169 4727 1251 4774 aure
1265 4713 1398 4785 tuditis,
1413 4714 1508 4787 idest,
1527 4716 1599 4778 solo
1611 4717 1728 4780 auditu
1740 4735 1820 4796 per-

173 4818 272 4880 bomo
286 4817 420 4895 detegit,
440 4819 528 4880 Deus
543 4815 635 4893 tegit.
658 4816 858 4894 Detegamus
875 4830 967 4892 ergo,
1025 4809 1147 4887 cipitis‚
1179 4810 1359 4888 predicate
1386 4827 1486 4888 super
1517 4815 1604 4875 tecta
1636 4816 1820 4878 existentes

172 4916 305 4987 tratres,
328 4917 361 4978 et
381 4930 442 4978 nos
466 4915 574 4987 modo,
595 4915 631 4977 ut
644 4917 732 4977 Deus
758 4930 798 4976 ea
818 4916 909 4991 tegat
934 4914 969 4975 in
1025 4907 1219 4986 complendo
1232 4909 1605 4988 opere,idest:corpora
1614 4913 1819 4992 vestra,quae

174 5014 296 5081 tuturo,
319 5014 433 5074 etnon
454 5013 564 5074 videat
587 5011 628 5073 nd
654 5010 845 5073 vindictum.
870 5011 970 5072 Scitis
1025 5007 1102 5068 suut
1127 5005 1296 5068 domicilia
1322 5006 1522 5080 animarum,
1545 5010 1699 5086 exponite
1726 5029 1820 5074 mar-

175 5111 262 5173 enim
283 5110 360 5187 quia
376 5109 457 5170 Cain
473 5109 615 5184 tegendo
634 5110 667 5170 et
681 5108 872 5170 excusando
886 5124 968 5187 peo-
1025 5104 1123 5182 tyrio.

175 5211 297 5277 catum,
314 5206 347 5267 in
363 5205 604 5282 desperationis
619 5207 774 5284 laqueum
786 5206 922 5281 incidit3
937 5208 970 5269 et
1064 5202 1157 5263 Nihil
1170 5204 1320 5279 opertum
1340 5204 1427 5280 quod
1449 5219 1515 5265 non
1534 5206 1711 5269 reveletur.
1739 5209 1818 5269 Tri-

175 5305 331 5365 econtra
359 5301 462 5362 David
486 5317 548 5378 per
569 5303 813 5365 contessionem
836 5303 969 5364 veniam
1025 5300 1155 5377 pliciter
1164 5300 1538 5364 revelabunturocculta
1549 5304 1637 5364 mala
1647 5304 1819 5382 injudicio

173 5398 374 5478 impetravit.
384 5399 424 5459 nt
433 5398 460 5458 si
469 5398 618 5461 dolemus
625 5401 724 5462 corde
731 5400 765 5462 et
774 5400 970 5462 comitemur
1024 5398 1083 5458 Dei
1101 5420 1109 5458 :
1124 5401 1152 5460 A
1167 5398 1300 5475 propria
1315 5399 1684 5474 hominisconscientia,
1697 5419 1716 5463 a
1729 5404 1820 5465 divi-

175 5515 245 5572 ore,
259 5496 970 5575 11111111111111111111111111111111111-
1023 5511 1067 5556 un
1078 5496 1220 5573 justitia,
1235 5512 1255 5557 1
1268 5499 1458 5558 sanctorum
1475 5500 1619 5561 caterva.
1645 5503 1691 5561 De
1710 5503 1819 5578 primo

173 5599 386 5678 termimum,
399 5595 709 5667 seuremissionem,
721 5596 858 5659 dicitur:
869 5598 969 5659 Scitt-
1023 5593 1104 5655 dicit
1117 5595 1293 5671 Apostolus
1310 5615 1316 5654 :
1332 5596 1584 5671 cogitationum
1603 5600 1752 5661 invicem
1765 5616 1821 5662 ac·

173 5698 245 5761 dite
259 5699 363 5759 cordo
374 5696 493 5761 oestro
506 5692 541 5755 et
550 5708 620 5755 arco
631 5694 837 5759 vestimento
850 5694 969 5756 nestro
1021 5692 1218 5755 medentium
1238 5693 1300 5754 out
1317 5693 1424 5761 ettam
1437 5694 1692 5769 desersdeottunt
1712 5701 1748 5758 tu
1763 5702 1819 5762 d'e
