3802 6166
122 220 187 285 225

758 220 988 285 EPISTOLAE.
1012 220 1090 283 LIB.
1115 220 1139 282 l.
1712 226 1773 289 226

124 382 247 445 terium
262 382 313 444 est
330 379 540 455 translatum,
556 396 655 459 quam
676 381 764 444 idem
783 398 922 445 monas·
975 382 1091 445 contra
1101 379 1279 445 oblivionis
1288 380 1534 445 incommodum
1545 384 1773 447 necessarium

124 481 247 543 terium
277 478 377 556 longo
410 479 558 557 tempore
593 480 743 543 asseritis
771 481 920 543 tenuisse
975 483 1024 542 est
1047 479 1231 541 remedium
1254 480 1506 557 scripturarum,
1528 480 1667 543 uelites
1690 499 1773 544 con-

123 581 303 655 antequam
318 577 471 639 instituta
483 578 715 640 cisterciensis
730 579 811 641 ordo
824 595 920 641 rece·
975 578 1090 641 cordia
1116 579 1170 639 vel
1191 578 1319 656 judicio
1354 579 1541 641 terminatae
1565 580 1600 641 in
1628 581 1773 643 reciduae

123 677 239 756 pisset‚
255 676 341 738 sicut
353 692 425 737 eam
432 678 521 754 juste
532 692 571 738 ac
584 676 721 754 pacifice
732 677 918 754 possidetis,
975 677 1169 754 quaestionis
1184 676 1375 753 scrupulum
1396 677 1599 739 relabantur.
1615 680 1694 739 Cum
1708 679 1775 756 igi-

122 775 219 838 vobis
243 777 276 836 et
293 774 431 852 praefato
451 776 561 836 vestro
583 776 788 838 monasterio
809 776 922 837 aucto·
976 776 1030 835 tur
1054 774 1193 851 quaestio
1218 791 1291 852 quae
1310 774 1398 836 inter
1416 791 1475 837 ros
1494 793 1537 837 ex
1556 778 1650 855 parte
1663 792 1730 837 una
1742 777 1776 839 et

121 875 224 936 ritate
243 872 433 950 Apostolica
448 872 683 934 ceutirmamus
701 875 734 935 et
746 872 920 951 praesentis
976 870 1200 934 venerabilem
1210 872 1346 935 fratrem
1356 875 1506 935 nostrum
1516 873 1775 937 Ulixbonensem

122 971 239 1049 scripti
254 970 438 1048 patrocinio
461 972 713 1034 communimus.
730 971 822 1033 Nulli
841 987 920 1047 ergo
976 972 1167 1047 episcopum
1182 987 1282 1047 super
1297 971 1447 1032 ecclesiis
1470 971 1509 1033 de
1531 974 1651 1033 Tomar
1663 973 1776 1034 verte-

123 1070 260 1132 omnino
277 1069 460 1139 homiuum,
478 1070 539 1131 etc.
556 1073 674 1132 Datum
690 1070 857 1141 Laterani,
875 1072 920 1131 lll
975 1067 1084 1139 batur,
1097 1069 1365 1144 persententiam
1378 1068 1484 1129 felicis
1494 1069 1663 1131 memoriis
1674 1072 1777 1131 Inno-

123 1168 286 1229 kalendas
303 1166 474 1239 februarii,
488 1167 697 1243 pontillcatus
712 1167 817 1230 nostri
832 1184 919 1228 anno
975 1166 1076 1227 centii
1090 1182 1185 1243 papae
1200 1165 1455 1243 praedecessoris
1469 1166 1576 1227 nostri
1593 1167 1693 1228 suerit
1707 1169 1776 1229 ter-

124 1267 245 1344 primo.
975 1263 1111 1335 minata,
1138 1263 1224 1326 sicut
1240 1262 1275 1324 in
1300 1267 1373 1343 ejus
1395 1265 1625 1341 prospeximus
1654 1264 1774 1327 litteris

975 1362 1150 1434 contineri,
1168 1378 1228 1423 nos
1245 1361 1395 1423 eamdem
1410 1363 1608 1424 sententIam
1627 1364 1776 1425 auctori-

975 1460 1042 1521 tate
1068 1459 1258 1537 Apostolica
1276 1459 1513 1520 confirmamus
1545 1461 1578 1522 et
1599 1461 1774 1537 praesentis

975 1558 1090 1635 scripti
1110 1558 1233 1635 pagina
1257 1557 1511 1618 communimus.
1541 1557 1590 1619 Ad
1614 1560 1774 1636 majorem

974 1671 1053 1717 uero
1072 1655 1274 1726 firmitatem,
1294 1654 1443 1716 tenorem
1470 1655 1576 1731 ipsius
1600 1655 1774 1718 sententiae

975 1753 1193 1830 praesentibus
1200 1751 1362 1830 jussimus
1373 1752 1540 1825 annotari,
1551 1752 1693 1830 quitalis
1704 1755 1772 1815 est:

1015 1851 1261 1912 «Innocentius
1280 1852 1456 1928 episcopus
1476 1866 1591 1912 servus
1602 1866 1774 1913 serrorum

975 1949 1034 2013 Dei
1050 1949 1179 2011 dilectis
1192 1949 1271 2010 tiliis
1286 1950 1444 2026 magistro
1460 1951 1493 2009 et
1507 1947 1665 2010 iratribus
1683 1948 1775 2010 Mili-

974 2048 1030 2109 tiae
1044 2046 1182 2124 Templi,
1194 2046 1336 2109 salutem
1349 2046 1382 2109 et
1391 2046 1605 2123 apostolicam
1618 2045 1776 2108 benedie-

409 1425 638 1513 CLXXXIII

163 1608 217 1667 Ad
236 1609 367 1665 aterum
385 1604 419 1664 ct
440 1608 605 1679 populum
632 1603 823 1665 Gattlundioe
847 1603 881 1664 ct

200 1706 366 1765 Coretum
376 1704 836 1777 Liltcopettsetttepiscopum.

422 1842 526 1915 30jdn.
542 1843 620 1900 llll.

260 1956 421 2023 [vesiculas.
435 1956 501 2010 Vitis
510 1956 659 2022 Aquilonis,
672 1972 700 2022 p.
714 1956 780 2021 iffi]

116 2102 364 2174 compositionem
384 2101 457 2158 inter
472 2101 579 2158 clerum
596 2101 788 2174 populumque
801 2099 917 2158 Gatian-

159 2191 214 2249 dlaa
238 2198 267 2248 et
300 2190 430 2249 Carnium
459 2192 666 2263 Lincopensern
690 2189 856 2261 episcopum
885 2187 920 2245 de
974 2147 1109 2208 mmmm·
1146 2242 1153 2255 ,
1255 2243 1261 2256 ,
1640 2241 1661 2255 ..
1736 2241 1742 2254 .

159 2278 356 2336 distributione
377 2277 551 2335 decimarum
575 2279 685 2346 initam,
706 2285 734 2334 et
753 2278 921 2335 auctoritate
1015 2242 1686 2320 ‘Te’fih’mafflsterF'Mssffleml'hm
1702 2244 1776 2303 ΠΨ

157 2368 281 2427 Andreae
316 2366 522 2441 archiepiscopi
560 2366 720 2424 Lundensis
745 2365 918 2437 roboratam,
976 2341 1087 2418 pania,
1108 2342 1143 2401 1¹¹
1164 2343 1279 2404 ”Ostia
1305 2340 1485 2418 lil'aesesstia
1505 2341 1773 2418 conquerentem,

158 2457 320 2517 contirmat.

162 2604 267 2666 iustis
298 2602 491 2680 petentium,
522 2602 599 2673 etc,
634 2616 740 2675 amante
768 2615 918 2662 assensu.

124 2700 402 2779 compositionem
429 2716 529 2776 super
558 2699 790 2760 distributione
826 2698 919 2760 deci-

124 2815 252 2861 marum
266 2799 366 2860 totius
384 2799 483 2861 terrm
502 2799 622 2860 restrae
641 2797 730 2859 inter
742 2814 801 2859 ros
819 2798 851 2859 et
862 2813 922 2859 ve-

126 2897 306 2959 nerabilem
322 2896 458 2959 tratrem
473 2896 622 2958 nostrum
634 2895 814 2973 Lincopen.
831 2896 922 2972 epis-

125 3012 242 3073 copum
256 2996 296 3056 de
311 3011 451 3056 assensu
464 2995 496 3056 et
508 2993 705 3056 auctoritate
717 2993 920 3055 venerabilis

123 3093 239 3155 fratris
258 3093 364 3155 nostri
380 3092 529 3153 Lunden.
542 3091 784 3169 archiepiscopi
800 3091 922 3152 amica-

119 3191 237 3252 biliter
256 3191 385 3261 initam,
403 3190 488 3251 sicut
509 3190 582 3249 sine
604 3188 766 3271 pravitate
784 3188 921 3265 provide

123 3288 211 3351 sacta
236 3290 301 3359 est,
327 3289 359 3350 et
384 3287 425 3348 ab
447 3289 587 3364 utraque
609 3287 702 3363 parte
724 3287 841 3362 sponte
866 3301 923 3346 re·

123 3389 231 3464 cepta,
243 3388 277 3448 et
288 3386 400 3447 multis
415 3384 617 3463 temporibus
630 3384 870 3461 approbata,ac
884 3383 920 3444 in

123 3484 359 3563 praedictorum
370 3483 613 3561 archiepiscopi
628 3485 661 3543 et
672 3482 818 3559 episcopi
838 3482 922 3543 litte·

124 3584 172 3644 ris
192 3583 315 3644 dicitur
328 3582 504 3651 contineri,
521 3580 717 3642 auctoritate
731 3579 921 3656 apostolica

124 3680 371 3753 confirmamus,
384 3680 416 3742 et
427 3679 603 3756 praesentis
614 3677 729 3755 scripti
738 3677 921 3754 patrocinio

125 3780 379 3841 communimus.
394 3777 487 3839 Nulli
503 3792 594 3853 ergo,
605 3776 680 3848 etc,
698 3778 820 3837 nostrae
838 3791 921 3836 con-

123 3877 337 3948 firmationis,
354 3878 416 3938 etc.
438 3875 560 3952 siquis
577 3875 699 3945 autem,
721 3876 782 3936 etc.
804 3873 922 3934 Datum

125 3976 294 4047 Laterani,
314 3976 359 4035 ΙΙΙ
376 3973 537 4035 kalendas
556 3971 731 4046 februarii,
747 3972 924 4050 pontitica-

125 4076 180 4137 tus
193 4073 298 4135 nostri
312 4089 400 4134 anno
415 4072 532 4149 primo.

417 4267 641 4355 CLXXXIV

145 4432 199 4491 Ad
210 4428 419 4505 papatiam
432 4428 466 4489 et
480 4427 612 4501 tratres
621 4425 756 4488 Mltitloe
763 4426 900 4500 Tcinplt.

417 4559 453 4617 30
469 4558 529 4632 jan.
552 4559 630 4615 1217.

141 4667 217 4733 [Cod.
233 4667 278 4718 lat.
291 4666 363 4730 ³934,
375 4681 401 4731 p.
420 4665 473 4716 lor.
491 4667 548 4716 lisa.
568 4663 745 4728 bibliotheque
758 4661 908 4727 nationale]

126 4811 266 4884 Magistro
282 4809 397 4867 fratrum
412 4808 520 4867 llilitie
534 4807 644 4879 Templi
659 4807 688 4863 in
703 4806 839 4878 llispania
854 4820 922 4863 con·

162 4900 268 4958 stitutis
287 4897 414 4967 mandat,
432 4905 463 4955 ut
477 4897 552 4954 circa
567 4909 684 4953 causam
706 4897 780 4952 inter
801 4896 879 4967 ipsos
898 4902 926 4951 et

162 4990 328 5061 episcopum
344 4987 566 5046 Ulixbonensem
580 4999 666 5057 super
686 4983 749 5056 jure
770 4984 926 5056 episcopali

163 5079 194 5135 in
208 5077 329 5135 ecclesia
344 5074 380 5132 de
399 5077 501 5132 Tomar
518 5074 717 5131 execudonem
736 5071 840 5130 lrabeat
859 5064 933 5129 sen·'

975 2439 1062 2516 quod
1074 2438 1277 2501 venerabilis
1293 2438 1398 2500 trater
1413 2441 1526 2500 noster
1539 2437 1774 2501 Ulixhonensis

975 2537 1150 2614 episcopus
1163 2539 1196 2599 te
1211 2553 1250 2598 ac
1265 2536 1396 2597 domum
1409 2536 1537 2612 Templi
1551 2551 1652 2612 super
1666 2535 1775 2596 eccle-

972 2635 1036 2695 siis
1049 2634 1089 2696 de
1097 2637 1218 2696 Tomar
1227 2633 1434 2706 molestabat,
1443 2635 1565 2711 injuste
1576 2633 1611 2694 in
1621 2633 1774 2711 iliisjura

975 2733 1178 2811 episcopalia
1192 2732 1369 2809 exigendo,
1390 2748 1464 2794 cum
1484 2731 1590 2793 felicis
1605 2731 1775 2793 memoria

974 2832 1152 2904 Adrianus,
1180 2831 1369 2892 Alexander
1394 2831 1428 2891 et
1453 2829 1605 2891 Urbanus
1632 2830 1775 2893 Romani

975 2928 1148 3006 pontifices
1163 2928 1282 2989 t'undos
1292 2928 1509 2989 ecclesiarum
1519 2927 1667 3004 ipsarum
1677 2926 1775 2989 beato

975 3028 1073 3088 Petro
1095 3026 1219 3087 intuitu
1240 3025 1425 3088 devotionis
1449 3024 1577 3086 oblatos
1603 3024 1638 3085 in
1662 3026 1776 3103 juset

975 3125 1211 3201 proprietatem
1230 3123 1335 3199 ipsius
1354 3122 1539 3184 beatiPetri
1554 3121 1772 3199 susceperint,

976 3221 1192 3283 concedentes
1212 3219 1305 3281 vobis
1330 3219 1469 3280 liberam
1489 3217 1678 3289 facultatem
1693 3234 1775 3279 con-

976 3318 1125 3380 struendi
1136 3316 1295 3379 ecclesias
1316 3318 1352 3378 in
1374 3317 1511 3382 eisdem.
1533 3332 1573 3377 ac
1591 3317 1774 3378 statuentes

976 3417 1012 3478 ut
1026 3415 1176 3477 ecclesiae
1196 3414 1276 3490 ipsae
1296 3414 1380 3474 nulli
1399 3414 1464 3474 nisi
1482 3413 1610 3474 tantum
1625 3416 1774 3475 Romano

978 3513 1129 3575 Pontifici
1152 3511 1362 3589 subjacerent
1382 3511 1433 3571 vel
1451 3511 1643 3572 tenerentur
1656 3511 1692 3570 in
1707 3510 1774 3571 ali-

977 3627 1041 3689 quo
1056 3609 1268 3686 respondere,
1286 3609 1372 3668 sicut
1386 3623 1445 3684 per
1465 3612 1612 3683 ipsorum
1637 3607 1776 3684 privile-

976 3710 1032 3786 gia
1047 3706 1173 3785 liquida
1189 3706 1449 3767 demonstrabas.
1467 3705 1630 3767 Praeiatus
1645 3706 1777 3782 episco-

977 3823 1037 3886 pus
1051 3823 1093 3868 ex
1108 3805 1247 3867 adverso
1260 3804 1430 3880 respondit
1443 3803 1617 3881 privilegia
1627 3804 1700 3880 ipsa
1710 3803 1775 3865 sibi

977 3921 1097 3967 nocere
1112 3903 1322 3980 aliquatenus
1337 3918 1404 3963 non
1419 3902 1550 3975 debere,
1573 3903 1683 3978 utpote
1701 3918 1775 3979 quae

977 4005 1077 4066 tacita
1085 4003 1225 4065 veritate
1241 4000 1456 4077 subrepta,de
1470 4000 1707 4076 compositione
1718 4017 1776 4061 su·-

978 4118 1037 4180 per
1051 4100 1114 4163 hoc
1129 4100 1216 4162 lacta
1228 4100 1316 4160 inter
1330 4100 1461 4160 domum
1476 4098 1621 4159 vestram
1634 4099 1667 4160 et
1680 4098 1776 4160 bonae

978 4199 1147 4262 memoriae
1163 4198 1359 4259 Gilibertum
1377 4196 1636 4258 Ulixbonensem
1647 4197 1778 4273 episco-

978 4314 1067 4375 pum,
1083 4298 1117 4358 et
1131 4313 1151 4357 a
1165 4295 1303 4372 praelato
1323 4294 1469 4355 AdrIano
1487 4297 1636 4355 Romano
1656 4295 1776 4356 Ponti-

978 4396 1040 4457 tlce
1050 4393 1254 4464 confirmata,
1269 4392 1394 4453 nullam
1408 4391 1538 4467 penitus
1551 4390 1676 4452 iaciunt
1686 4407 1776 4451 men·

978 4494 1113 4564 tionem,
1137 4491 1298 4568 adJiciens
1326 4489 1411 4566 quod
1441 4505 1516 4550 cum
1544 4504 1604 4565 pro
1625 4487 1777 4550 ecclesiis

979 4591 1061 4668 ipsis
1070 4591 1105 4650 in
1111 4588 1354 4667 jurisdictionis
1367 4586 1594 4661 recognitione
1604 4586 1779 4662 episcopa-

980 4690 1022 4750 lis
1037 4688 1193 4751 continue
1212 4686 1379 4749 solveritis
1406 4685 1551 4763 quinque
1573 4682 1696 4744 solidos
1712 4699 1777 4742 an-

980 4804 1064 4848 nuos
1086 4786 1150 4846 sibi
1178 4786 1212 4847 et
1243 4780 1546 4862 praedecessoribus
1575 4779 1657 4851 suis,
1680 4782 1779 4858 juxta

981 4887 1129 4947 tenorem
1145 4881 1394 4959 compositionis
1413 4877 1579 4956 praedicta
1594 4878 1705 4949 tacite,
1722 4894 1779 4939 re·

982 4982 1159 5043 nunciasse
1167 4975 1562 5053 videbaminiprivilegiis
1576 4977 1779 5049 memoratis,

982 5080 1078 5159 quasi
1098 5079 1197 5141 etiam
1215 5077 1326 5138 essent
1340 5074 1425 5135 alias
1438 5074 1593 5144 valitura,
1610 5074 1783 5151 praescrip·

164 5167 252 5224 tentia
265 5164 300 5223 ab
316 5165 532 5223 innocentiolll
546 5163 792 5235 promulgataque
811 5161 874 5218 illos
892 5160 927 5218 ab
983 5182 1105 5245 pionem
1131 5179 1242 5239 [amen
1265 5174 1382 5235 00ngra
1403 5171 1517 5234 eadem
1539 5170 1715 5247 allegabat,
1739 5172 1781 5233 ad

164 5256 242 5313 omni
254 5249 568 5328 jurisdictioneproelati
582 5250 708 5324 episcopi
724 5249 842 5307 omnino
855 5249 925 5307 libe·

164 5359 213 5401 ros
227 5351 256 5401 et
268 5350 416 5415 exemptos
426 5340 572 5413 judicavit.

982 5295 1055 5341 eam
1076 5273 1278 5355 probandam
1298 5270 1451 5331 inducias
1475 5270 1508 5331 et
1521 5268 1653 5346 iudices
1668 5270 1785 5346 postu·

982 5376 1081 5438 lando
1095 5390 1134 5436 ac
1149 5370 1290 5450 petendo
1306 5366 1574 5446 jnrisdictionem
1585 5366 1673 5443 juris
1688 5367 1782 5443 epis-

173 5479 336 5552 Quoniam
346 5477 528 5538 labentium
542 5476 726 5551 temporum
741 5490 858 5535 cursus
873 5490 930 5535 re-
983 5473 1109 5551 copalis
1131 5467 1196 5531 sibi
1218 5466 1395 5528 substracti
1419 5464 1454 5524 in
1477 5464 1601 5524 eisdem
1616 5462 1781 5536 ecclesiis,

134 5593 208 5640 rum
229 5577 435 5654 gestarum...
470 5573 664 5636 memoriam
690 5586 803 5634 secum
828 5572 926 5651 rapit,

272 5748 387 5795 norme.
403 5748 477 5795 mre
489 5737 526 5794 ll.

983 5575 1020 5635 ut
1031 5568 1172 5633 dicebat.
1189 5567 1257 5628 Nos
1273 5562 1376 5641 Igitur
1390 5562 1442 5623 his'
1462 5560 1495 5624 et
1513 5560 1589 5622 aliis
1607 5560 1687 5621 binc
1706 5559 1783 5621 inde
1888 5588 1893 5595 ·

1608 5722 1636 5777 8.
