3802 6166
773 330 1004 391 EPISTOLAE.
1026 330 1105 391 ule.
1129 329 1154 389 1.

463 552 619 641 ccclii

252 818 305 877 Ad
319 816 597 892 aroparoeeusem
616 816 820 890 episcopum.

434 1000 469 1059 20
484 1015 544 1073 apr.
562 1000 640 1058 1217.

170 1208 277 1271 [1163661.
291 1204 336 1256 lib.
349 1204 370 1267 l,
386 1204 458 1270 epist.
477 1204 533 1255 103.
548 1206 606 1256 ilss.
619 1206 656 1257 La
668 1206 743 1256 Porte
760 1206 794 1257 du
810 1206 904 1273 theti]

139 1414 175 1471 Ut
188 1410 397 1481 malefactores,
407 1419 436 1470 et
450 1411 529 1485 pacis
544 1412 765 1485 perturbatores,
780 1411 816 1470 de
831 1412 934 1485 quibus

172 1501 423 1576 Montispessnlaui
443 1500 574 1558 tronrines
589 1502 663 1573 apud
680 1500 845 1559 Pontillccm
861 1518 929 1561 con·

174 1592 267 1665 questi
282 1598 373 1662 erant,
389 1598 553 1664 compescat
565 1598 593 1648 et
608 1599 749 1649 coereeat.

179 1781 359 1853 Honorius,
377 1782 451 1853 etc,
467 1780 653 1842 venerabili
669 1780 765 1842 tratri
779 1781 933 1857 Magalo-

139 1895 215 1940 nen.
234 1880 400 1957 episcope.

178 1979 300 2051 Quum,
317 1977 403 2039 sieut
417 1977 527 2039 dilecti
547 1976 608 2038 tilii
622 1977 773 2039 homines
788 1978 932 2039 Montis-

137 2075 308 2152 pessulani
326 2074 420 2137 nobis
436 2075 591 2136 intimare
608 2076 778 2147 curarunt,
795 2076 829 2136 in
845 2075 931 2137 dioe-

137 2174 207 2234 cesi
222 2174 289 2241 tua,
305 2189 372 2235 non
387 2174 493 2234 solum
506 2174 541 2234 in
557 2174 633 2235 aliis
648 2173 742 2245 locis,
760 2172 817 2234 sed
832 2173 932 2235 etiam

136 2271 171 2331 in
187 2271 302 2332 stratis
314 2271 466 2349 publicis
484 2272 650 2333 uiolentiae
666 2286 705 2333 ac
717 2271 856 2348 rapinae,
872 2271 933 2333 lio-

136 2369 271 2430 micidia
284 2369 384 2431 etiam
395 2371 428 2431 et
437 2368 503 2430 alia
515 2368 678 2431 malefic-ia
689 2369 930 2447 perpetrentur,

134 2482 196 2544 per
211 2483 284 2544 quae
299 2468 390 2545 pacis
406 2468 576 2543 negotium
591 2467 704 2529 multis
719 2470 931 2544 procuratum

133 2564 317 2641 dispendiis
334 2567 366 2626 et
380 2564 549 2627 laboribus
567 2564 788 2643 perturbatur,
807 2564 930 2627 irater-

135 2663 233 2723 nitati
251 2664 316 2724 tuac
339 2663 551 2740 praesentium
573 2664 770 2725 auctoritate
789 2663 931 2724 manda-

136 2776 222 2832 mus,
239 2760 402 2837 qnatenus
418 2760 647 2822 malefactores
667 2760 856 2838 hujusmodi
871 2776 931 2821 seu

137 2857 382 2935 perturbatores
404 2860 512 2937 pacis,
536 2859 564 2919 si
585 2860 641 2936 qui
660 2859 798 2930 tuerint,
820 2860 931 2921 taliter

136 2956 270 3017 studeas
290 2973 456 3028 coercere,
480 2958 514 3018 in
536 2973 592 3019 eos
615 2958 643 3017 si
671 2974 806 3019 necesse
830 2958 930 3019 luerit

132 3068 310 3115 censuram
334 3054 596 3116 ecclesiasticam
620 3055 816 3127 exercende,
843 3055 929 3133 quod

131 3152 323 3214 sollicitudo
336 3154 392 3214 tua
405 3153 523 3214 merito
534 3151 792 3214 commendetur.
810 3155 929 3215 batum

130 3251 305 3319 Laterani,
331 3253 392 3311 Xll
415 3249 576 3311 kalendas
597 3250 692 3325 maii,
717 3250 929 3329 pontificatus

128 3347 238 3411 nostri
253 3363 340 3409 anno
356 3349 474 3429 primo.

463 3603 611 3691 66611
700 3696 708 3711 ,

204 3857 256 3915 Ad
268 3857 476 3929 Philippum,
493 3859 710 3916 lr'raueoreur
725 3870 854 3931 r'epcur.

429 4032 461 4087 tl
476 4046 536 4102 apr.
553 4031 630 4088 litt.

161 4234 272 4299 [Regest.
291 4234 325 4285 lib
351 4235 370 4284 l.
386 4235 460 4299 epist.
473 4234 527 4285 tet.
544 4262 576 4273 -
596 4236 720 4300 Bouqrret
736 4237 839 4287 Reeueil
853 4236 897 4287 des

334 4315 479 4373 historiens,
492 4322 510 4364 t.
524 4316 591 4369 xlx.
605 4331 630 4380 p.
649 4316 716 4381 11211]

127 4528 243 4587 Etlusus
258 4530 286 4585 in
302 4528 414 4586 laudem
430 4531 508 4603 regis
520 4530 651 4602 Philippi,
669 4530 696 4586 id
708 4530 822 4588 eldecrc
838 4547 924 4589 cona·

165 4626 210 4675 tur
231 4620 372 4675 llorrorius
393 4626 422 4676 ut
446 4620 534 4676 tiliurn
559 4620 622 4692 ejus
642 4621 863 4692 primogenitum
886 4636 928 4676 rc·

161 4707 257 4765 trabat
280 4724 295 4763 a
319 4717 450 4780 suscepta
476 4709 504 4763 in
529 4709 665 4781 angliam
683 4708 874 4781 exploditiono,
899 4719 927 4768 et

163 4795 201 4853 de
213 4796 298 4853 rebus
313 4796 377 4853 aliis
392 4798 510 4854 minoris
526 4798 663 4854 momenti
676 4799 747 4871 agit.

167 4995 336 5056 Honorius
345 4995 556 5073 opiscopus...
568 4996 741 5056 carissimo
751 4997 783 5057 in
796 4998 926 5060 Christo

127 5092 924 5169 illiol‘lr.regiFrancorumillustrisalutem,etc.

164 5305 205 5373 (l)
224 5305 380 5363 Simonem.

168 5378 210 5447 ti)
227 5378 383 5433 drrraldunr
394 5379 430 5436 ll.

163 5450 207 5519 (e)
244 5450 393 5520 Respicere
425 5448 535 5506 vitietur
559 5448 615 5506 boc
638 5452 701 5508 leco
722 5451 864 5509 lionorius
890 5451 925 5509 all

126 5518 311 5575 durissimam
340 5522 645 5577 exrerrmrnunicatienis
678 5523 860 5589 sententiani,
891 5524 926 5581 ab

126 5591 296 5670 larrocentio
318 5589 507 5656 inopinatam,
528 5606 585 5649 non
602 5594 694 5649 solnm
715 5601 814 5650 contra
831 5595 924 5651 Lnrlo·

125 5662 224 5723 1166111
240 5660 362 5735 l'lulippi
380 5663 458 5737 regis
475 5664 582 5733 tilium,
604 5664 756 5723 sedetiam
771 5665 800 5723 in
816 5674 924 5739 patrem

1722 330 1784 391 ³7⁰

1031 490 1204 552 Consuetae
1217 488 1431 567 benignitatis
1445 488 1567 551 affectu
1584 486 1711 551 litteras
1726 505 1789 552 ac-

992 590 1149 666 cepimus
1167 606 1248 665 quas
1264 589 1358 650 nobis
1374 589 1559 650 sublimitas
1572 590 1665 663 regia
1681 588 1790 649 desti-

992 687 1094 758 narit,
1109 689 1142 747 et
1156 688 1222 747 tam
1237 703 1276 747 ea
1292 704 1366 763 qua
1377 686 1631 748 continebantur
1643 686 1677 746 in
1691 684 1785 763 ipsis,

991 801 1090 862 quarn
1102 785 1169 846 alia
1181 802 1254 862 qnae
1265 802 1377 846 coram
1389 784 1483 845 nobis
1496 786 1636 846 dilectus
1649 784 1738 845 illins
1749 786 1786 845 B.

992 884 1132 944 nuncius
1157 885 1233 945 tuus
1258 884 1401 945 tideliter
1421 885 1454 945 et
1472 884 1652 961 prudenter
1671 897 1788 960 propo·

991 998 1070 1043 nere
1083 982 1283 1059 procurarit,
1307 982 1532 1043 intelleximus
1550 980 1788 1057 diligemensi

990 1080 1154 1157 inprimis
1169 1082 1293 1157 gratias
1312 1080 1487 1142 referimus
1509 1080 1692 1157 gratiarum
1714 1095 1789 1141 om-

990 1179 1081 1239 nium
1098 1178 1248 1253 largitori
1265 1178 1404 1257 quadis,
1420 1194 1440 1239 a
1462 1194 1526 1256 quo
1540 1180 1591 1240 est
1612 1193 1709 1239 omne
1724 1177 1786 1238 da-

990 1278 1058 1373 tum
1079 1278 1238 1355 optimum
1263 1280 1297 1339 et
1317 1277 1424 1338 omnis
1445 1276 1657 1354 perfectionis
1678 1276 1786 1352 origo,

990 1392 1048 1437 cor
1067 1376 1160 1438 tuum
1187 1374 1367 1438 illustravit
1392 1375 1433 1437 ad
1452 1375 1585 1447 bonum,
1609 1374 1645 1436 ut
1670 1377 1786 1435 notam

989 1473 1117 1536 faceres
1126 1474 1314 1536 hominibus
1326 1474 1549 1535 innocentiam
1559 1474 1661 1543 trram,
1679 1473 1713 1533 et
1725 1487 1783 1532 no·

989 1588 1064 1633 men
1084 1574 1176 1634 tuum
1194 1572 1321 1633 clarum
1344 1570 1500 1633 redderes
1520 1570 1606 1647 apud
1627 1570 1703 1631 illos
1729 1570 1787 1648 qui

988 1671 1151 1732 maculam
1162 1670 1196 1731 in
1209 1670 1313 1747 ipsius
1328 1669 1434 1746 gloria
1445 1684 1568 1747 ponere
1579 1667 1783 1729 nitebantur.

988 1769 1033 1828 Ea
1049 1768 1137 1829 enim
1153 1784 1225 1847 quae
1240 1768 1301 1830 tibi
1319 1784 1379 1846 per
1401 1765 1625 1830 venerabilem
1648 1766 1787 1827 tratrem

988 1870 1136 1928 nostrum
1165 1868 1346 1944 Tyrensem
1374 1865 1661 1942 archiepiscopum
1684 1862 1731 1943 (1)
1753 1864 1789 1927 et

988 1964 1143 2027 dilectum
1166 1964 1271 2025 lilium
1292 1964 1445 2025 abbatem
1467 1964 1718 2025 Cistercienscm
1736 1959 1786 2041 (2)

987 2064 1215 2124 consuluimus
1237 2063 1270 2125 et
1285 2063 1514 2125 mandarimus
1533 2078 1576 2123 ex
1597 2060 1707 2123 oltlcio
1729 2076 1790 2122 ca-

986 2162 1107 2233 ritatis,
1139 2162 1187 2222 sic
1211 2162 1381 2223 humiliter
1406 2161 1439 2223 et
1461 2155 1642 2222 efficaciter
1664 2158 1788 2234 implo-

986 2259 1075 2331 risti,
1093 2259 1129 2321 nt
1144 2259 1254 2319 nullus
1268 2259 1308 2320 de
1325 2262 1354 2320 te
1374 2260 1409 2321 in
1425 2258 1611 2336 aliquorum
1629 2256 1787 2319 cordibus

987 2358 1090 2434 possit
1105 2358 1281 2435 scrupulus
1296 2372 1481 2427 remanere,
1503 2357 1535 2417 et
1554 2355 1589 2416 lri
1605 2356 1661 2433 qui
1676 2354 1787 2416 lubri-

986 2472 1060 2516 cum
1077 2457 1200 2531 lingum
1223 2472 1292 2517 snae
1309 2456 1349 2516 ad
1363 2454 1592 2516 concinnanda
1606 2452 1781 2515 mendacia

986 2555 1180 2625 docuerunt,
1198 2571 1241 2615 ex
1261 2554 1325 2615 1166
1345 2555 1462 2615 morito
1485 2552 1716 2623 retardentur,
1740 2567 1782 2613 ne

986 2653 1123 2730 possint,
1140 2653 1384 2729 sicutcupiunt,
1399 2669 1474 2713 cnm
1487 2652 1639 2712 acueriut
1651 2650 1786 2727 linguas

986 2767 1064 2811 suas
1080 2752 1165 2812 sicut
1182 2752 1363 2827 serpentes
1377 2766 1433 2810 eas
1445 2751 1478 2809 in
1491 2751 1580 2810 trram
1593 2750 1625 2810 et
1638 2748 1780 2810 aliorum

985 2848 1142 2928 injuriam
1164 2849 1330 2910 relaxare.
1352 2850 1420 2909 Nos
1444 2848 1566 2919 autem,
1591 2847 1646 2924 qni
1668 2862 1787 2924 perso-

986 2963 1061 3007 nam
1077 2950 1168 3008 tnam
1184 2946 1364 3007 dileximus
1378 2946 1454 3006 dum
1467 2961 1599 3006 eramus
1614 2945 1649 3005 in
1662 2944 1785 3005 minori

984 3044 1094 3105 cilicio
1130 3045 1314 3115 constituti,
1351 3044 1384 3105 et
1417 3060 1504 3104 nnnc
1532 3040 1785 3104 abundantioris

983 3144 1101 3217 gratiae
1116 3144 1338 3219 praerogativa
1362 3142 1519 3213 zelamur,
1544 3140 1651 3201 felicis
1672 3141 1705 3201 et
1727 3154 1786 3201 re-

984 3240 1131 3301 colendae
1156 3240 1325 3301 memoriae
1347 3239 1517 3300 celestini
1537 3241 1656 3314 Papae,
1678 3237 1783 3314 patris

984 3341 1017 3398 et
1031 3338 1289 3415 praedecessoris
1305 3337 1420 3407 nostri,
1442 3336 1592 3411 uestigiis
1613 3335 1785 3395 inhaeren-

982 3436 1044 3508 tes,
1062 3435 1119 3513 qui
1140 3438 1173 3497 te
1189 3452 1228 3497 ac
1249 3452 1354 3509 genus
1371 3438 1465 3496 tunm
1488 3434 1602 3495 intimo
1622 3432 1726 3509 gessit
1747 3433 1783 3492 in

983 3533 1166 3595 visceribus
1187 3534 1347 3605 caritatis
1358 3549 1458 3609 qutun
1474 3531 1624 3592 eumdem
1649 3529 1783 3607 praede-

983 3647 1148 3693 cessorem
1178 3634 1326 3692 nostrum
1346 3631 1380 3691 in
1404 3630 1493 3690 omni
1520 3628 1708 3689 humilitate
1728 3643 1786 3689 se-

983 3746 1133 3807 quamur,
1164 3746 1261 3806 quarn
1285 3732 1370 3789 lteus
1393 3728 1512 3788 indidit
1538 3726 1630 3788 cordi
1652 3727 1779 3798 nostre,

983 3827 1118 3888 credere
1145 3842 1210 3887 non
1237 3827 1403 3903 potuimus
1433 3826 1490 3887 aut
1517 3824 1615 3887 etiam
1636 3822 1781 3886 tenuiter

982 3924 1155 4002 suspirari,
1173 3925 1258 4001 quod
1279 3926 1347 3986 tna
1373 3927 1505 3986 tuorum
1528 3923 1781 4000 progenitorum

982 4024 1145 4085 suauitate
1167 4023 1387 4099 flagraremus,
1412 4023 1467 4099 qni
1491 4038 1621 4099 seraper
1645 4020 1781 4081 luerunt

983 4138 1041 4199 per
1072 4122 1257 4182 iterationis
1289 4121 1441 4198 spiritum
1474 4121 1550 4181 Sodi
1581 4118 1781 4197 apostolica)

983 4219 1142 4289 obsecuti,
1171 4220 1318 4280 animum
1341 4219 1533 4279 rebellionis
1558 4217 1725 4290 indueres,
1749 4219 1782 4280 et

983 4318 1103 4377 alienae
1135 4318 1214 4379 ritis
1245 4317 1467 4378 amaritudine
1506 4316 1691 4387 redoleres,
1724 4314 1782 4392 qui

982 4416 1143 4476 harterius
1166 4415 1271 4475 baisse
1293 4415 1415 4475 diceris
1437 4415 1489 4474 uir
1508 4414 1542 4474 in
1564 4412 1716 4474 omnibus
1736 4412 1781 4474 ti-

982 4512 1159 4589 moratus(
1184 4511 1209 4591 ).

1022 4607 1183 4666 Cauternm
1208 4622 1274 4665 non
1297 4605 1355 4665 alus
1370 4622 1406 4666 re.
1422 4608 1495 4667 Res
1511 4605 1566 4665 ille
1588 4620 1702 4681 rogum
1723 4604 1781 4682 qui

982 4718 1024 4762 en
1039 4704 1105 4764 alto
1128 4703 1296 4779 prespicit,
1315 4703 1350 4763 ut
1368 4703 1591 4777 intelligentes
1608 4702 1720 4763 rideat
1744 4703 1778 4763 et

977 4801 1126 4875 justitias
1143 4800 1273 4861 Domini
1290 4801 1507 4877 requirentes,
1528 4816 1667 4875 regnum
1684 4800 1775 4861 tunm

981 4914 1081 4974 super
1095 4897 1344 4959 furelanrenturn
1367 4898 1443 4957 sirlei
1459 4896 1630 4968 stabilivit,
1655 4898 1698 4970 at,
1716 4914 1779 4974 po·

980 5013 1063 5057 neas
1079 4996 1161 5056 lines
1177 4999 1249 5073 ejus
1266 5012 1391 5072 pacem,
1409 4998 1442 5057 et
1457 4994 1671 5056 tabernacula
1686 4995 1778 5056 dila-

980 5097 1055 5156 tans
1071 5094 1187 5170 ipsius,
1205 5093 1351 5154 subdidit
1365 5092 1428 5153 sibi
1444 5097 1588 5155 remotas
1608 5096 1640 5155 et
1657 5092 1779 5156 barba-

980 5308 1042 5381 ejus
1059 5308 1332 5380 irnrneritum,prout
1347 5306 1480 5371 (linimus,
1498 5314 1613 5364 auctore
1625 5306 1778 5364 Guillelmo

982 5380 1138 5443 Ararerico,
1161 5394 1257 5450 supra,
1275 5394 1301 5450 p.
1318 5380 1380 5445 libb,
1404 5380 1430 5433 in
1448 5379 1533 5435 ruetis.
1552 5380 1601 5435 Cui
1624 5379 1710 5445 mato,
1726 5394 1778 5435 seu

980 5451 1097 5507 saevitia).
1120 5451 1297 5515 iruunsultre,
1318 5458 1348 5505 nt
1369 5449 1517 5523 plantanda
1538 5465 1589 5506 sua
1615 5450 1779 5505 nredcretur

981 5524 1024 5578 llo
1038 5536 1133 5583 ortus,
1151 5520 1243 5576 rnedis
1260 5522 1393 5577 orunilnrs
1409 5522 1508 5577 lresrnn
1525 5528 1554 5577 et
1574 5534 1645 5577 exas
1666 5528 1777 5577 eratum

981 5592 1101 5663 l’bilippi
1118 5593 1244 5647 anirnurn
1261 5593 1443 5651 nrollicndurn
1456 5607 1490 5650 ac
1502 5536 1777 5649 sibiconciiiuuduur

979 5665 1099 5723 curavit.
1112 5664 1273 5735 (bouqrmt.)
