3802 6166
131 275 188 334 ιιιι
752 273 928 333 ιιοιιοιιιι
952 273 996 332 ιιι
1018 275 1166 335 urana.
1732 292 1781 350 sn

133 435 221 495 idem
237 437 275 496 R.
290 451 364 495 cum
380 433 595 511 participibus
615 433 684 494 suis
700 430 934 509 priusdividat
987 431 1127 506 festivis,
1140 434 1280 512 pulsatis
1297 442 1481 517 campanis,
1499 443 1534 505 et
1557 445 1710 508 candelis
1728 465 1779 510 ac-

133 535 236 594 totam
251 535 375 594 terram
403 531 488 592 infra
508 532 688 599 civitatem,
711 532 744 592 et
766 534 873 601 extra,
900 532 933 591 et
987 531 1107 603 censis,
1124 537 1428 599 excommunicatos
1442 555 1487 601 ex
1502 544 1781 622 partenostrapu·

135 631 175 691 de
195 631 345 707 portione
361 646 434 707 quae
458 630 565 706 ipsum
590 629 630 691 de
651 632 730 705 jure
758 628 934 704 contigerit
987 627 1072 689 blioe
1101 632 1260 694 nuntietis
1288 636 1321 696 et
1355 636 1488 700 faciatis
1515 656 1578 717 per
1599 642 1779 718 adjacentes

135 745 248 789 cum...
264 727 392 789 abbatis
417 728 469 788 sui
493 728 705 789 conniventia
724 726 757 788 et
780 742 930 797 assensu,
986 726 1148 790 dioeceses
1163 732 1196 791 et
1209 747 1324 794 aarum
1340 736 1487 812 capellas
1503 738 1705 802 solemniter
1724 760 1778 819 pu·

135 826 241 888 eidem
264 826 414 887 coenobio
441 824 553 903 aliqua
575 841 721 901 congrua
738 824 845 901 portio
869 825 930 884 de·
986 824 1103 886 blicari
1125 829 1191 889 tam
1221 829 1255 891 iu
1279 833 1507 896 mercimoniis
1531 853 1637 917 quam
1657 839 1693 899 in
1715 841 1779 903 aliis

135 924 300 999 signetur3
326 924 367 985 de
393 924 528 985 residuo
549 940 629 985 vero
649 939 723 984 cum
749 925 872 994 vestro,
899 924 933 984 et
987 939 1045 998 per
1060 940 1190 1000 poenam
1206 932 1563 995 excommunicationis
1580 935 1623 997 ab
1639 938 1779 1001 omnibus

132 1023 280 1099 eJusdem
309 1022 437 1085 abbatis
457 1023 598 1085 consilio
612 1037 673 1099 pro
699 1021 930 1099 praedictorum
986 1020 1106 1082 evitari
1122 1022 1292 1099 facientes,
1309 1029 1441 1091 eosdem
1454 1036 1686 1109 supponentes
1701 1037 1779 1098 nihi·

133 1121 280 1182 omnium
302 1122 528 1183 satisfactione
548 1121 711 1197 disponat,
735 1122 832 1196 [orout
856 1136 929 1181 me·
986 1116 1128 1179 lominus
1144 1123 1177 1183 et
1191 1122 1358 1186 civitatem
1373 1127 1508 1189 illorum
1524 1131 1719 1194 arctissimo
1736 1134 1780 1195 in-

133 1217 198 1279 lius
238 1218 407 1280 videbitur
441 1218 608 1295 expedire.
650 1217 817 1278 Portionis
851 1233 930 1279 vero
985 1216 1310 1309 terdicto,itaquod,
1327 1241 1500 1303 quousque
1525 1228 1683 1306 iniquum
1703 1233 1780 1293 rela-

132 1318 337 1378 monasterio
370 1316 583 1393 designandae
619 1315 764 1393 provisio
797 1317 932 1391 propter
985 1314 1098 1376 xarint
1134 1319 1292 1381 statutum
1335 1323 1368 1383 et
1401 1322 1442 1384 de
1485 1324 1565 1386 aliis
1597 1329 1779 1404 supradicto

131 1416 362 1478 necessitatem
381 1416 564 1490 urgentem,
588 1416 621 1475 et
636 1414 822 1475 evidentem
838 1412 932 1475 utili·
986 1411 1210 1487 Saliuguerrae
1224 1432 1283 1493 pro
1299 1419 1394 1480 nobis
1408 1422 1651 1496 satisfecerint,
1664 1427 1779 1487 uullun

130 1515 231 1574 tatem
254 1514 361 1574 eidem
388 1516 426 1575 R.
443 1529 462 1574 a
479 1530 539 1573 suo
559 1513 783 1575 committatur
798 1510 928 1581 abbate,
985 1508 1019 1569 in
1031 1526 1081 1582 ea,
1099 1516 1220 1587 prater
1231 1514 1394 1592 baptisma
1410 1520 1631 1595 parvulorum
1646 1525 1781 1600 espeni-

130 1612 177 1673 ita
193 1612 279 1688 quod
295 1613 366 1688 ipse
383 1610 425 1672 ob
446 1611 587 1685 gratiam
608 1610 671 1672 sibi
691 1609 811 1672 factam
836 1625 929 1670 novae
984 1609 1105 1670 tentius
1121 1612 1343 1686 morientium,
1360 1616 1510 1679 divinum
1524 1618 1677 1681 officium
1697 1623 1779 1683 cele-

131 1710 395 1771 conversationis
423 1710 532 1770 studio
568 1725 604 1768 se
632 1709 770 1769 reddere
799 1707 930 1769 studeat
983 1706 1107 1769 bretun.
1117 1712 1331 1786 AEgrotantes
1344 1719 1455 1776 autem
1471 1718 1565 1794 prius
1572 1721 1778 1798 jurentquod

131 1806 283 1868 omnibus
297 1807 492 1883 gratiosum,
515 1809 582 1868 tam
598 1806 633 1866 in
649 1805 764 1867 habitu
779 1821 876 1882 quam
895 1805 928 1864 in
984 1805 1117 1877 dabunt,
1135 1809 1164 1868 si
1179 1811 1422 1884 convalescant,
1440 1816 1635 1889 specialiter
1651 1834 1778 1895 operam

130 1905 217 1977 aliis,
248 1905 332 1966 nibil
359 1919 495 1981 prorsus
514 1905 680 1966 attentans
713 1905 828 1965 contra
858 1919 931 1965 mo-
983 1903 1151 1966 efficacem
1163 1909 1501 1973 utrestituaturterra
1515 1913 1589 1989 ipso
1601 1915 1778 1976 vironobili

112 1990 293 2064 ¹nasticam
321 2003 539 2064 honestatem.
575 2002 736 2074 Quocirca
767 2001 926 2062 fraterni-

130 2101 189 2162 tati
206 2103 325 2161 vestrae
347 2115 407 2177 per
429 2099 617 2175 apostolica
639 2099 763 2176 scripta
784 2099 927 2160 manda-

129 2215 214 2269 mus,
242 2201 406 2274 quatenus
421 2199 519 2273 juxta
541 2195 680 2257 formam
701 2197 927 2273 praescriptam

128 2295 163 2356 iu
179 2295 250 2372 ipso
270 2295 414 2370 negotio,
431 2294 561 2356 sublato
574 2294 806 2371 appellationis
821 2293 928 2355 obsta·

129 2394 219 2464 culo,
257 2393 459 2470 procedatis;
491 2392 752 2454 contradictores
785 2407 926 2453 censura

128 2491 354 2552 ecclesiastica
390 2490 639 2567 compescendo.
672 2492 790 2552 Datum
823 2492 925 2552 Late-

127 2589 214 2660 rani,
240 2588 384 2650 secundo
411 2604 518 2649 nonas
542 2587 685 2663 augusti,
716 2587 926 2665 pontificatus

127 2687 233 2748 nostri
249 2702 337 2747 anno
353 2689 470 2763 quarto
486 2686 624 2747 decimo.

169 2785 219 2845 Ne
244 2784 347 2860 igitur
381 2800 481 2859 super
506 2783 559 2843 liis
585 2782 736 2844 dubitare
759 2783 864 2859 possit
891 2782 925 2843 in

57 2958 63 2973 .
128 2885 308 2959 posterum,
325 2881 386 2941 lias
402 2881 495 2941 vobis
509 2880 637 2942 litteras
651 2881 684 2940 in
700 2881 923 2941 testimonium

128 2981 284 3040 duximus
304 2975 542 3050 concedendas,
566 2979 796 3054 praecipientes
808 2994 848 3039 ea
864 2978 925 3039 fir-

128 3079 226 3140 miter
247 3077 429 3138 observari.
445 3077 562 3138 batum
576 3079 700 3148 Romae,
717 3076 803 3153 apud
818 3079 924 3138 Sanc-

125 3178 195 3238 tum
220 3177 365 3247 Petrum,
382 3178 459 3237 Xlil
475 3175 635 3236 kalendas
657 3175 745 3252 julii,
762 3191 850 3237 anno
866 3192 923 3235 se-

127 3274 248 3337 cundo.

473 3399 583 3486 dccl

125 3537 177 3596 Ad
191 3538 432 3604 Peenameus,
449 3536 657 3594 Pacilianam
669 3533 702 3595 ef
717 3535 923 3595 ferrarien·

384 3647 459 3692 sem
474 3634 658 3704 episcopos.

421 3753 454 3810 le
466 3753 527 3825 jun.
550 3753 630 3810 lala.

245 3861 384 3941 JSavioli.
401 3863 467 3912 Anu.
484 3860 600 3923 Eulogo..
618 3860 649 3918 ll,
667 3873 697 3917 ιι,
709 3859 777 3924 386]

128 3965 163 4020 Ut
182 3969 351 4035 potestatem
375 3968 404 4017 et
429 3960 508 4016 cives
530 3959 735 4023 bononienses,
763 3961 811 4031 qui
835 3960 924 4017 Salin-

162 4067 274 4124 guerrae
288 4050 323 4107 de
341 4048 469 4106 Ferraria
486 4047 597 4118 aliquas
612 4048 811 4121 possessiones
823 4049 923 4106 uolunt

97 4166 110 4187 s
162 4140 321 4211 resignare,
332 4134 596 4192 excommunicatos
611 4133 721 4207 publice
737 4135 875 4193 nuntient.

166 4260 202 4317 ln
218 4253 375 4315 curandis
391 4254 579 4315 nostrorum
595 4251 787 4313 vulneribus
803 4253 921 4315 subdi·

127 4357 235 4417 torum
253 4351 462 4414 medicinalis
488 4349 621 4411 artificii
643 4350 848 4426 diligentiam
867 4354 923 4414 ad-

124 4453 285 4523 hibentes,
310 4449 533 4511 abscindimus
555 4464 595 4508 ea
617 4447 716 4520 ferro,
744 4466 818 4526 quae
836 4450 921 4513 forte

123 4553 198 4614 oleo
207 4550 389 4625 mitigatam
401 4563 466 4607 nou
477 4546 625 4608 sentiunt
634 4547 825 4608 aromaticis
836 4564 919 4610 con-

123 4649 320 4711 lectionibus
334 4644 543 4705 medicinam.
567 4645 606 4704 Et
618 4645 790 4720 propterea
805 4644 920 4707 frater·

123 4748 219 4808 nitati
228 4748 349 4808 vestrae
359 4759 419 4820 per
434 4741 622 4818 apostolica
636 4742 758 4818 scripta
770 4743 918 4805 districte

124 4842 347 4923 praecipiendo
361 4840 571 4910 mandamus,
589 4842 752 4916 quatenus
771 4843 918 4916 potestas

122 4947 155 5004 et
168 4943 258 5004 cives
273 4943 412 5009 Bonum,
427 4937 482 5014 qui
499 4937 539 4998 de
554 4941 645 4998 terra
660 4937 837 4999 comitissae
851 4941 918 4999 bla-

984 2005 1185 2075 memorato,
1204 2022 1264 2066 uec
1287 2007 1481 2069 molestetur
1510 2012 1657 2073 ulterius
1688 2030 1779 2091 super

983 2115 1022 2160 eo
1035 2101 1210 2177 quominus
1230 2104 1363 2165 nomine
1376 2108 1534 2168 Romanae
1553 2110 1717 2172 Ecclesiae
1730 2114 1776 2172 te-

982 2212 1062 2258 nere
1088 2199 1199 2261 valeat
1212 2203 1335 2263 terram
1359 2202 1476 2280 ipsam.
1491 2206 1659 2268 Volumus
1686 2210 1777 2270 etiam

982 2296 1015 2356 et
1040 2296 1234 2359 mandamus
1259 2302 1295 2361 ut
1318 2316 1393 2362 cum
1418 2303 1590 2378 negotium
1616 2306 1726 2382 ipsum
1741 2309 1777 2366 sit

982 2394 1139 2455 Romanae
1162 2396 1317 2458 Ecclesiae
1346 2399 1491 2475 speciale
1515 2400 1608 2478 ipsos
1635 2406 1671 2465 et
1699 2404 1776 2464 alios

980 2490 1168 2553 detentores
1178 2496 1211 2555 et
1221 2498 1579 2573 usurpatorasillarum
1590 2503 1774 2576 possessio-

981 2604 1059 2649 num
1074 2606 1146 2667 quae
1162 2593 1356 2655 nominatim
1375 2595 1612 2672 exprimuntur
1625 2599 1662 2658 in
1680 2599 1775 2677 privi-

980 2685 1111 2761 legion
1137 2689 1232 2750 nobis
1263 2693 1297 2752 et
1321 2692 1481 2754 fratribus
1509 2695 1636 2757 nostris
1675 2697 1774 2758 eidem

981 2784 1206 2861 Salinguerrae
1219 2803 1388 2860 concesso,
1404 2792 1677 2870 praeterCarpiet
1688 2811 1774 2856 mon-

979 2882 1022 2943 tis
1035 2885 1236 2946 Baranzonis
1247 2888 1416 2959 castra,ad
1431 2889 1681 2952 restitutionem
1690 2896 1721 2954 at
1733 2909 1774 2953 re·

979 2979 1198 3055 signationem
1214 2984 1458 3062 possessionum
1476 2987 1639 3064 ipsarum,
1658 2993 1772 3067 quanto

979 3081 1078 3142 citius
1104 3083 1269 3160 poteritis,
1300 3084 1546 3160 constringatis,
1581 3088 1771 3150 exhibentes

979 3195 1038 3241 vos
1052 3181 1086 3240 in
1102 3180 1164 3242 hoc
1178 3182 1311 3257 negotio
1324 3181 1372 3242 sic
1385 3181 1551 3244 ferventes
1566 3185 1657 3261 quod
1679 3187 1773 3248 devo-

979 3277 1101 3338 tionem
1117 3281 1261 3339 vestram
1277 3280 1441 3356 possimus
1465 3282 1585 3342 merito
1602 3299 1769 3346 commen-

979 3374 1059 3435 dare
1082 3388 1122 3436 ec
1150 3375 1236 3438 idern
1273 3376 1394 3438 nobilis
1428 3380 1663 3456 possessiones
1689 3383 1771 3459 ipsas

979 3472 1082 3534 libere
1098 3474 1266 3549 possideat
1279 3477 1312 3537 et
1332 3476 1452 3553 quiete.
1475 3479 1549 3538 Non
1567 3479 1771 3543 obstantibus

978 3571 1098 3632 litteris
1122 3573 1162 3632 ad
1184 3573 1390 3635 venerabiles
1412 3574 1531 3637 fratres
1550 3580 1687 3638 nostros
1714 3581 1772 3640 Bo-

979 3670 1171 3732 noniensem
1186 3673 1220 3732 et
1239 3672 1457 3746 Reginensem
1471 3673 1648 3750 episcopos
1669 3675 1770 3752 impe-

978 3769 1085 3840 tratis,
1119 3785 1180 3830 nec
1218 3769 1469 3847 exceptionibus
1497 3769 1595 3832 nobis
1625 3773 1679 3835 vel
1714 3774 1770 3851 ipsi

971 3870 1201 3945 Salinguenrae
1223 3868 1372 3944 objectis,
1388 3868 1467 3945 quin
1487 3870 1684 3933 mandatum
1700 3888 1772 3933 nos-

977 3970 1064 4031 trum
1092 3967 1321 4045 exsequamini
1343 3967 1416 4028 sine
1430 3982 1534 4028 mora.
1552 3968 1647 4039 Quod
1668 3970 1698 4031 si
1711 3986 1769 4031 non

977 4082 1102 4138 omnes,
1120 4068 1182 4127 etc.

1015 4166 1134 4226 Datum
1150 4166 1264 4225 Romae
1289 4162 1375 4239 apud
1391 4163 1548 4223 Sanctum
1563 4166 1702 4227 Petrum
1717 4165 1770 4226 de·

976 4263 1062 4323 cimo
1083 4262 1180 4323 tertio
1199 4260 1331 4321 kalend.
1337 4260 1427 4336 julii,
1439 4259 1655 4336 pontificatus
1670 4264 1769 4325 nostri

975 4359 1232 4421 annosecundo.

1307 4484 1438 4570 cccli

973 4629 1025 4688 Ad
1046 4629 1228 4686 rciafucraos
1245 4627 1382 4687 abbates
1404 4629 1617 4700 trigenarius·
1638 4630 1767 4690 Cister-

1125 4724 1233 4783 cfensi
1244 4724 1391 4798 capituto
1400 4724 1616 4786 constitutae.

1263 4846 1299 4903 20
1313 4845 1375 4918 jnn.
1397 4846 1475 4903 tnta.

1095 4951 1244 5017 [licumque.
1253 4952 1319 5001 Anu.
1333 4952 1445 5010 cisterc,
1455 4955 1474 4999 t.
1485 4952 1527 5003 lv.
1539 4967 1565 5015 p.
1573 4953 1644 5018 lta]

121 5040 237 5108 thildis
261 5038 302 5099 ad
324 5039 507 5098 ROmassaffl
532 5034 713 5096 Ecclesiam
731 5035 916 5111 pertinente
971 5053 1020 5112 iiis
1034 5050 1160 5120 mandat,
1175 5057 1206 5106 ut
1218 5050 1356 5107 solemnia
1376 5047 1524 5106 beatorum
1546 5058 1704 5125 martyrum
1721 5055 1764 5109 io·

121 5136 333 5205 Medicinam,
346 5134 536 5208 argelatam
549 5134 582 5194 et
595 5133 915 5209 possessionesalias
1006 5140 1109 5198 bantus
1131 5147 1159 5196 et
1171 5139 1251 5196 Pauli
1271 5153 1321 5210 per
1335 5152 1436 5195 omnes
1449 5138 1587 5196 ecclesias
1604 5142 1650 5198 sui
1665 5140 1767 5197 ordinis

119 5235 280 5305 detinent,
298 5249 381 5310 quas
410 5231 513 5292 nobili
533 5231 605 5292 viro
626 5231 849 5307 Salinguerrae
874 5233 915 5294 da
1005 5231 1034 5286 iu
1044 5229 1193 5287 duodecim
1207 5228 1376 5286 lectionibus
1386 5229 1469 5286 anuis
1487 5229 1613 5301 singulis
1627 5230 1765 5288 celebren-

120 5332 276 5397 Ferraria
292 5331 426 5392 vassalo
446 5334 559 5391 nostro
574 5329 614 5390 ad
636 5331 785 5390 nostrum
798 5330 915 5393 nolunt
1004 5327 1059 5376 ¹¹¹?-

119 5434 290 5508 resignare
306 5427 508 5497 mandatum,
525 5431 558 5490 et
572 5430 729 5489 statutum
741 5427 915 5504 iniquissi·
1009 5432 1095 5489 Sane
1111 5444 1172 5489 nos
1187 5428 1227 5489 ad
1242 5428 1374 5489 eosdem
1397 5425 1660 5502 gloriosissimos
1675 5444 1763 5489 mar·

119 5547 209 5593 mum
220 5532 335 5590 contra
344 5526 525 5586 Ecclesiam
536 5525 912 5589 leceruntnilrilomiuus
967 5526 1056 5602 tyres
1093 5525 1300 5602 spiritualem
1337 5523 1546 5586 devotionem
1588 5525 1762 5591 babentes.

119 5633 151 5692 et
164 5627 342 5691 observant
360 5646 367 5686 :
384 5622 524 5700 singulis
549 5622 665 5686 diebus
690 5623 912 5714 dominicisuet
967 5626 1077 5700 utpote
1091 5623 1146 5701 qui
1159 5622 1200 5711 ad
1211 5638 1325 5687 eorum
1341 5622 1472 5684 titulum
1487 5623 1668 5685 sacerdotii
1689 5639 1764 5700 gra·
