3802 6166
56 310 120 371 105
490 312 633 373 v111.-
653 312 696 375 {N
718 314 849 374 illisve
872 312 1021 376 saucii
1043 315 1272 377 slnv'lis'lltl.
1649 320 1710 381 tad

57 486 77 530 c
97 469 135 530 tn
152 471 267 534 vestro
289 470 422 533 mortali
445 487 631 551 corpore.»
648 474 688 537 nt
701 494 709 535 :
722 474 861 552 calloo
910 476 1032 552 justus,
1049 475 1082 538 et
1096 474 1231 553 placens
1246 475 1431 539 Deolactus
1446 475 1597 550 dilectus,
1610 478 1712 540 etiam

55 582 185 642 conpita
198 585 317 632 aurora
331 570 365 632 ct
378 573 415 633 ta
427 571 633 634 servitutem
647 574 780 650 redtpo.
914 573 1029 634 vivens
1047 573 1135 634 inter
1148 575 1340 651 peccatores
1354 577 1537 638 translatus
1553 579 1621 651 est3
1640 576 1714 654 pla-

99 667 153 729 llli
175 667 422 729 sacrificantia
444 667 554 742 corde,
578 669 634 747 qui
656 686 788 747 semper
802 687 861 731 co-
915 670 982 732 cila
1002 671 1090 732 enim
1114 674 1187 734 erat
1215 675 1282 735 Deo
1305 673 1418 735 anima
1445 677 1528 751 ejus,
1545 674 1623 752 quia
1649 675 1713 737 suit

58 765 168 840 gitant
194 782 314 842 magna
336 766 369 829 et
394 766 463 829 alta
484 767 525 828 de
546 769 626 839 Deo,
641 768 718 846 quia
731 768 859 846 quoties
915 767 1003 828 illius
1018 785 1099 830 suus
1115 768 1255 832 dilectus
1281 770 1317 832 in
1344 771 1490 849 quesibi
1513 788 1580 833 non
1605 772 1712 833 solnm

59 863 208 939 cogitant
221 879 345 942 eaquae
361 864 421 926 Dei
433 866 521 938 sunt,
538 865 596 927 lux
609 866 859 942 divinaegratiae
915 866 1040 943 placuit
1063 866 1121 929 sed
1145 868 1247 931 etiam
1270 870 1480 946 complacuit.
1510 870 1601 932 Unde
1625 887 1713 947 prze-

62 958 97 1022 in
109 960 266 1023 cordibus
290 977 405 1023 eorum
421 961 617 1036 infunditur,
632 965 665 1025 et
687 963 762 1025 ideo
778 967 861 1041 jun·
915 966 1046 1043 ceptum
1060 967 1133 1028 erat
1147 965 1182 1028 in
1202 966 1276 1043 lege
1292 968 1411 1045 Moysi,
1428 969 1465 1029 ut
1479 969 1634 1030 sacerdos
1654 985 1713 1029 ac-

61 1060 186 1133 gnntur
208 1061 277 1122 Deo
293 1076 352 1137 per
366 1076 481 1122 veram
499 1061 745 1138 cogitationem.
767 1062 860 1125 Unde
914 1062 1042 1140 ciperet
1055 1063 1273 1135 thuribulum,
1289 1067 1323 1126 et
1342 1065 1497 1143 impleret
1515 1064 1599 1127 illud
1624 1065 1711 1142 igne,

63 1157 238 1235 Apostolus
261 1179 269 1218 ε
289 1162 500 1221 Accedamus
520 1162 565 1221 od
582 1163 694 1222 Deum
717 1163 756 1222 tn
775 1174 860 1222 vcro
914 1161 948 1224 et
961 1161 1098 1239 poneret
1113 1161 1286 1225 incensum
1304 1162 1456 1240 desuper,
1480 1163 1514 1226 et
1532 1163 1580 1225 sic
1599 1164 1714 1240 ingre-

64 1259 172 1327 corde,
189 1259 228 1317 to
244 1257 458 1332 preliandum
480 1259 561 1332 ridet
583 1256 698 1338 (Hebr.
728 1273 763 1327 x,
791 1256 858 1337 22).
914 1259 1049 1321 deretur
1079 1260 1116 1323 in
1153 1261 1280 1323 Sancta
1315 1262 1536 1335 Sanctorum,
1565 1262 1713 1325 tacturus

71 1355 151 1417 l'oro
178 1357 296 1426 corde,
321 1353 425 1428 idest,
454 1355 584 1416 sincera
613 1355 800 1427 dilectione,
824 1355 860 1416 in
915 1358 1100 1421 orationem
1127 1358 1339 1437 pro-populos
1362 1358 1583 1422 Thuribulum
1607 1360 1714 1436 signi-

70 1450 273 1525 plenitudine·
288 1451 389 1525 tidei,
410 1453 513 1525 idest,
535 1453 570 1515 in
596 1469 716 1530 magna
741 1453 861 1515 credu-
914 1454 997 1518 licat·
1007 1472 1065 1518 cor
1079 1456 1238 1518 mundum
1246 1456 1333 1535 quod
1347 1457 1504 1535 impletur
1516 1458 1605 1534 igne,
1613 1458 1710 1531 idest,

71 1546 165 1611 litate.
190 1551 231 1611 Et
253 1549 289 1610 in
315 1551 442 1627 psalmo
466 1572 474 1612 :
494 1567 513 1611 a
537 1553 601 1612 Cor
626 1551 804 1613 contritum
828 1552 861 1613 et
914 1554 1034 1615 ardore
1069 1554 1254 1617 alteritatis.
1282 1554 1345 1617 Hic
1373 1554 1462 1631 ignis
1490 1555 1541 1618 est
1566 1556 1712 1618 charitas

70 1646 274 1709 humiliatum
295 1650 382 1710 Deus
406 1665 472 1710 non
493 1649 630 1727 spernit.
645 1667 664 1710 a
678 1650 732 1711 llli
753 1650 860 1712 sacri·
915 1668 988 1730 quae
1016 1651 1113 1714 debet
1128 1667 1260 1730 semper
1282 1653 1401 1714 ardere
1423 1653 1458 1714 in
1481 1652 1580 1715 corde
1599 1668 1713 1714 sacer-

64 1747 162 1809 dcant
183 1747 219 1807 in
234 1762 336 1822 opere
349 1762 422 1825 qnae
442 1747 476 1808 in
502 1747 655 1809 omnibns
672 1747 768 1810 bonis
785 1764 859 1825 quas
914 1750 1011 1812 dotis.
1028 1750 1402 1828 Deqnoignescriptnm
1413 1751 1483 1812 est:
1498 1754 1620 1828 [altem
1632 1754 1712 1813 cetri

59 1846 174 1908 dicunt
188 1847 248 1906 aut
264 1842 401 1917 iaciunt,
427 1845 609 1906 humanum
626 1845 774 1907 savorem
793 1860 859 1907 non
914 1848 1055 1910 astitere
1080 1851 1118 1909 ta
1146 1848 1291 1919 terram,
1314 1849 1347 1910 et
1366 1851 1446 1922 qnid
1469 1853 1554 1919 oola,
1580 1851 1648 1910 taisi
1674 1849 1712 1911 ut

52 1946 226 2025 quaerunt,
244 1945 301 2006 sed
316 1943 423 2006 solam
437 1943 580 2021 gratiam
593 1943 663 2005 Dei.
679 1945 763 2016 Quia
773 1943 860 2006 sicut
913 1947 1036 2008 ardeat
1052 1943 1147 2025 (Luc.
1167 1961 1229 2015 xn,
1250 1945 1327 2026 lint
1345 1946 1410 2007 iste
1425 1947 1477 2008 est
1489 1945 1578 2022 ignis
1592 1962 1714 2024 perpe-

45 2043 141 2107 dicit
162 2043 342 2120 Apostolus
356 2064 364 2102 :
378 2046 551 2105 Modicum
574 2043 786 2117 senescentum
804 2044 859 2106 to·
914 2046 990 2107 tuus
1014 2043 1072 2121 qui
1096 2043 1132 2105 in
1159 2042 1265 2106 veteri
1298 2045 1511 2114 Testamento
1544 2044 1579 2105 in
1612 2043 1711 2105 altari

39 2144 134 2205 tam
146 2155 301 2202 tarascona
316 2141 510 2215 comtempti
525 2137 554 2218 (l
569 2142 644 2201 Cor.
659 2156 692 2212 v,
712 2139 758 2220 6),
776 2142 809 2202 et
824 2139 858 2200 in
909 2145 1025 2220 jussus
1044 2143 1095 2204 est
1106 2143 1236 2205 ardere.
1254 2145 1391 2220 Semper
1404 2144 1494 2204 enim
1513 2142 1660 2204 charitas
1676 2142 1712 2204 in

37 2239 222 2321 psalmo:
250 2239 445 2313 socltllcotc
472 2239 685 2311 sacrificium
707 2239 860 2311 jactatio
913 2255 973 2302 ara
1001 2240 1111 2303 cordis
1142 2239 1239 2303 debet
1270 2255 1506 2317 perseverare,
1534 2241 1612 2317 quia
1638 2240 1711 2303 sine

38 2340 133 2421 (ΡΒ.
156 2341 185 2409 4,
208 2335 255 2416 6).
914 2341 987 2416 eius
1002 2338 1136 2399 flamma
1155 2353 1221 2398 non
1236 2337 1343 2414 potest
1362 2337 1564 2400 sacrificium
1576 2336 1711 2416 aliquod

83 2435 263 2497 Similiter
284 2435 428 2512 legimus
449 2435 537 2514 quod
551 2436 617 2498 tria
636 2434 715 2498 sunt
734 2450 858 2511 genera
913 2435 1135 2511 cogitationis
1155 2435 1343 2508 locutionis,
1364 2434 1568 2513 operationis
1592 2451 1712 2498 conse-

42 2532 315 2602 sacrificiorum.
341 2535 416 2597 Alia
439 2539 526 2596 enim
551 2535 629 2596 sunt
651 2533 857 2623 holocausta,
913 2535 1002 2596 crari
1016 2535 1075 2595 aut
1087 2533 1290 2611 acceptabile
1305 2532 1378 2595 lieri
1392 2532 1429 2595 in
1441 2534 1619 2610 conspectu
1633 2533 1706 2595 Dei.

48 2629 130 2699 alia
150 2632 312 2710 simplicia
334 2631 511 2705 sacriticia,
523 2631 591 2693 alia
611 2631 760 2709 pacillca.
780 2635 858 2694 Ho-
915 2633 1008 2694 Unde
1033 2632 1069 2692 in
1091 2631 1227 2694 cantico
1248 2630 1481 2694 canticorum:
1498 2635 1604 2705 Aesone
1622 2636 1713 2694 antd-

58 2731 254 2799 pacasium
275 2729 573 2807 vocabatur,.quod
600 2729 654 2792 vel
677 2744 722 2792 ex
748 2728 858 2791 debito
914 2732 959 2793 toe
979 2746 1048 2793 non
1068 2731 1259 2806 potuerunt
1279 2730 1486 2806 cesaraeae
1503 2730 1711 2792 alacritatem

62 2823 118 2891 vel
131 2829 249 2906 sponte
255 2826 517 2892 salsamentum
528 2826 787 2890 incendebatur..
797 2829 860 2889 Sa·
914 2827 1022 2910 (Cant.
1038 2844 1110 2901 vm,
1123 2825 1170 2908 7).

72 2920 429 2998 ccttlclumvocabatur,
445 2924 533 3004 quod
547 2940 608 3003 pro
626 2924 737 2988 debito
761 2924 861 2987 insti·
954 2927 1115 2989 Sacerdos
1131 2925 1317 2989 debettbus
1331 2941 1510 3004 apponere,
1533 2925 1629 2994 idest,
1652 2925 1714 2987 de-

75 3019 200 3085 lationis
219 3023 366 3086 oblatum
390 3023 511 3101 partim
536 3023 757 3094 cremabatur,
780 3038 860 3101 par-
913 3025 1223 3089 votamorationem
1236 3041 1297 3102 pro
1315 3025 1438 3103 populo
1453 3024 1517 3086 sibi
1534 3023 1711 3085 commisso

78 3116 127 3179 lin
138 3121 380 3184 reservabatur.
399 3122 553 3194 Pacifico
576 3120 858 3199 dicebanturque
914 3126 980 3185 Deo
993 3123 1125 3195 oflerre,
1143 3125 1176 3186 et
1196 3122 1243 3186 ita
1256 3122 1384 3185 intrare
1407 3122 1443 3183 in
1462 3122 1582 3184 Sancta
1602 3125 1711 3185 Sanc-

80 3221 178 3293 sponte
194 3219 420 3283 offerebantur
438 3219 510 3282 sive
524 3235 583 3297 pro
603 3218 787 3295 gratiarum
801 3234 860 3281 ac-
912 3224 1033 3294 torum,
1057 3221 1153 3290 idest,
1184 3237 1244 3299 per
1271 3220 1392 3282 bonam
1420 3220 1656 3296 cogitationem
1679 3221 1713 3282 et

79 3313 164 3387 ione,
190 3319 262 3381 sive
281 3334 341 3396 pro
365 3316 583 3396 praecedentis
604 3317 673 3380 voti
692 3316 858 3394 adimple·
913 3336 1031 3396 puram
1046 3319 1231 3381 orationem
1246 3317 1422 3396 pervenire
1431 3318 1472 3379 ad
1484 3317 1560 3378 coeli
1572 3317 1708 3394 palatia.

78 3413 174 3490 tione,
200 3416 274 3480 sive
301 3433 362 3494 pro
389 3415 579 3478 voluntaria
609 3418 643 3479 et
676 3416 859 3492 spontanea
913 3418 953 3479 Et
967 3417 1002 3478 in
1016 3420 1165 3493 tempore
1175 3417 1266 3477 illius
1280 3416 1387 3479 lactus
1401 3417 1451 3477 est
1465 3415 1705 3476 reconciliatio.

75 3510 249 3577 dovotione.
265 3512 859 3590 Holocaustumaliquandollebatde
915 3515 1007 3577 Sicut
1032 3515 1183 3590 legimns,
1209 3513 1401 3585 viduarum,
1417 3512 1655 3588 orphanorum,
1678 3514 1712 3574 et

72 3613 234 3686 armentis,
246 3612 425 3691 aliquando
435 3612 477 3673 de
487 3610 859 3689 pecoribus,aliqpando
913 3627 1147 3690 oppressorum
1173 3610 1306 3686 negotia
1332 3610 1381 3672 sic
1409 3609 1583 3681 tractabat,
1613 3625 1652 3670 ac
1681 3609 1711 3671 si

69 3708 102 3771 de
117 3710 317 3773 volatilibus.
340 3708 470 3772 Oblatio
490 3707 670 3786 aliquando
686 3708 728 3769 de
748 3708 859 3770 simila
913 3711 1047 3789 propria
1063 3708 1185 3771 essent.

69 3807 172 3882 tiebat,
187 3825 262 3887 quae
278 3808 450 3871 dicebatur
462 3806 584 3877 simila,
600 3806 633 3869 et
650 3806 724 3869 erat
748 3806 858 3868 simila
954 3811 1060 3871 Item:
1082 3808 1211 3870 Factus
1223 3807 1275 3868 est
1295 3805 1539 3868 reconciliatio.
1557 3807 1630 3883 Ipse
1651 3820 1710 3867 re-

66 3908 176 3970 cruda.
193 3906 382 3985 Aliquando
406 3905 446 3967 de
462 3904 604 3977 clibano,
624 3904 803 3984 aliquando
818 3905 860 3967 de
914 3903 1372 3969 conciliavittlonstantinum
1386 3903 1621 3979 imperatorem
1635 3919 1711 3965 cum

64 4006 243 4083 sartagine,
256 4002 436 4083 aliquando
448 4003 490 4066 de
506 4003 679 4077 craticula,
696 4001 783 4080 quod
799 4018 859 4064 sa·
914 4006 982 4067 toto
995 4003 1075 4066 orbe
1092 4002 1257 4065 Ecclesia·
1274 4004 1444 4074 Romana,
1461 4003 1495 4064 et
1512 4017 1626 4062 omnes
1641 4001 1713 4063 dis-

63 4105 224 4168 crillcium
239 4104 368 4167 coctum
389 4101 582 4165 vocabatur.
605 4100 777 4163 sacrificia
791 4100 860 4163 alia
914 4103 1092 4165 cordantes
1106 4099 1240 4163 reduxit
1254 4100 1295 4162 ad
1317 4115 1444 4178 pacem.
1463 4099 1557 4163 Unde
1570 4103 1714 4177 Aposto-

63 4219 117 4280 pro
145 4204 284 4281 peccato
308 4202 421 4274 eraut,
451 4199 519 4263 alia
547 4215 607 4278 pro
633 4199 766 4262 delicto.
794 4202 859 4261 Pro
914 4201 991 4264 lus:
1013 4205 1105 4262 Delas
1124 4202 1218 4261 enim
1231 4198 1310 4261 erat
1324 4201 1362 4260 ia
1377 4198 1528 4270 cbristo,
1544 4202 1714 4259 aescendune

63 4303 198 4379 peccato
217 4298 367 4378 quidem,
389 4300 426 4361 ut
450 4298 643 4377 expiaretur
670 4298 857 4374 peccatum
913 4302 1140 4362 reconcilians
1161 4301 1227 4360 sibi
1249 4296 1294 4378 (11
1316 4299 1390 4357 Cor.
1417 4312 1450 4368 v,
1477 4294 1542 4376 19).
1572 4298 1713 4372 Magium

64 4415 117 4477 pro
132 4398 258 4461 delicto
272 4399 309 4459 ut
326 4394 521 4474 expiaretur
541 4396 711 4459 delictum.
736 4398 861 4457 Pecca-
915 4396 1058 4475 eloquio,
1084 4396 1163 4473 quia
1184 4394 1285 4459 etiam
1308 4394 1344 4455 in
1369 4394 1515 4457 montem
1543 4395 1713 4455 excelsum

63 4499 128 4561 tum
153 4497 208 4559 est
227 4494 359 4575 quando
384 4495 421 4556 tit
447 4493 534 4571 quod
560 4493 634 4555 lieri
655 4509 722 4555 non
750 4492 858 4556 debet.
915 4494 1124 4566 ascendebat,
1139 4510 1214 4556 cum
1229 4491 1479 4568 evangelizabat
1501 4493 1591 4564 Sion,
1614 4490 1712 4552 exal-

66 4595 229 4657 Ilelictum
248 4596 299 4656 est
316 4592 447 4672 quando
462 4608 528 4653 non
552 4591 590 4655 tit
612 4591 698 4670 quod
713 4590 787 4652 lieri
800 4592 862 4653 de-
913 4596 989 4655 tans
1005 4591 1039 4655 in
1064 4591 1259 4655 lentitudine
1283 4606 1399 4653 vocem
1434 4605 1540 4651 suam.
1571 4592 1610 4651 Ei
1638 4604 1713 4649 curn

64 4690 179 4757 betsst
198 4692 234 4753 in
251 4691 306 4753 his
325 4691 457 4769 quidem
476 4688 629 4753 omnibus
652 4691 860 4752 sacramenta
914 4690 1045 4769 parvuli
1060 4691 1212 4768 peterent
1225 4705 1356 4767 panem,
1372 4703 1435 4748 nee
1453 4688 1526 4748 erat
1544 4686 1601 4763 qui
1621 4685 1715 4746 iran-

66 4789 273 4853 constabant.
914 4790 1008 4866 geret
1039 4789 1104 4861 eis,
1144 4802 1353 4865 nequaquam
1382 4783 1605 4846 abscondebat
1642 4783 1715 4845 iru-

100 4891 243 4963 Magnus
258 4888 331 4950 erat
345 4885 461 4949 beatus
478 4885 638 4947 silvester
649 4884 685 4946 in
696 4883 858 4955 oratione,
915 4888 1026 4948 menta
1051 4901 1122 4958 sna,
1148 4901 1189 4945 ne
1217 4882 1473 4944 malediceretur
1501 4881 1536 4942 in
1560 4881 1712 4959 populis3

63 4986 191 5063 quando
219 4983 389 5063 aperiebat
402 5000 440 5045 os
461 4999 557 5044 suum
583 4984 618 5045 et
640 4997 700 5060 pro
728 4981 858 5043 delictis
916 4985 973 5047 sed
995 4983 1159 5045 derivavit
1182 4982 1290 5044 tontes
1310 4996 1390 5040 snas
1410 4978 1503 5052 toris,
1526 4980 1609 5041 adeo
1624 4982 1661 5041 ut
1682 4981 1716 5041 et

61 5083 127 5144 suis
152 5083 187 5144 et
211 5081 440 5160 proximorum
459 5080 638 5142 Dominum
658 5078 862 5157 deprecaba-
915 5099 1020 5160 aquas
1044 5097 1122 5143 suas
1143 5078 1305 5141 divideret
1327 5078 1362 5139 in
1386 5078 1517 5156 plateis,
1542 5079 1576 5138 et
1597 5094 1640 5139 ox
1656 5094 1714 5139 ore

61 5182 123 5252 tur,
140 5180 264 5241 etevat
285 5194 423 5256 semper.
443 5177 517 5239 laus
542 5178 577 5239 in
599 5192 663 5239 ore·
684 5192 755 5237 suo.
777 5174 861 5248 Quia
915 5184 988 5258 ejus
1012 5179 1107 5242 multi
1129 5177 1304 5239 haurirent
1332 5193 1437 5253 aquas
1460 5177 1496 5237 in
1524 5176 1646 5252 gaudio
1674 5177 1715 5238 de
1792 5186 1797 5193 ·

60 5279 148 5340 sicut
162 5277 245 5340 dicit
256 5275 359 5340 Jacob
377 5298 385 5338 ι
400 5276 548 5339 Multum
563 5275 653 5338 votet
665 5273 861 5349 deprecatio
916 5278 1061 5341 lontibus
1094 5276 1287 5338 salvatoris.
1318 5278 1410 5336 Tunc
1435 5275 1525 5336 enim
1549 5290 1653 5351 aqnas
1680 5273 1715 5335 in

53 5378 143 5449 jusit
164 5377 327 5447 meiano,
349 5377 448 5449 mdccc
476 5374 589 5435 oratio
608 5372 773 5447 pelaetrot
787 5386 860 5433 coe-
915 5377 1035 5455 plateis
1059 5374 1250 5447 dividimus,
1274 5389 1350 5434 cum
1378 5373 1582 5449 scripturam
1606 5373 1714 5448 ipsam

58 5480 129 5537 tuan
144 5471 232 5553 (dac.
250 5490 284 5547 v,
300 5470 365 5553 16).
393 5472 433 5534 at
455 5470 530 5533 ideo
557 5470 592 5531 in
619 5469 673 5530 his
695 5468 858 5542 omnibus,
916 5475 1022 5537 modis
1034 5473 1138 5537 variis
1152 5474 1381 5550 explanamus.
1481 5542 1484 5547 ,

58 5573 186 5651 placuit
201 5575 269 5635 Dec
284 5571 321 5634 in
333 5569 454 5635 diebus·
464 5568 534 5632 suis
549 5568 630 5649 quia
641 5569 796 5631 inventus
811 5569 862 5631 est
