3802 6166
121 304 161 371 er
756 308 985 371 nersroum.
1008 309 1087 371 nm.
1110 308 1135 369 1.
1725 268 1771 367 '22

120 464 241 529 Amalti
255 465 435 529 fundicum.
451 468 489 529 11
502 466 672 531 1011110110
685 468 831 549 Trojano
842 472 919 533 Cas·

121 565 291 639 tellionem
313 564 353 626 de
365 566 573 639 Βο10100110,
591 570 624 628 S.
641 568 781 642 Justam,
804 569 919 631 viliam

123 664 237 726 Sancti
251 664 393 736 Nicolai,
422 681 495 742 quae
520 665 560 727 de
584 664 769 728 Gallieiano
784 667 916 728 (1101111.

121 761 158 820 11
175 764 286 822 1101110
303 762 415 823 Sancti
430 763 548 838 Angeli
563 763 739 841 hospitale,
760 766 795 825 in
815 766 918 826 terri-

121 859 208 919 torio
221 860 378 936 capuano
391 860 555 921 Gualdum
570 861 609 922 (10
623 861 771 923 Lihuria.
798 866 835 923 11
856 879 917 924 co-

122 957 241 1018 mitatu
266 957 444 1019 Theanem.
477 960 604 1020 curtem
635 963 667 1021 S.
696 960 817 1022 Felicis
844 978 917 1021 cnm

122 1053 264 1115 ecclesia
281 1057 393 1117 Sancti
408 1056 590 1133 Hippolyti.
608 1059 819 1120 incomitata
835 1063 919 1120 Are-

122 1152 192 1213 1110
206 1154 444 1215 monasterium
459 1155 571 1215 Sancti
584 1156 766 1217 Benedicti.
785 1159 820 1217 ln
836 1159 919 1217 Ter-

123 1250 240 1311 ritorio
253 1250 384 1312 Pisanae
400 1251 545 1313 civitatis
559 1255 591 1313 S.
604 1253 753 1314 Silvestri
767 1255 799 1314 et
811 1256 843 1315 S.
860 1256 919 1316 Be-

122 1347 246 1408 nedicti
261 1347 301 1409 de
316 1350 442 1411 Cremu.
463 1351 499 1410 In
515 1366 618 1426 regno
641 1354 843 1412 Francorum
859 1368 917 1413 ec-

122 1444 260 1505 clesiam
274 1447 386 1507 Sancti
399 1448 508 1508 Mauri
524 1449 558 1508 in
574 1448 725 1509 Floriaco
741 1449 917 1511 cumcellis

123 1545 155 1603 01
165 1543 375 1620 pertinentiis
388 1545 469 1605 suis.
482 1547 518 1605 ln
531 1546 684 1607 Sardinia
696 1547 804 1607 insula
815 1546 918 1609 ecclo-

122 1640 207 1700 siam
221 1642 351 1702 Sanctae
369 1643 484 1703 Mariae
508 1644 542 1703 in
556 1646 674 1719 'l'erg0,
697 1647 730 1705 S.
756 1646 860 1706 lleliae
882 1645 917 1705 in

122 1739 234 1799 Monte
253 1740 287 1799 et
314 1741 347 1800 S.
370 1740 507 1801 Helisaei
528 1757 602 1802 cum
629 1741 781 1802 onmibus
802 1758 916 1803 earum

121 1836 374 1911 pertinentibus.
396 1840 526 1899 Sanctae
547 1840 662 1899 Mariae
687 1840 727 1900 de
743 1840 915 1913 SahuchO,

122 1935 252 1994 Sanctae
273 1935 388 1995 Mariae
410 1935 450 1996 de
473 1936 625 2007 'toralbo
650 1938 779 1998 Sanctae
801 1939 916 1999 Mariae

121 2032 161 2091 de
175 2031 318 2101 Tenedo,
333 2033 445 2094 Sancti
456 2034 546 2095 Petri
557 2034 597 2094 de
610 2034 791 2111 Tricinglo,
805 2035 917 2097 Sancti

121 2128 265 2200 Nicolai,
282 2131 314 2190 et
329 2132 458 2191 Sanctae
473 2132 589 2193 Mariae
599 2132 635 2191 in
649 2133 733 2194 solio
749 2151 823 2194 cum
838 2149 918 2211 per-

120 2226 270 2287 tinentiis
306 2243 440 2300 001111,
479 2230 512 2289 S.
547 2229 677 2290 Nicolai
712 2230 752 2291 de
784 2232 915 2304 Talasa,

122 2326 155 2383 S.
173 2323 347 2385 Michaelis
365 2325 399 2385 in
416 2327 576 2398 Ferucisi,
600 2328 713 2389 Sancti
733 2329 867 2404 Georgii
882 2329 915 2389 11

120 2421 251 2493 Ticillo,
278 2423 390 2483 Sancti
410 2423 502 2484 Petri
526 2424 567 2484 de
591 2424 777 2498 Simhrano,
804 2427 916 2487 Sancti

121 2517 212 2579 Petri
238 2519 272 2578 in
299 2520 438 2592 Nurchi,
465 2523 498 2581 S.
528 2522 659 2583 Nicolai
688 2523 728 2583 de
756 2524 914 2599 Ugulsuli,

122 2617 234 2676 Sancti
256 2617 418 2677 lobannis
440 2621 473 2679 et
498 2620 609 2680 Sancti
633 2620 738 2682 ileliae
763 2622 802 2683 (10
819 2622 914 2683 Sitin.

122 2714 288 2774 Praeterea
301 2715 429 2791 patrum
442 2717 742 2779 nostrorumbeatae
749 2719 916 2780 memoriae

121 2811 247 2872 Urbani
269 2814 302 2872 et
323 2813 455 2880 calixti,
483 2814 646 2876 dictorum
671 2815 859 2889 Clementis,
885 2818 918 2880 et

122 2909 306 2970 Innocentii
324 2912 547 2973 Romanorum
563 2914 760 2975 Pontificum
776 2916 916 2991 vestigia

120 3003 380 3082 subsequentes,
407 3011 553 3069 vestrum
581 3010 767 3072 coenobium
796 3012 917 3073 ceteris

120 3117 179 3179 per
194 3103 398 3165 occidentem
408 3104 568 3167 coenobiis
578 3107 916 3183 praeterendumasse·

120 3200 236 3272 rimus,
254 3202 365 3262 ettam
382 3205 424 3274 te,
442 3220 540 3280 quam
564 3220 774 3267 successores
793 3208 867 3268 tuos
881 3209 916 3269 in

119 3298 211 3358 omni
226 3301 391 3360 conventu
402 3301 643 3378 cpiscoporum,
656 3320 714 3363 seu
729 3304 916 3381 principum

119 3396 311 3472 superiores
345 3398 496 3458 omnibus
520 3398 693 3461 abbatibus
722 3402 914 3474 consedere,

119 3496 219 3569 atque
252 3494 286 3553 in
315 3495 452 3571 judiciis
487 3497 632 3573 priorem
665 3499 785 3559 ceteris
814 3501 916 3561 vestri

122 3590 250 3651 ordinis
258 3590 346 3668 juris
359 3594 555 3655 sententiam
571 3594 720 3671 prolerre
735 3597 914 3659 sancimus.

121 3689 224 3749 Usum
253 3706 382 3766 quoque
412 3707 627 3768 cornpagum,
659 3693 914 3765 chirotecarum,

120 3786 255 3857 tunicae,
281 3786 466 3850 dalmaticae
486 3804 525 3850 ac
547 3790 665 3863 mitrae,
688 3791 817 3867 virgam
833 3808 915 3869 pas-

118 3883 258 3944 toralem
274 3885 305 3946 et
327 3885 554 3961 quotidianum
576 3904 673 3949 usum
695 3889 821 3962 annuli,
849 3892 915 3952 tam

117 3980 191 4053 tibi,
226 3981 272 4041 fili
296 3983 409 4056 abbas,
442 4000 540 4061 quam
569 3987 819 4048 successorihus
849 3989 915 4049 tuis

118 4080 318 4141 auctoritate
354 4082 544 4157 apostolica
570 4083 793 4160 indulgemus.
829 4088 916 4147 Sane

118 4176 186 4237 tam
202 4176 237 4236 in
252 4178 324 4254 ipso
337 4179 521 4239 venerabili
539 4183 751 4253 monasterio,
769 4199 867 4260 quam
880 4184 916 4244 in

119 4273 214 4336 cellis
240 4278 313 4352 eJ'us
342 4277 519 4355 cujuslibet
547 4278 697 4340 ecclesiae
724 4281 915 4359 episcopum

116 4372 170 4432 vel
199 4373 405 4435 sacerdotem
438 4377 559 4452 praeter
585 4378 770 4439 Romanum
799 4381 917 4442 Ponti-

118 4468 228 4539 ficem,
240 4471 398 4533 ditionem
405 4474 595 4550 quamlibet,
613 4476 670 4537 ant
684 4477 915 4539 0100111111-

119 4567 228 4639 candi,
252 4571 309 4631 aut
321 4570 551 4644 interdicendi,
569 4573 667 4649 atque
687 4573 728 4633 ad
753 4575 915 4651 synodum

119 4668 321 4744 provocandi
341 4684 542 4744 praesumere
563 4670 787 4746 prohibemus.
807 4674 855 4735 lta
878 4674 914 4736 ut

118 4764 184 4825 nisi
206 4764 248 4825 ah
272 4759 390 4827 abbate
414 4767 466 4827 vel
482 4766 593 4843 priore
616 4768 681 4829 loci
705 4768 916 4833 1101111111-

119 4864 218 4934 tatus,
234 4879 295 4924 nee
312 4864 489 4924 missarum
511 4865 674 4927 solemnia
698 4866 781 4929 inihi
794 4869 916 4933 audeat

119 4960 301 5023 celebrare.
327 4961 506 5040 Liceatque
528 4963 634 5041 ipsius
660 4967 866 5035 monasterii,
883 4970 916 5030 et

118 5058 278 5119 cellarum
298 5063 369 5137 ejus
386 5059 543 5122 iratribus
558 5062 708 5135 clericos,
724 5067 915 5141 cujuscum-

119 5172 181 5232 que
197 5157 336 5229 ordinis,
355 5157 406 5219 vel
423 5158 526 5219 laicos
542 5160 581 5220 de
604 5176 810 5239 quocumque
825 5164 916 5240 epis-

119 5256 239 5331 copatu
253 5271 271 5315 e
287 5256 409 5316 saeculo
425 5255 589 5332 fugientes
613 5258 746 5331 liberos,
763 5262 797 5321 01
810 5260 913 5323 ahso-

119 5352 216 5422 lutos,
247 5352 287 5412 ad
312 5354 565 5415 conversionem
593 5357 763 5418 venientes
789 5357 913 5437 absque

119 5450 260 5529 alicuqu
296 5451 556 5514 contradictione
583 5454 762 5531 suscipere.
801 5456 914 5521 Liceat

119 5563 249 5625 quoque
263 5547 387 5625 absque
403 5550 581 5628 cujuslibet
599 5551 770 5613 saecularis
784 5554 837 5615 vel
852 5571 912 5618 00-

119 5646 315 5709 clesiasticae
335 5646 508 5723 potestatis
526 5648 725 5712 inhibitione
748 5651 913 5731 subjectos

974 468 1186 532 monasteriis
1199 468 1269 530 suis
1281 468 1349 531 1011
1359 468 1551 541 monachos,
1563 483 1662 546 quam
1677 484 1770 531 sanc·

973 569 1163 630 timoniales
1184 566 1336 629 foeminas
1354 565 1517 645 judicare.
1542 566 1656 629 Liceat
1669 568 1769 628 etiam

974 666 1132 729 tratribus
1156 682 1215 743 per
1241 665 1343 727 cellas
1369 665 1405 726 in
1431 664 1619 726 civitat-ihus
1644 665 1770 727 consti-

973 765 1060 826 tutas
1080 764 1120 824 ad
1145 764 1256 824 divina
1279 763 1389 824 0111010
1413 763 1685 840 quandocumque
1703 780 1768 825 vo-

973 863 1097 924 luerint
1117 862 1212 937 signa
1233 860 1378 939 pulsare,
1393 860 1549 938 populum
1567 861 1626 921 Dei
1650 861 1767 921 tamin

973 961 1080 1037 ipsum
1103 959 1299 1031 coenobium,
1317 974 1416 1036 quam
1443 960 1478 1018 in
1506 959 1607 1019 cellas
1630 961 1702 1035 ejus
1726 958 1767 1019 ad

973 1060 1032 1119 Dei
1044 1057 1181 1119 verbum
1194 1058 1394 1118 audiendum
1406 1057 1547 1133 ingredi,
1559 1056 1670 1117 nullus
1679 1057 1770 1132 epis-

973 1172 1085 1233 00110,
1113 1156 1251 1232 excepto
1276 1170 1335 1233 pro
1360 1155 1526 1215 communi
1553 1154 1655 1215 totius
1679 1154 1768 1215 civi-

971 1254 1049 1314 tatis
1082 1253 1134 1314 vel
1164 1254 1332 1330 parochiae
1358 1253 1545 1324 interdicte,
1580 1251 1766 1329 prohibeat.

972 1352 1123 1412 Chrisma
1150 1368 1241 1423 veru,
1270 1351 1378 1412 oleum
1399 1352 1560 1421 sanctum,
1591 1364 1769 1411 consecra-

972 1451 1079 1510 tiones
1105 1450 1261 1510 altarium
1287 1465 1346 1509 seu
1376 1448 1601 1519 basilicarum,
1626 1446 1766 1508 ordina-

970 1548 1079 1610 tiones
1110 1547 1365 1618 monachorum,
1405 1562 1464 1606 seu
1498 1545 1715 1616 clericorum,
1746 1560 1767 1605 a

972 1661 1178 1722 quocumque
1202 1644 1387 1705 malueritis
1409 1642 1573 1703 catholico
1593 1642 1766 1718 accipiatis
1832 1698 1838 1707 .

972 1743 1138 1819 episcope.
1156 1743 1359 1818 Baptismum
1383 1756 1473 1813 vero,
1501 1742 1535 1801 et
1559 1740 1766 1800 infirmorum

972 1840 1181 1902 visitationes
1208 1839 1244 1900 in
1276 1838 1405 1916 oppidis
1434 1838 1554 1900 vestris
1587 1838 1644 1898 aut
1677 1836 1767 1896 villis

972 1938 1085 1999 advos
1100 1936 1341 2019 pertinentibus
1354 1937 1535 2013 plenojure
1550 1950 1609 2012 per
1627 1934 1766 1995 clericos

971 2037 1099 2096 vestros
1124 2035 1241 2111 agetis.
1260 2034 1310 2095 Ad
1323 2035 1516 2110 perpetuum
1536 2030 1767 2109 011011110οῃ1-

972 2133 1054 2193 tium
1072 2132 1142 2204 tibi,
1160 2132 1207 2192 titi
1229 2131 1342 2203 abbas,
1365 2132 1497 2207 tuisque
1518 2128 1765 2191 successoribus

972 2230 1114 2290 Palladii
1139 2229 1257 2290 cellam
1280 2228 1502 2299 concedimus
1529 2228 1565 2289 ut
1591 2227 1631 2287 de
1654 2228 1765 2287 vestra

971 2327 1040 2387 11110
1064 2327 1332 2403 congregatione,
1356 2341 1453 2402 quem
1475 2324 1649 2386 volueritis
1669 2323 1765 2383 ordi-

972 2425 1057 2486 netis
1073 2447 1079 2484 :
1095 2441 1191 2501 quem
1211 2425 1238 2485 si
1255 2424 1338 2485 torte
1360 2437 1533 2484 romanum
1554 2423 1589 2483 in
1613 2420 1766 2482 abbatem

972 2539 1165 2599 promovere
1181 2522 1353 2600 placuerit,
1376 2520 1467 2582 01111
1482 2521 1591 2582 tamen
1607 2522 1766 2596 tanquam

970 2621 1090 2682 vestrae
1101 2620 1367 2696 congregationis
1377 2618 1574 2679 monachum
1585 2616 1645 2677 sub
1654 2618 1766 2678 vestra

971 2718 1179 2779 decernimus
1199 2717 1414 2794 dispositione
1430 2716 1608 2792 persistere
1631 2713 1767 2775 :reddi-

971 2818 1040 2876 tum
1053 2831 1183 2893 quoque
1198 2816 1253 2892 qni
1267 2814 1308 2876 ab
1327 2813 1527 2875 osticialibus
1542 2813 1664 2874 nostris
1678 2811 1766 2889 apud

971 2914 1107 2985 Ostiam,
1124 2913 1177 2975 vel
1196 2913 1332 2974 Portum
1347 2912 1388 2973 de
1408 2912 1549 2973 navibus
1563 2910 1653 2985 exigi
1668 2908 1764 2981 solet,

972 3012 1189 3082 navivestrae,
1207 3011 1235 3071 si
1257 3026 1322 3088 qua
1337 3026 1375 3071 eo
1399 3010 1539 3081 venerit,
1562 3008 1764 3069 relaxamus.

971 3109 1118 3170 Obeunte
1141 3125 1221 3170 vero
1236 3111 1267 3170 te
1289 3124 1377 3169 nunc
1392 3107 1540 3185 ejusdem
1556 3106 1619 3167 loci
1633 3104 1763 3177 abbate,

971 3207 1022 3268 vel
1047 3209 1178 3268 tuorum
1201 3204 1347 3282 quolibet
1377 3219 1622 3275 successorum,
1653 3201 1765 3262 nullus

970 3304 1017 3364 ibi
1041 3303 1187 3382 qualibet
1213 3302 1437 3379 subreptionis
1460 3301 1583 3362 astutia
1610 3299 1767 3360 001110-

970 3402 1072 3463 lentie
1088 3400 1310 3478 praeponatur,
1334 3400 1400 3460 nisi
1416 3415 1513 3475 quem
1535 3397 1654 3458 tratres
1674 3412 1767 3457 com-

970 3499 1062 3559 muni
1087 3514 1261 3569 consensu,
1286 3497 1340 3558 vel
1366 3496 1506 3557 fratrum
1532 3510 1609 3571 pars
1633 3492 1766 3554 consilii

971 3596 1114 3658 sanioris
1138 3596 1178 3657 de
1204 3594 1344 3669 collegio
1373 3595 1483 3655 vestro
1508 3592 1559 3654 vel
1585 3591 1708 3662 alieno,
1735 3591 1766 3651 si

971 3694 1092 3755 ibidem
1106 3694 1246 3754 idoneus
1261 3692 1412 3769 repertus
1428 3707 1494 3752 101
1517 3689 1628 3761 luerit,
1646 3703 1767 3749 secun-

971 3792 1047 3853 dum
1062 3792 1122 3853 Dei
1137 3791 1301 3862 timorem,
1328 3790 1361 3851 et
1379 3788 1467 3850 beati
1483 3787 1651 3849 Benedicti
1665 3802 1767 3861 regu-

970 3890 1036 3951 lam
1049 3889 1255 3967 providerint
1266 3888 1468 3964 eligendum.
1487 3886 1617 3947 Electus
1630 3900 1709 3946 vero
1724 3884 1766 3945 ad

971 3989 1154 4048 Romanum
1183 3985 1377 4047 Pontiticem
1398 3981 1644 4044 benedicendus
1669 3995 1767 4042 acce-

970 4084 1036 4146 dat.
1050 4084 1099 4146 Ad
1116 4086 1187 4145 haec
1199 4086 1266 4145 tam
1280 4082 1504 4160 praesentium,
1521 4096 1620 4157 quam
1637 4079 1768 4141 tuturo-
1849 4134 1857 4143 .

971 4198 1044 4242 rum
1057 4182 1219 4254 avaritiae,
1236 4197 1275 4242 00
1288 4180 1445 4259 nequitiae
1461 4179 1632 4241 obviantes
1651 4190 1766 4239 omnes

970 4280 1103 4341 omnino
1130 4279 1309 4341 seditiones
1332 4295 1413 4357 quas
1437 4278 1529 4339 levas
1556 4277 1679 4348 dicunt,
1703 4290 1763 4336 seu

970 4379 1172 4456 direptiones
1193 4378 1229 4439 in
1249 4380 1485 4455 cujuscumque
1510 4374 1639 4437 abbatis
1661 4374 1767 4435 morte

969 4478 1027 4538 011
1053 4476 1214 4538 electione
1249 4475 1323 4536 tieri
1351 4475 1548 4536 auctoritate
1575 4470 1765 4549 Apostoltca

970 4573 1209 4636 interdicimus.
1233 4573 1443 4650 Sepulturam
1469 4588 1550 4632 saue
1572 4569 1636 4630 loci
1662 4566 1765 4629 vestri

969 4673 1002 4734 et
1020 4672 1298 4734 monasteriorum
1322 4672 1508 4732 vestrorum
1533 4667 1671 4727 liberam
1692 4680 1766 4726 om-

969 4770 1049 4831 nino
1064 4786 1138 4831 0000
1152 4785 1337 4839 censemus,
1359 4770 1395 4829 ut
1414 4782 1528 4827 eorum
1552 4764 1608 4841 qui
1625 4762 1694 4824 illic
1710 4777 1766 4825 se-

969 4867 1066 4946 peliri
1081 4866 1348 4935 deliberaverint,
1365 4862 1532 4925 devotioni
1553 4863 1587 4923 et
1606 4861 1764 4922 extremae

969 4965 1141 5036 voluntati,
1157 4964 1223 5024 nisi
1235 4964 1319 5025 sorte
1332 4958 1621 5030 excommunicati,
1637 4959 1690 5019 vel
1705 4957 1763 5019 in·
1859 5000 1865 5007 .

968 5064 1100 5125 terdicti
1115 5063 1192 5135 sint,
1218 5061 1329 5123 nullus
1351 5059 1499 5129 obsistat,
1521 5057 1614 5118 salva
1632 5056 1764 5135 justitia

968 5161 1102 5222 illarum
1129 5160 1346 5221 ecclesiarum
1370 5174 1389 5218 a
1416 5156 1535 5234 quibus
1559 5156 1764 5217 mortuorum

969 5275 1109 5336 corpora
1128 5256 1354 5318 assumuntur.
1383 5257 1549 5316 Praeterea
1571 5270 1645 5316 cum
1670 5252 1764 5313 vobis

968 5357 1084 5418 tamin
1104 5355 1223 5432 eapite,
1240 5370 1340 5432 quam
1363 5355 1396 5415 in
1418 5352 1574 5413 mernhris
1598 5351 1639 5412 ab
1654 5356 1764 5428 Apos-

968 5454 1067 5516 tolica
1088 5452 1173 5513 Sede
1198 5452 1242 5512 sit
1267 5466 1425 5512 concessa
1453 5449 1557 5512 libera
1581 5447 1763 5525 sepultura,

968 5551 1158 5615 eorumdem
1182 5549 1462 5626 praedecessorum
1486 5548 1672 5608 nostrorum
1695 5544 1764 5605 Gle-

967 5649 1087 5712 meutis
1111 5648 1143 5709 et
1171 5643 1762 5721 1110001111100111110111100101100,
