3802 6166
122 473 238 519 eorum
261 455 399 534 quilibet
425 458 540 533 sponte
561 456 601 518 ad
621 457 828 521 Christianos
843 456 921 519 fidei

122 571 225 615 causa
258 554 453 629 confugerit,
480 557 652 632 postquam
671 556 825 619 voluntas
848 558 921 633 ejus

122 654 225 715 frrerit
246 652 421 729 patefacta,
443 653 646 715 christianus
665 654 789 732 absque
809 654 921 732 aliqua

122 752 289 813 efficiatur
303 751 480 812 calumnia.
497 755 617 813 Veram
630 753 750 830 quippe
766 752 922 814 christia-

121 850 238 911 nitatis
266 849 362 909 tidem
387 850 510 911 babere
532 867 598 911 uon
620 851 777 922 creditur,
801 851 857 928 qui
879 851 920 911 ad

122 948 388 1008 Ciuistianorum
417 947 581 1024 baptisma
607 966 673 1010 uon
707 950 918 1026 spontaneus,

123 1048 181 1107 sed
204 1046 328 1107 invitus
355 1047 566 1122 cognoscitur
589 1048 773 1124 pervenire.
800 1046 920 1108 Nullus

122 1145 223 1205 etiam
239 1145 441 1205 christianus
463 1161 577 1206 eorum
600 1162 761 1222 personas
779 1147 851 1206 siue
864 1148 922 1222 ju-

122 1244 211 1303 dicio
234 1243 405 1319 potestatis
427 1244 526 1305 terrae
548 1244 738 1316 virinerare,
755 1246 813 1305 arri
827 1244 920 1305 occi-

122 1341 214 1412 dere,
228 1341 282 1401 vei
294 1357 371 1401 siras
387 1341 453 1401 iilis
469 1343 627 1418 peorruias
644 1341 777 1403 auferre
789 1358 920 1419 praesu-

121 1443 202 1507 mat,
225 1440 283 1500 aut
306 1439 422 1511 bonas,
453 1456 535 1516 quas
562 1441 721 1501 imotenus
750 1440 785 1500 in
811 1456 862 1512 ea,
886 1440 920 1500 in

121 1554 187 1615 qua
212 1537 363 1599 iralritant
378 1538 525 1614 regione,
552 1538 728 1600 imbuerint
742 1539 922 1600 cousuetu-

120 1635 218 1696 dines
238 1636 424 1697 immutare.
451 1639 617 1698 Praeterea
643 1638 678 1698 iu
706 1637 921 1699 festivitatum

120 1751 258 1794 suarum
284 1733 506 1796 celebratione
522 1736 695 1813 quisquam
712 1735 853 1797 fustibus
868 1735 920 1795 vei

121 1830 289 1908 lapidibus
305 1848 361 1893 eos
374 1833 539 1895 ullatenus
550 1849 615 1895 uon
625 1832 803 1910 perturbet,
814 1849 920 1910 neque

120 1930 243 2006 aliquis
259 1930 299 1991 ab
315 1931 363 1991 eis
377 1932 491 1992 coacta
509 1931 645 1993 servitia
661 1932 774 2007 exigat
787 1931 850 1991 uisi
867 1947 918 2004 ea,

119 2044 194 2105 (prm
216 2028 281 2104 ipsi
298 2029 474 2105 praeteritis
493 2029 603 2091 facere
619 2030 820 2106 temporibus
836 2045 919 2091 con-

118 2129 320 2199 sueveruut3
337 2126 378 2187 ad
395 2126 465 2188 ilaec
481 2128 643 2188 malorum
657 2127 826 2188 homiuum
843 2143 922 2204 pra-

117 2223 215 2284 vitati
232 2225 264 2285 et
279 2224 429 2309 avaritiae
445 2224 615 2286 obviantes
640 2225 860 2295 deceruimus,
885 2226 919 2286 ut

117 2337 218 2383 nemo
234 2323 459 2383 emineterium
480 2322 671 2384 Judaeerum
690 2323 845 2384 mutilare
866 2323 920 2384 vei

117 2418 272 2480 nrinuere
298 2420 429 2492 audeat,
457 2420 510 2481 vei
534 2420 754 2482 sineobtentu
771 2420 920 2497 pecuniae

119 2532 262 2594 corpora
292 2518 437 2579 bumana
465 2517 620 2580 effodere.
642 2518 678 2579 Si
702 2519 775 2595 quis
796 2520 918 2590 autern,

118 2615 244 2676 decreti
262 2615 360 2692 liujus
383 2619 499 2677 tenore
514 2617 656 2693 cognito,
681 2619 816 2689 temere,
833 2617 920 2693 quod

120 2713 220 2783 airsit,
236 2714 401 2774 contraire
427 2714 615 2787 tentaverit,
632 2713 768 2776 honoris
789 2715 822 2775 et
840 2712 919 2775 ofli-

119 2811 163 2872 cii
180 2812 232 2871 sui
247 2812 432 2889 periculum
447 2813 603 2889 patiatur,
620 2814 678 2873 aut
693 2812 922 2873 excommuni-

120 2910 262 2971 cationis
278 2910 403 2972 ultione
417 2911 590 2989 plectatur,
606 2910 670 2971 nisi
686 2910 920 2988 praesumptio-

117 3024 195 3068 nem
222 3025 315 3070 suam
342 3008 440 3085 digna
469 3008 696 3072 satisfactione
724 3008 918 3071 correxerit.

119 3109 185 3167 Eos
223 3107 333 3167 alitem
368 3106 539 3168 dumtaxat
571 3107 671 3184 liujus
705 3106 920 3183 protectionis

118 3203 277 3283 praesidia
314 3204 467 3266 volumus
505 3204 718 3276 communiri,
752 3204 808 3281 qui
837 3203 920 3264 ninii

118 3302 308 3365 machinari
328 3303 599 3380 praesumpserint
616 3302 649 3365 in
671 3302 920 3363 subversionem

118 3401 197 3461 lidei
214 3400 416 3461 cinistianae.
443 3402 560 3462 Datum
583 3400 749 3473 Laterani,
771 3417 830 3477 per
850 3416 922 3461 ma-

118 3515 198 3558 nmn
227 3500 396 3575 Ravnerii,
425 3501 547 3561 sanctae
574 3503 731 3561 Romanae
745 3498 920 3561 Eecciesiae

117 3596 408 3670 vicecancellarii,
450 3598 589 3674 septimo
620 3597 694 3657 idus
719 3595 919 3664 novembris,

116 3694 301 3755 imiictiono
322 3695 453 3771 quinta,
476 3694 719 3757 incarnationis
739 3694 919 3757 Dominicae

116 3808 207 3856 aurio
231 3792 408 3854 millesime
431 3792 656 3855 ‹lucentesimo
680 3792 806 3854 decimo
822 3793 921 3870 septi·

118 3908 185 3961 mo,
207 3890 418 3967 pontificatus
440 3890 655 3953 verodomini
671 3890 919 3969 HonoriiPapae

119 3988 210 4050 tertii
230 4005 318 4049 arrno
334 3989 490 4051 secundo.

476 4159 564 4245 ivl

155 4313 209 4371 Ad
223 4311 379 4371 abbatem
394 4311 426 4371 ct
441 4310 646 4372 correctarum
665 4314 699 4371 S.
715 4314 881 4385 Dionysii.

420 4433 437 4490 8
452 4448 518 4489 nov.
537 4433 615 4492 1217.

148 4547 278 4613 [tanaitica
303 4548 366 4598 illst.
392 4550 423 4598 de
444 4546 559 4612 l'airbaye
582 4549 613 4598 de
634 4548 804 4607 Salui-benis,
818 4549 886 4615 aba]

114 4665 220 4724 liirlrati
241 4672 269 4722 et
294 4665 447 4722 conventui
474 4666 569 4723 Sancti
592 4666 718 4740 Dionysii
749 4668 919 4724 parisiensis

152 4753 280 4809 declinas
309 4754 454 4811 novalium
480 4754 552 4810 intra
576 4755 719 4823 terminos,
740 4754 788 4812 ubi
808 4763 918 4813 veteres

151 4842 280 4900 decimas
296 4844 441 4916 percipere
458 4844 560 4912 solent,
572 4844 702 4901 concedit
716 4852 743 4901 et
757 4845 915 4903 confirmat.

156 4970 323 5033 Honorius
350 4971 655 5047 episcopusservus
673 4987 846 5034 serverum
859 4974 917 5034 Dei

115 5070 260 5132 diiectiis
289 5069 367 5129 tiliis
398 5068 508 5130 abbati
537 5071 571 5131 et
600 5072 775 5132 conventui
805 5072 917 5133 Sancti

115 5169 279 5245 lliouvsii,
304 5168 489 5229 Parisiensi
513 5168 712 5241 dioecesano,
730 5170 918 5232 salutemet

115 5267 333 5344 apostolicam
349 5265 623 5327 benedictionem.

155 5365 345 5441 Apostoiioa
363 5364 464 5425 Sedes
478 5364 562 5425 nulii
578 5364 658 5427 facit
672 5364 842 5442 iuJuriam,
859 5368 916 5428 sed

115 5464 227 5543 potius
241 5463 342 5525 utitur
356 5466 429 5538 jure
444 5479 516 5534 sue,
531 5479 631 5541 quum
642 5465 790 5539 pensatis
805 5480 916 5525 rerum

119 5565 152 5623 et
183 5575 399 5638 personarum
425 5561 536 5622 causis
557 5563 591 5622 et
614 5560 752 5633 meritis,
777 5561 817 5622 iis
836 5578 917 5640 quos

117 5658 246 5723 invenit
274 5657 392 5733 dignos
421 5657 585 5735 insignem
618 5658 760 5735 gratiam
782 5660 917 5723 exiribet

750 296 978 359 EPISTOLAE.
1002 297 1081 358 Lm.
1105 298 1146 358 11.

1718 300 1778 361 534

976 456 1016 518 de
1044 456 1249 534 plenitudiue
1269 459 1452 535 potestatis.
1467 458 1682 523 attendentes
1708 459 1777 535 igi-

975 556 1030 617 tur
1055 558 1173 617 vestrae
1191 556 1355 618 fervorem
1377 556 1548 633 religionis
1575 558 1607 619 et
1641 557 1777 634 opinio-

977 654 1029 713 nis
1044 653 1189 725 odorem,
1204 670 1328 731 vosque
1343 671 1403 732 per
1415 656 1477 717 iroc
1492 655 1672 731 Aposteiiei
1684 654 1780 715 favo-

976 750 1022 810 ris
1037 751 1147 824 gratia
1170 754 1417 828 prosequentes,
1440 752 1585 813 decimas
1608 750 1777 813 novalium

978 848 1063 909 intra
1090 849 1248 909 terminos
1272 848 1359 910 infra
1385 866 1468 927 quos
1495 849 1635 911 ecclesia
1663 850 1800 921 vestra,

975 947 1105 1006 veteres
1129 946 1275 1007 decimas
1303 948 1452 1024 percipit,
1478 947 1572 1008 vobis
1594 949 1627 1009 et
1642 962 1701 1024 per
1716 962 1775 1007 vos

976 1043 1040 1120 ipsi
1055 1044 1204 1105 ecclesiae
1221 1046 1435 1121 praesentium
1451 1046 1649 1107 auctoritate
1662 1059 1777 1106 conce·

976 1142 1094 1215 dimus,
1119 1144 1152 1204 et
1177 1144 1351 1220 praesentis
1367 1144 1482 1221 scripti
1498 1143 1680 1205 munimine
1695 1159 1777 1204 cou-

977 1241 1157 1311 firmamuS,
1175 1240 1356 1304 districtius
1369 1241 1557 1304 inhibentes
1573 1257 1615 1303 ne
1629 1242 1703 1318 quis
1717 1257 1777 1303 vos

976 1355 1076 1415 super
1105 1340 1175 1400 iliis
1216 1343 1395 1417 praesumat
1428 1342 1552 1403 temere
1585 1341 1773 1401 molestare.

976 1438 1066 1497 Nulli
1092 1453 1170 1514 ergo
1196 1439 1330 1499 omniuo
1359 1440 1541 1500 homimum
1568 1440 1667 1500 liceat
1690 1438 1778 1499 hano

976 1533 1130 1609 paginam
1153 1536 1274 1594 nostrae
1290 1535 1528 1602 concessionis,
1551 1534 1778 1595 confirmatio-

976 1631 1028 1690 nis
1052 1632 1085 1691 et
1108 1630 1316 1692 inhibitionis
1338 1632 1533 1708 iufringere,
1561 1631 1615 1693 vel
1640 1634 1671 1692 ei
1691 1648 1776 1692 ausu

974 1729 1152 1789 temerario
1168 1730 1345 1791 contraire.
1364 1730 1400 1790 Si
1416 1730 1489 1806 quis
1506 1731 1615 1791 autern
1639 1728 1702 1790 hoc
1724 1732 1777 1791 at·

976 1827 1104 1887 tentare
1119 1827 1380 1904 praesumpserit,
1397 1827 1658 1903 imlignatienem
1672 1826 1777 1887 emni-

976 1924 1118 1999 poteutis
1150 1924 1227 1996 Dei,
1245 1925 1277 1986 et
1304 1924 1476 1987 beatorum
1501 1925 1591 1986 Petri
1617 1926 1649 1986 et
1677 1923 1775 1985 Pauli

976 2022 1200 2098 apostolorum
1212 2025 1284 2100 ejus
1299 2039 1334 2085 se
1349 2024 1479 2085 noverit
1493 2023 1717 2085 incursurum.

1015 2121 1133 2180 ilatum
1155 2121 1328 2187 Laterani,
1351 2125 1447 2182 sexte
1469 2121 1542 2181 idus
1569 2119 1773 2191 novembris,

977 2218 1187 2294 pontificatus
1199 2219 1303 2281 nostri
1317 2235 1404 2281 arrrro
1417 2219 1575 2281 secundo.

1321 2382 1388 2468 LV
1389 2382 1429 2467 ll

1035 2516 1088 2575 Act
1101 2516 1288 2589 capitulam
1301 2519 1462 2592 policrate
1477 2514 1714 2578 Cistercieusc.

1236 2630 1269 2687 13
1283 2628 1417 2686 novemb.
1435 2630 1514 2687 1217.

1023 2732 1199 2798 [Lenaeum
1223 2734 1313 2798 Script.
1334 2750 1419 2784 rerum
1433 2736 1508 2792 Dan..
1528 2739 1546 2784 t.
1564 2736 1607 2795 lv,
1623 2751 1648 2799 p.
1668 2734 1729 2789 8603

1178 2820 1204 2864 et
1215 2814 1355 2879 Maurique,
1371 2822 1389 2865 t.
1403 2816 1446 2875 lv,
1462 2830 1488 2880 p.
1504 2815 1569 2880 iol]

975 2912 1132 2971 abbatibus
1147 2913 1175 2970 in
1188 2914 1317 2987 generali
1330 2914 1456 2986 capitulo
1472 2914 1651 2973 cisterciensi
1666 2914 1773 2971 cousti-

1012 3005 1078 3060 tutis
1093 3003 1276 3075 dispensandi
1297 3019 1363 3061 cum
1382 3003 1586 3077 irregularibus
1605 3005 1650 3061 sui
1668 3002 1777 3062 ordinis

1011 3090 1173 3149 facultatem
1189 3092 1330 3164 concedit.

1016 3209 1171 3271 Veientes
1186 3208 1342 3285 religioni
1352 3211 1483 3282 vestrae,
1496 3211 1653 3287 quantum
1663 3226 1775 3271 coram

977 3309 1044 3368 Dee
1069 3322 1245 3384 pessumus
1270 3307 1452 3383 Apostolici
1478 3307 1603 3368 favoris
1633 3307 1775 3383 gratiam

976 3404 1156 3491 estlibere,
1190 3407 1332 3482 quatuor
1364 3406 1480 3481 primis
1514 3405 1640 3466 ordinis
1669 3404 1775 3466 vestri

976 3502 1161 3574 abbatibus,
1188 3503 1403 3580 dispensandi
1432 3518 1506 3563 cum
1532 3502 1775 3578 irregularibus

975 3602 1078 3663 vestri
1093 3601 1231 3674 ordinis,
1257 3603 1452 3678 potestatem
1467 3600 1677 3662 meminimus
1692 3616 1776 3662 con-

976 3700 1133 3774 cessisse;
1155 3699 1232 3777 quia
1255 3714 1334 3760 vero
1353 3699 1459 3775 magis
1475 3698 1632 3776 expedire
1648 3714 1774 3776 prope-

975 3798 1076 3869 nitur‚
1101 3800 1136 3860 ut
1157 3799 1302 3875 potestas
1318 3797 1507 3875 hujusmodi
1530 3799 1641 3859 vestro
1667 3812 1774 3871 gene-

975 3896 1038 3957 rali
1053 3896 1198 3974 capitulo
1213 3896 1414 3967 conferatur,
1441 3912 1501 3957 nos
1523 3894 1772 3957 concessionem

975 4010 1075 4071 super
1102 3995 1166 4056 ime
1193 3994 1313 4056 factam
1342 3994 1490 4071 praefatis
1519 3993 1693 4055 abbatibus
1719 4009 1776 4053 re-

975 4094 1148 4167 vocantes,
1185 4093 1398 4170 dispensandi
1430 4109 1504 4155 cum
1533 4091 1775 4169 irregularibus

975 4191 1101 4253 ordinis
1125 4192 1238 4263 vestri,
1267 4195 1364 4269 prout
1390 4192 1572 4252 secundum
1598 4194 1713 4263 Deum,
1741 4191 1775 4252 et

974 4290 1236 4352 ecclesiasticam
1261 4289 1468 4350 honestatem
1495 4290 1646 4351 videritis
1671 4305 1775 4365 expe-

936 4420 939 4425 ·
974 4385 1056 4457 dire,
1076 4385 1171 4447 vobis
1192 4384 1355 4447 duntaxat
1370 4385 1404 4445 in
1422 4386 1495 4461 ipse
1510 4386 1658 4460 generali
1674 4385 1771 4461 capi-

974 4481 1043 4545 tulo
1070 4483 1298 4559 congregatis,
1325 4483 1523 4545 auctoritate
1547 4482 1771 4559 praesentium,

974 4580 1111 4642 liberam
1126 4581 1338 4642 concedimus
1353 4581 1555 4651 facultatem,
1577 4581 1641 4640 nisi
1657 4579 1770 4640 forsan

973 4679 1078 4758 aliqui
1100 4695 1142 4741 ex
1166 4680 1224 4741 tali
1250 4696 1352 4741 causa
1374 4679 1631 4755 irregularitatis
1655 4677 1773 4738 vitium

974 4777 1203 4848 incurrissent,
1226 4778 1312 4856 quod
1337 4793 1451 4839 eorum
1477 4775 1680 4852 dispensatio
1702 4791 1774 4836 me·

973 4876 1037 4938 rito
1050 4878 1138 4937 esset
1153 4876 1230 4936 Sedi
1245 4875 1441 4951 apostolicae
1456 4873 1669 4936 reservanda.
1680 4873 1771 4934 Nulli

974 4989 1054 5049 ergo
1079 4973 1214 5035 omuino
1236 4974 1409 5034 bominum
1433 4973 1533 5034 liceat
1558 4973 1644 5034 hanc
1672 4972 1772 5050 pagi-

973 5087 1049 5132 nam
1066 5072 1187 5132 nostrae
1202 5071 1427 5132 concessionis
1448 5069 1643 5147 iufringere,
1669 5070 1720 5131 vel
1740 5070 1773 5131 ei

972 5186 1057 5230 ausu
1082 5170 1259 5231 temerario
1288 5170 1474 5243 contraire3
1502 5169 1631 5247 siquis
1662 5171 1771 5231 autem

972 5268 1036 5330 lroo
1050 5269 1212 5329 attentare
1227 5267 1488 5345 praesumpserit,
1507 5268 1770 5344 indignationem

972 5365 1205 5443 omnipotentis
1239 5367 1314 5439 Dei,
1348 5368 1381 5429 et
1411 5366 1583 5427 beaterum
1613 5366 1702 5428 Petri
1737 5366 1772 5427 et
1867 5422 1870 5427 .

973 5465 1069 5526 Pauli
1093 5465 1325 5541 apostolorum
1349 5468 1420 5543 ejus
1443 5480 1478 5526 se
1499 5465 1629 5527 noverit
1656 5464 1772 5524 iucur-

972 5579 1096 5624 surum.
1133 5565 1253 5625 Datum
1284 5564 1439 5625 Laterani
1469 5563 1545 5624 idus
1574 5560 1772 5623 Novembris

972 5661 1184 5739 pontificatus
1198 5662 1304 5725 nostri
1319 5676 1407 5723 auno
1422 5660 1578 5723 secundo.
