3802 6166
125 275 188 338 ns
255 244 259 253 “
588 272 766 334 uouonn
788 272 834 334 111
855 272 1063 333 crunn-
1085 270 1318 335 saumones.
1714 264 1775 328 mc

120 434 222 506 trum,
239 435 272 496 et
284 448 345 494 nos
358 431 504 495 membra
516 432 632 509 ipsius,
644 431 732 494 sicut
746 431 846 509 caput
857 429 921 494 erit
975 429 1166 494 adoravitet
1177 424 1549 509 penicnccessuelnos
1561 424 1773 488 accedamus.

19 520 25 537 ’
122 531 337 604 luminosum,
351 532 399 592 ite
412 532 445 591 et
457 529 615 591 membra.
633 528 727 592 Unde
742 529 776 590 iu
791 533 921 607 Apoca-
976 529 1182 608 Quicumque
1194 529 1264 591 vult
1276 527 1317 590 ad
1330 529 1444 590 iesum
1454 524 1777 601 accedere‚quatuor

120 630 208 707 lypsi
223 630 263 691 de
279 628 408 690 Sanctis
420 632 513 690 :Nou
528 628 921 704 cpcbccuilumlueiucer·
975 627 1081 688 modis
1094 626 1241 699 accedat,
1257 625 1425 696 videlicet,
1442 639 1503 701 per
1515 621 1672 682 mundam
1687 621 1777 697 cogi·

119 743 187 800 mc,
202 729 554 801 lccpclelumiucsolis,
571 728 734 799 quioniam
752 727 920 786 Donni-rcus
975 723 1146 796 tationem,
1174 740 1235 801 ρετ
1263 723 1428 783 sinceram
1464 718 1685 791 dilectionem,
1716 732 1778 795 per

119 827 213 886 Deus
229 823 430 885 illuminabit
444 837 502 884 ecs
516 821 631 899 (Apoc.
646 836 731 888 τιτι.
744 819 790 899 5).
976 821 1127 883 devotam
1154 822 1349 890 orationem,
1372 836 1431 898 per
1452 820 1576 880 rectam
1603 817 1775 894 operatio-

161 923 298 998 Oquam
315 936 470 997 magnum
483 919 605 989 donum
623 921 675 981 est
695 918 782 981 istud
805 917 918 979 homi·
976 935 1063 981 nem.

120 1034 196 1079 nem
211 1016 424 1094 resplendere
439 1016 481 1078 ad
493 1014 745 1078 similitudinem
757 1015 826 1085 Dei,
841 1031 919 1076 ser·
1017 1020 1081 1080 Per
1100 1017 1257 1078 mundam
1276 1015 1520 1092 cogitationem,
1547 1014 1624 1091 quia
1646 1012 1777 1090 quoties

120 1132 198 1177 vum
212 1115 425 1192 resplendere
447 1114 489 1175 ad
505 1114 757 1176 similitudinem
776 1112 919 1185 Domini,
976 1116 1160 1192 cogitamus
1175 1131 1215 1177 ea
1227 1130 1299 1193 quae
1315 1113 1374 1174 Dei
1388 1116 1476 1185 suni,
1493 1113 1553 1173 lux
1567 1111 1689 1172 divinoe
1704 1126 1779 1187 gra·

122 1215 310 1276 creaturam
325 1211 367 1273 ad
383 1211 634 1273 similitudinem
649 1210 826 1283 creatoris,
843 1209 922 1287 quia
975 1214 1031 1276 tice
1056 1212 1210 1275 cordibus
1229 1212 1353 1273 nostris
1368 1209 1563 1282 infunditur,
1585 1209 1619 1270 et
1632 1209 1680 1269 ita
1691 1211 1776 1286 Jun-

122 1325 237 1375 emnes
247 1310 329 1388 justi
344 1311 377 1372 et
390 1310 487 1371 electi
501 1309 603 1371 telem
616 1309 802 1371 claritatem
817 1305 922 1368 habe-
977 1311 1162 1387 glmurDec
1178 1326 1238 1388 per
1252 1309 1407 1371 mundam
1420 1306 1667 1383 cogitationem.
1682 1304 1778 1368 Unde

121 1407 204 1471 bunt
218 1409 253 1469 in
267 1407 524 1478 resurrectione,
541 1406 672 1485 qualem
692 1406 843 1468 Christus
859 1405 923 1466 ha·
977 1408 1081 1470 David
1104 1409 1283 1470 :accedite
1302 1410 1347 1468 od
1375 1421 1454 1468 eccm
1473 1406 1507 1466 et
1532 1406 1779 1467 iilrlmlnamiui

121 1505 194 1568 buit
221 1506 257 1566 in
281 1505 585 1581 transfiguratione.
611 1503 754 1566 lacobus
783 1503 923 1579 ergoet
978 1503 1052 1585 (Ps.
1085 1508 1141 1577 33,
1168 1503 1219 1578 6),
1252 1504 1358 1575 idest,
1388 1502 1531 1578 cogitate
1556 1501 1597 1562 de
1627 1503 1715 1573 Deo,
1746 1502 1779 1561 et

122 1605 281 1675 ioannes,
296 1602 392 1675 idest,
407 1602 529 1663 bonum
552 1618 634 1679 opus
654 1603 690 1663 et
704 1616 831 1662 merces
844 1598 921 1661 boni
977 1603 1049 1680 ipse
1076 1601 1281 1665 illuminabit
1301 1616 1371 1661 vos.
1396 1602 1461 1661 Per
1484 1599 1651 1660 sinceram
1673 1597 1781 1658 dilec-

123 1702 235 1777 operis
250 1701 367 1762 merito
387 1700 544 1761 dicuntur
565 1700 626 1760 tilii
649 1698 794 1771 Salome,
824 1697 920 1768 idest,
977 1700 1101 1763 tionem
1117 1697 1366 1761 accedamusad
1380 1696 1588 1773 ipsum,quia
1601 1694 1780 1772 quoibona

124 1798 299 1860 charitatis
315 1797 393 1875 quia
408 1797 495 1858 bona
511 1813 623 1875 opera,
640 1799 673 1859 et
688 1794 924 1874 operumretri·
978 1797 1145 1859 desideria
1179 1795 1357 1857 secundum
1392 1797 1496 1855 Deum
1527 1792 1700 1864 habemus,
1732 1792 1781 1854 toi

125 1895 217 1957 butio
233 1911 276 1956 ex
290 1896 465 1968 charitate,
482 1894 578 1967 idest,
596 1912 639 1956 ex
661 1893 838 1955 dilectione
864 1891 923 1952 Dei
979 1895 1132 1973 passibus
1157 1895 1198 1955 ad
1227 1896 1331 1954 Deum
1366 1892 1637 1970 propinquamus.
1672 1891 1780 1952 Tanto

125 1993 285 2072 procedit.
303 1993 379 2054 Ideo
396 2008 538 2071 namque
562 1992 724 2054 servimus
746 1994 824 2062 Deo,
845 1989 923 2067 quia
979 1994 1068 2055 enim
1096 1993 1146 2053 illi
1161 2007 1275 2052 sumus
1290 1990 1555 2068 propinquiores,
1572 1990 1694 2065 quanto
1717 2003 1781 2048 su-

125 2094 229 2153 Deum
248 2091 429 2167 diligimus,
453 2090 623 2153 etidcirco
643 2106 663 2151 a
683 2092 749 2150 Deo
764 2102 924 2150 remune-
980 2108 1053 2152 mus
1067 2091 1224 2153 inamore
1237 2089 1465 2150 ferventiores.
1479 2086 1573 2148 Unde
1583 2086 1783 2163 dicitApos·

124 2204 250 2260 ramur,
265 2190 377 2266 quiae
399 2191 466 2250 Deo
482 2188 664 2264 diligimur.
684 2187 778 2248 Unde
793 2188 825 2247 et
838 2185 923 2246 idem
979 2189 1067 2252 tolus
1084 2210 1091 2248 :
1108 2191 1317 2250 Accedamus
1340 2190 1385 2247 cd
1406 2200 1485 2246 eum
1506 2198 1590 2246 cero
1612 2185 1716 2245 corde
1743 2186 1782 2245 lu

124 2288 270 2351 ioannes
298 2287 334 2347 in
358 2286 505 2364 Epistola
529 2285 610 2347 dicit
626 2307 634 2345 ε
650 2288 722 2348 Nos
749 2287 925 2361 diligimus
976 2288 1189 2363 plenitudine
1200 2287 1281 2358 fidei
1293 2283 1408 2362 (Hebr.
1424 2299 1458 2355 x,
1475 2280 1541 2361 22).
1557 2284 1645 2342 Vero
1664 2280 1780 2352 corde,

33 2434 38 2445 .
124 2388 248 2457 Deum,
264 2387 345 2459 ρτιὶα
358 2387 432 2461 ipse
441 2386 545 2458 prior
556 2384 676 2445 diecti
697 2398 760 2444 uos
784 2380 813 2460 (1
827 2383 923 2443 ioan.
979 2384 1077 2456 idest,
1093 2381 1417 2445 sinceradilectione.
1431 2378 1780 2457 Inplenitudincfldci,

126 2496 174 2555 iv,
186 2481 251 2560 19).
269 2484 308 2542 ot
322 2480 357 2541 in
371 2481 590 2558 Apocalypsi:
608 2482 672 2546 Qui
685 2481 806 2543 dilexit
820 2494 883 2540 llos
892 2478 926 2540 et
980 2482 1076 2554 idest,
1099 2482 1134 2543 in
1157 2496 1277 2557 magna
1296 2479 1526 2541 credibilitate.
1549 2481 1613 2539 Per
1626 2476 1782 2539 devotam

126 2581 211 2643 lucii
225 2594 288 2640 rios
297 2594 319 2639 a
331 2582 479 2653 peccatu
492 2579 623 2639 uostris
635 2581 672 2638 lu
683 2580 852 2653 scripulus
863 2590 926 2637 suc
981 2579 1166 2642 orationem
1181 2578 1370 2640 accedimus
1379 2577 1420 2637 ad
1431 2579 1545 2647 Deum,
1560 2574 1637 2652 quin
1649 2575 1781 2651 quoties

128 2674 244 2756 (Apoc.
256 2691 279 2746 1,
296 2674 341 2755 5).
363 2677 403 2737 ut
416 2675 451 2736 in
466 2675 614 2752 Epistola
634 2674 796 2736 canonica
809 2690 816 2734 :
831 2676 925 2735 Suu·
981 2693 1114 2740 cramus
1130 2676 1286 2737 debemus
1302 2677 1445 2736 mentem
1453 2674 1601 2735 nostram
1616 2673 1657 2733 ad
1669 2673 1780 2749 ipsum

126 2778 205 2852 picis
230 2776 313 2835 Jcsu
337 2777 418 2835 Filii
435 2777 500 2835 Dei
524 2773 670 2834 mundet
688 2787 751 2834 uos
769 2774 810 2833 ub
833 2773 927 2832 mucci
982 2774 1123 2850 erigere,
1138 2776 1171 2836 et
1181 2776 1258 2835 anie
1271 2774 1481 2849 conspectum
1493 2771 1609 2847 gleriae
1624 2773 1696 2847 ejus
1707 2786 1784 2831 nes·

125 2873 265 2947 peccato
291 2869 320 2949 (Ι
345 2872 441 2932 Jean.
464 2886 488 2939 τ,
512 2869 558 2950 7).
579 2872 619 2931 nt
645 2870 681 2931 iu
707 2868 925 2946 Apocalypsi:
981 2872 1138 2949 metipsos
1165 2872 1341 2943 inclinare,
1373 2872 1406 2931 ei
1432 2868 1577 2946 abjicere
1604 2867 1645 2928 de
1669 2869 1784 2928 mente

127 2969 316 3030 Rcdcmisti
330 2983 403 3039 nos,
425 2971 570 3030 Dorniue
586 2972 690 3040 Delos,
710 2970 748 3028 iu
759 2969 927 3043 saicpuiue
982 2972 1096 3031 nostra
1110 2985 1224 3031 omnes
1239 2985 1344 3029 vanas
1355 2971 1388 3029 et
1398 2968 1533 3029 nocivas
1548 2965 1783 3041 cogitationes,

130 3067 188 3128 tuo
204 3065 318 3145 (Apoc.
339 3083 370 3138 y,
387 3065 432 3145 9).
453 3068 526 3143 Ipse
550 3068 637 3127 Deus
662 3065 790 3127 tantum
811 3063 929 3125 dilexit
982 3068 1068 3129 sicut
1082 3070 1132 3129 est
1146 3066 1226 3127 illud
1242 3066 1512 3127 Bedae:«Genua
1526 3065 1583 3124 tua
1598 3062 1782 3123 incurvasti

130 3179 202 3234 nos,
232 3164 318 3240 quod
343 3179 408 3225 non
429 3164 576 3241 pepercit
602 3163 737 3240 proprio
758 3161 828 3223 tilio
854 3175 926 3229 suo,
982 3164 1164 3234 interram,
1180 3167 1214 3226 ei
1228 3179 1321 3225 mens
1335 3159 1785 3239 tuaiorisperdiversadis-

129 3262 216 3323 sicut
231 3261 310 3324 dicit
322 3261 499 3340 Apostolus
516 3278 523 3323 :
536 3264 689 3336 Proprie
699 3261 769 3333 lilio
783 3274 845 3321 suo
859 3273 928 3319 riou
983 3263 1129 3326 currit».
1156 3264 1276 3337 Magna
1296 3262 1351 3322 via
1367 3262 1399 3323 et
1420 3260 1520 3335 longa
1535 3258 1725 3320 accedimus
1740 3257 1782 3319 ad

127 3360 283 3434 pepercit
296 3364 399 3432 Decem
413 3364 474 3421 scd
483 3374 550 3433 pro
564 3360 660 3421 scobis
678 3360 834 3420 mullibus
849 3357 927 3417 irc·
984 3361 1150 3422 Christum
1163 3360 1198 3420 in
1209 3359 1370 3429 oratione,
1385 3358 1549 3435 quandoa
1569 3357 1660 3418 terre
1676 3372 1784 3433 usque

129 3457 215 3521 dicii
229 3461 324 3520 illum
336 3455 445 3537 (Rom.
463 3473 534 3530 vui,
550 3455 616 3535 32).
984 3458 1025 3520 ad
1041 3459 1161 3520 coelum
1174 3457 1274 3519 corda
1290 3458 1403 3518 nostra
1418 3456 1587 3516 elevamus
1602 3454 1644 3515 ad
1660 3454 1782 3531 ipsum.

170 3555 271 3617 Petiit
291 3556 409 3625 Mater,
435 3557 472 3617 ut
491 3571 577 3615 unus
592 3554 737 3616 tiliorum
752 3552 884 3614 sederet
908 3565 928 3610 a
984 3557 1079 3619 Unde
1107 3555 1279 3633 presbyter
1308 3555 1343 3615 in
1377 3554 1479 3615 missa
1510 3552 1618 3614 dicit:
1643 3554 1783 3613 Sursum

130 3652 256 3714 dextris
279 3655 312 3715 et
333 3653 421 3713 alius
442 3669 462 3713 a
484 3652 640 3713 sinistris.
666 3654 731 3713 Per
756 3651 929 3712 dexteram
985 3654 1095 3716 corda.
1112 3655 1152 3715 ut
1164 3652 1341 3730 Apostolus
1357 3673 1365 3712 ε
1380 3654 1590 3713 Accedamus
1603 3665 1682 3711 cum
1694 3650 1785 3721 lidie

130 3750 239 3811 lutura
257 3751 326 3811 vita
349 3750 562 3825 designatur:
579 3765 639 3827 per
653 3750 822 3810 sinistram
839 3763 928 3824 prae-
984 3756 1038 3813 cic
1058 3755 1103 3813 cd
1123 3753 1285 3814 thronum
1305 3753 1435 3828 pwricc,
1452 3750 1490 3810 ut
1506 3751 1783 3810 inisericordiam

131 3861 208 3906 sons
224 3846 442 3920 significatur·
458 3845 551 3906 Unde
569 3861 629 3923 pon
644 3844 854 3906 Salomonem
873 3843 929 3904 di·
985 3845 1781 3926 couscquumuretpratiumircecuiomucfflebr.

131 3942 931 4017 citumooevoelmoocnollemeneloeetera
985 3964 1029 4021 ιν,
1055 3946 1119 4027 16),
1140 3948 1236 4019 idest,
1263 3947 1400 4018 orando,
1424 3946 1512 4007 sicut
1534 3945 1693 4006 uiximus.
1719 3948 1783 4006 ru·

132 4043 223 4100 lolio
243 4040 501 4114 emblema-bitur
518 4055 575 4100 me
588 4039 695 4119 (cant.
711 4054 748 4111 11,
764 4035 810 4116 6)-
827 4038 931 4116 caput
985 4047 1109 4108 rectam
1118 4045 1343 4123 operationem
1352 4043 1540 4105 accedimus
1549 4043 1590 4104 ad
1602 4043 1780 4113 onustum,

134 4139 283 4198 nostrum
298 4138 348 4198 est
363 4136 522 4198 Christus.
544 4136 611 4197 Sub
627 4136 689 4197 hoc
703 4136 811 4213 capite
833 4136 929 4208 laeva,
985 4144 1063 4220 quia
1085 4143 1196 4204 nullus
1220 4142 1326 4220 potest
1347 4141 1472 4203 salvari
1494 4141 1566 4202 sine
1587 4139 1683 4201 bonis
1698 4155 1782 4217 epe-

132 4234 229 4306 idesi,
246 4250 394 4312 praesens
409 4235 477 4295 vita
490 4234 587 4297 debet
601 4249 686 4306 esse,
697 4234 775 4312 quia
791 4232 930 4295 minoris
985 4241 1089 4303 ribus.
1108 4242 1201 4303 Unde
1221 4240 1364 4304 Jacobus
1381 4256 1389 4300 :
1408 4239 1688 4314 appropinquate
1714 4243 1784 4300 Deo

132 4333 231 4409 pretii
246 4331 342 4394 debet
358 4348 432 4393 esse
447 4332 542 4394 nobis
558 4349 655 4410 quam
668 4332 831 4401 Christus,
848 4348 931 4409 quo-
985 4340 1018 4402 ει
1033 4338 1322 4415 appropinquabit
1336 4340 1429 4400 vobis
1453 4336 1537 4416 (iac.
1553 4353 1597 4408 ry,
1624 4335 1669 4415 8),
1699 4335 1785 4398 idest

131 4431 222 4492 iliam
241 4432 376 4509 limitar
399 4448 474 4492 eum
508 4431 580 4493 ¹¹aess
601 4431 681 4499 Vitas
705 4431 734 4490 ⁸1
760 4446 843 4508 opus
867 4430 928 4501 aab
985 4436 1085 4499 facite
1099 4436 1185 4498 bona
1201 4452 1314 4513 opera,
1331 4437 1364 4498 et
1379 4438 1466 4496 Deus
1478 4435 1593 4497 reddet
1604 4434 1699 4495 vobis
1719 4434 1783 4495 bo·

132 4528 324 4590 dimittenda
336 4529 386 4589 asi
403 4530 469 4589 :El
482 4529 630 4591 declara
645 4532 735 4589 illim
749 4532 932 4602 annllcccc·
985 4550 1062 4595 narn
1078 4535 1274 4605 mercedem,
1292 4532 1463 4610 dequibus
1477 4532 1557 4593 alibi
1575 4535 1700 4594 :Fides
1709 4536 1784 4593 sicce

132 4629 225 4689 atilli*
251 4642 307 4688 lna
336 4625 444 4706 (Cana
471 4642 507 4698 u,
532 4624 578 4704 6).
608 4625 700 4697 Quod
722 4625 931 4701 amplexatur
985 4635 1144 4708 operibus
1153 4634 1294 4694 nrortuc
1308 4633 1361 4693 cst
1376 4630 1460 4709 (iac.
1475 4647 1512 4703 u,
1528 4629 1596 4708 26).
1613 4629 1783 4701 adoravit,

132 4726 278 4802 undique
292 4724 528 4794 circumdatur,
545 4725 579 4785 at
592 4721 713 4784 luturae
728 4722 805 4784 vitae
820 4721 930 4784 banti-
985 4732 1018 4793 et
1029 4747 1088 4792 nes
1097 4731 1283 4792 adoremus.
1297 4728 1493 4790 Adoraudus
1501 4730 1551 4791 est
1560 4731 1657 4790 iesus
1672 4728 1782 4800 corde,

132 4823 211 4883 tude
234 4839 277 4884 ex
300 4823 390 4884 omni
406 4825 500 4899 parte
516 4821 685 4882 hominem
699 4819 928 4881 circumdabit.
985 4845 1043 4891 ore
1066 4829 1100 4890 ct
1119 4843 1229 4905 opere.
1246 4827 1361 4898 corde,
1379 4842 1438 4903 per
1453 4826 1660 4889 devotionem
1676 4826 1784 4903 ipsum

133 4921 295 4992 Quoniam
310 4921 366 4996 qui
381 4921 416 4980 in
430 4920 542 4981 futura
560 4919 627 4981 vita
643 4918 854 4980 coronandus
867 4918 927 4989 asi,
985 4942 1086 5004 super
1100 4925 1212 4988 omnia
1222 4925 1402 5001 diligendo.
1420 4925 1513 4987 Unde
1523 4924 1627 4986 David
1646 4940 1653 4984 :
1669 4927 1783 4985 Medi-

120 5018 223 5078 ·nullo
239 5017 418 5093 indigebit3
445 5018 502 5079 sed
517 5018 663 5094 undique
683 5017 809 5078 coelesti
824 5016 931 5078 beati-
986 5026 1070 5087 tatio
1088 5027 1202 5086 cordis
1221 5026 1291 5085 ruci
1314 5027 1350 5085 lu
1369 5023 1550 5097 conspectu
1567 5024 1625 5083 lico
1647 5037 1787 5095 scuzpcr

133 5115 247 5176 tudine
261 5114 451 5191 replebitur.
476 5116 569 5176 Unde
583 5117 616 5177 et
628 5116 752 5175 Paulus
765 5115 833 5177 ait:
850 5115 931 5176 Erit
986 5122 1055 5202 (Ps.
1074 5124 1121 5192 18,
1140 5120 1204 5201 15).
1226 5124 1300 5192 Ore,
1322 5137 1382 5197 per
1407 5120 1649 5181 confessionem
1675 5120 1785 5196 ipsum

131 5218 225 5275 Deles
251 5216 367 5273 omruo
393 5216 429 5273 lu
456 5217 613 5274 omuibus
642 5212 671 5291 (1
690 5216 763 5274 Cor.
779 5229 837 5285 xv,
863 5212 928 5291 28).
985 5234 1085 5296 super
1099 5217 1209 5278 omnia
1223 5216 1454 5287 collaudando,
1474 5215 1560 5277 uude
1576 5216 1610 5276 in
1632 5216 1784 5293 psalmo:

133 5310 217 5384 Quia
232 5325 311 5385 ergo
333 5325 416 5385 opus
437 5312 488 5371 est
508 5310 544 5369 in
563 5311 730 5387 praesenti,
749 5312 782 5372 et
803 5326 930 5370 merces
984 5317 1201 5388 Sacrificium
1213 5315 1636 5387 iorcdisllouorilicabitmc
1649 5313 1718 5394 (Ps.
1733 5316 1784 5385 49,

133 5408 244 5485 operis
257 5406 390 5468 dabitur
403 5407 438 5467 in
454 5406 576 5479 futuro,
591 5408 709 5468 merito
725 5424 810 5468 unus
821 5408 862 5468 ad
878 5408 929 5468 si·
984 5412 1050 5493 23).
1084 5415 1200 5490 Opere,
1233 5429 1292 5490 per
1319 5412 1569 5474 uenerationem
1594 5411 1660 5487 ipsi
1686 5425 1787 5487 super

133 5508 284 5576 metram,
299 5505 385 5565 alins
398 5505 438 5565 ad
454 5504 868 5567 dextoramaiaradiaitnr·
985 5511 1096 5574 omnia
1115 5510 1317 5583 famuland0,
1338 5526 1404 5571 nou
1429 5512 1466 5572 ut
1485 5509 1620 5587 quidam
1646 5507 1784 5581 iaciunt,

174 5603 420 5672 ueteranorum
430 5602 928 5677 fecittriamcccssuacuesum.
986 5607 1787 5689 quibusbominusimproperatdicens:Popuius
