3802 6166
117 192 175 259 221

119 356 250 419 cessori
279 358 405 428 nostro,
427 358 659 436 conquerendo
688 364 918 437 monstrasset,

119 455 210 533 quod
227 455 429 515 venerabilis
444 454 547 518 frater
568 460 681 520 noster
696 461 921 538 archiepisco·

119 570 184 630 pus
206 554 409 615 Senonensis
433 555 464 615 et
489 556 622 633 quidam
646 558 850 635 suffraganei
865 560 918 620 001

119 669 161 714 ac
176 651 336 713 olllc-iales
357 667 482 725 000001,
507 655 697 718 maturitate
721 657 832 721 debita
853 675 919 719 non

120 753 266 822 serrata,
276 750 441 811 interdum
457 751 628 815 abutentes
643 754 706 815 sibi
721 757 842 819 tradito
856 774 919 833 po-

120 848 298 920 testate,in
315 849 435 910 terram
450 852 482 911 et
499 850 649 913 homines
665 870 743 915 snos
758 855 833 916 sine
843 872 919 916 ma-

120 947 246 1009 nifesta
274 948 307 1009 et
331 948 523 1009 rationabili
539 966 651 1020 causa,
670 956 703 1015 et
724 954 920 1032 quandoque

121 1060 184 1122 pro
205 1044 328 1105 vilibus
343 1061 382 1106 ao
405 1047 552 1108 minimis
574 1051 823 1126 quaestionibus,
833 1052 920 1128 juris

120 1142 239 1203 ordine
255 1144 665 1219 praetermlsso,interdictl
681 1150 713 1211 01
728 1165 922 1210 excommu-

120 1240 303 1303 nicationis
317 1243 515 1304 sententium
527 1246 786 1322 promulgarent,
795 1249 920 1310 motum

120 1339 229 1399 animi
248 1340 467 1417 potiusquam
486 1343 592 1403 zelum
616 1346 824 1408 rectitudinis
849 1362 921 1423 pro

121 1438 303 1514 sequendo,
317 1439 349 1499 et
373 1439 460 1500 idem
484 1442 708 1517 qrrmdecessor
724 1445 837 1507 noster
864 1445 921 1507 lit-

119 1536 203 1597 teris
233 1537 424 1613 apostolicis
460 1534 629 1603 monuerit
659 1543 807 1616 eosdem,
837 1544 920 1605 dans

120 1634 205 1711 ipsis
238 1635 455 1698 nibilominus
483 1639 518 1699 in
549 1642 734 1717 praecptis,
767 1645 803 1704 01
828 1643 919 1703 circa

122 1733 328 1794 comitissam
363 1736 554 1812 praelatam,
597 1739 748 1801 hominos
791 1756 920 1818 qnoque

121 1847 164 1891 ao
194 1833 317 1892 terram
353 1833 469 1910 ipsius,
490 1834 728 1912 benignitatem
757 1855 797 1899 ac
825 1855 921 1899 man-

121 1930 333 1991 suetudinem
357 1932 563 2007 exhibentes
573 1952 672 2012 quarn
689 1937 782 1998 docet
797 1937 921 1999 Christi

120 2027 294 2088 ministros
337 2029 472 2102 babere,
495 2033 609 2095 taliter
651 2035 692 2095 ab
730 2035 920 2113 hujusmodi

120 2124 163 2186 de
197 2126 319 2187 cantero
346 2132 603 2205 praesumptione
637 2136 808 2195 cessarent
835 2133 920 2210 quod

121 2238 191 2283 non
233 2227 421 2288 remaneret
454 2227 504 2287 illl
536 2232 629 2305 justa
662 2231 801 2292 materia
841 2247 922 2292 con-

121 2321 295 2397 querendi,
319 2338 380 2384 nec
396 2325 467 2400 ipse
482 2325 523 2385 ad
548 2328 786 2390 correctionem
800 2329 921 2390 abusus

120 2418 315 2496 hujusmodi
334 2424 508 2495 cogeretur
522 2439 688 2501 apponere
701 2443 817 2487 manns
831 2444 919 2500 snas,

119 2515 189 2593 ipsi
204 2516 290 2578 sicut
310 2519 456 2593 eJusdem
471 2522 649 2585 comitissae
668 2540 707 2585 ac
720 2524 842 2585 nobilis
856 2525 920 2586 viri

121 2616 161 2677 F.
172 2615 313 2687 comitis
326 2617 393 2677 nati
402 2621 923 2696 ejus,conqua=stionemreserva·

121 2714 193 2775 vit:
209 2730 275 2775 non
288 2715 394 2776 solnm
407 2732 427 2776 a
441 2718 606 2793 qrraediutis
625 2719 841 2781 abusionibus
856 2737 922 2781 non

125 2812 924 2895 cessarunt,monitionosaopraceptnmapostoli·

125 2910 923 2988 cumsurdisau1·ibustranseund0,vernmetiam

122 3007 217 3084 ipsos
227 3009 259 3070 et
272 3010 395 3070 terram
406 3026 499 3071 suam
514 3012 549 3071 in
564 3013 716 3089 pluribus
725 3016 921 3090 aggravant,

116 3105 387 3183 jurisdictionem
411 3108 594 3171 indebitam
616 3111 650 3172 in
674 3112 825 3173 homines
846 3128 923 3173 0000

121 3196 222 3263 noris
247 3203 537 3267 adinventionibus
567 3211 779 3284 usurpantes
796 3225 862 3268 000
889 3210 925 3271 01

122 3300 407 3379 salnticonsulant
419 3305 616 3378 animarum,
626 3305 683 3365 sed
696 3306 733 3367 ut
742 3322 926 3383 exsequan-

123 3400 300 3477 turpotius
311 3401 502 3478 cupiditatis
518 3403 716 3464 ardoremin
734 3390 923 3465 eorumdem

124 3498 306 3560 comitissae
321 3515 361 3560 ac
376 3500 506 3560 comitis
521 3501 750 3578 praejudicium
763 3503 796 3563 et
809 3518 927 3577 grava·

124 3595 259 3665 me11;si
271 3596 360 3656 enirn
370 3597 926 3677 qnisquamcrucesignatnscaptus

125 3691 230 3753 suerit
251 3693 286 3753 in
313 3694 424 3770 aliquo
439 3694 609 3758 forisfacto
634 3697 744 3773 ipsum
760 3699 924 3774 repetunt,

124 3792 285 3867 tanquam
298 3808 367 3853 suae
381 3792 498 3854 ditioni
511 3793 706 3871 subjectum,
722 3796 853 3857 etiarnsi
868 3797 928 3857 de·

124 3888 238 3950 tentus
254 3890 287 3950 ln
303 3906 437 3951 carc-ero
457 3890 602 3954 alliserit
624 3893 693 3953 suis
709 3894 858 3955 humeris
879 3894 927 3954 si-

125 4001 229 4062 gnum
241 3988 355 4047 Crucis
370 3988 743 4067 inclusionemjustitiae
753 3992 924 4063 secularis,

127 4100 164 4145 se
177 4083 301 4146 babere
311 4086 577 4162 jurisdictionem
586 4089 736 4149 eamdem
751 4089 786 4150 in
801 4090 928 4167 quosli-

127 4180 182 4242 bet
198 4183 445 4259 orucoslgnatos
461 4201 560 4261 quarn
584 4185 707 4247 babent
730 4186 766 4246 10
788 4187 927 4247 clericos

127 4281 928 4359 asserentes3llliosqnoqnelrorninnmcomitissae

128 4375 171 4437 ad
188 4378 321 4438 ordines
336 4381 530 4454 promovent
545 4382 577 4442 et
599 4380 725 4442 laciuut
744 4382 930 4442 10010000-

128 4475 225 4537 teriis
239 4476 345 4552 recipi
362 4477 434 4537 sine
454 4478 560 4554 ipsius
580 4478 714 4540 licentia
730 4481 762 4540 01
777 4495 927 4552 0000000,

130 4574 283 4650 quamvis
312 4574 388 4635 talis
425 4576 622 4637 conditionis
647 4577 814 4649 existant,
843 4578 929 4654 quod

128 4671 204 4733 sine
226 4672 331 4748 ipsius
354 4688 493 4734 assensu
507 4673 549 4733 ad
561 4673 757 4750 religionem
787 4675 930 4737 transire

129 4786 198 4831 non
213 4771 359 4842 valeant,
369 4772 423 4832 rel
438 4772 472 4831 in
485 4772 625 4833 clericos
641 4774 931 4849 promorerid’rau·

129 4868 224 4929 terea
248 4868 399 4929 homines
421 4885 499 4929 snos
523 4869 583 4930 sub
608 4872 772 4948 praetentu
789 4872 931 4949 alicujus

134 4966 288 5028 oriminis
302 4968 448 5043 capiunt,
458 4968 662 5046 etjustitiam
677 4985 736 5046 pro
752 4970 931 5030 uoluntatis

132 5066 229 5128 libito
245 5068 439 5149 exercentes
453 5066 568 5137 10000,
583 5066 662 5143 ipsis
676 5066 831 5129 auserunt
845 5067 939 5129 bona*

131 5181 205 5235 sna,
222 5166 311 5224 0100
326 5163 436 5225 ablata
444 5165 595 5240 reputant
605 5167 721 5242 jurare
730 5165 932 5241 compellunt

132 5263 268 5325 eosdem
282 5264 316 5323 et
328 5261 483 5340 abjurare
499 5264 622 5322 terram
642 5263 860 5324 nihilominus
875 5280 933 5325 co-

132 5361 284 5424 mitissae.
299 5360 390 5432 Quod
407 5361 435 5420 01
451 5360 566 5421 eadem
578 5361 729 5421 hominos
746 5378 824 5422 snos
839 5378 933 5438 repe-

132 5460 182 5523 tat
195 5476 236 5520 ao
259 5458 345 5519 bona
362 5458 506 5530 illorum,
521 5460 673 5535 quamvis
692 5476 749 5521 eos
764 5461 932 5538 parituros

131 5558 203 5633 juri
215 5556 259 5622 011
271 5554 430 5619 exhibere
450 5560 577 5632 parata,
598 5559 631 5622 ot
653 5558 759 5635 ipsius
781 5558 933 5623 homines

752 202 982 265 EPIsnonAE.
1005 200 1086 263 LIB.
1109 202 1135 261 1.

1711 202 1786 266 222.

975 376 1090 426 eorum
1114 357 1305 425 bominibus
1318 358 1355 421 in
1375 372 1437 421 sna
1456 359 1579 438 cogunt
1595 362 1773 438 praeseutia

975 460 1187 539 respondere,
1213 474 1403 537 quanquam
1426 459 1519 520 actor
1542 459 1636 536 sequi
1656 460 1775 523 debeat

975 560 1082 621 lorum
1099 559 1160 621 rei.
1176 561 1240 620 Eos
1254 559 1355 620 etiam
1371 557 1515 635 qui,aere
1531 559 1774 636 accepto,sicut

976 674 1047 720 mos
1060 659 1120 729 est,
1136 657 1177 718 ad
1192 657 1356 718 cambium
1372 657 1406 716 in
1422 656 1580 717 nundinis
1594 657 1716 730 alieno,
1731 658 1773 720 ad

975 756 1568 818 010001000001001000100000000100
1578 756 1771 826 dioecesum,

975 872 1018 916 ne
1044 854 1225 915 secundum
1254 854 1478 915 nundinarum
1500 853 1773 916 consuetudinem

973 954 1177 1033 judicentur,
1187 952 1392 1029 confugiunt,
1404 920 1565 1014 resedam
1576 952 1773 1030 quandoque

978 1051 1083 1112 luisse
1105 1051 1245 1113 clericos
1271 1051 1491 1123 aedicantes,
1519 1051 1689 1133 tonsuram
1710 1051 1774 1112 sibi

977 1150 1049 1211 lieri
1071 1150 1197 1212 iaciunt
1217 1150 1417 1221 clericalem,
1429 1150 1595 1227 recipiunt
1607 1153 1640 1212 01
1658 1149 1774 1211 delen-

976 1250 1058 1312 dunt
1077 1248 1138 1311 sub
1158 1250 1320 1325 praetextu
1342 1249 1577 1310 ecclesiasticen
1596 1248 1771 1320 libertatis,

975 1348 1071 1409 01010
1091 1347 1272 1409 creditores
1288 1364 1349 1409 sua
1361 1347 1502 1425 pecunia
1522 1346 1771 1419 defraudantur,

974 1447 1010 1506 in
1026 1446 1252 1507 nundinarum
1263 1462 1329 1507 non
1350 1446 1515 1507 modicum
1527 1446 1772 1506 detrimentum.

977 1545 1085 1605 Simili
1097 1560 1227 1621 quoqne
1240 1545 1403 1621 praetextu
1416 1544 1491 1604 illos
1502 1545 1635 1627 tuentur
1648 1542 1705 1621 qui
1717 1544 1775 1603 ba-

975 1643 1045 1703 bitu
1060 1642 1208 1704 clericali
1222 1642 1370 1714 dimisso,
1385 1642 1586 1718 accipientes
1598 1642 1775 1713 uxoreset

975 1757 1011 1801 so
1031 1740 1237 1801 secularibus
1254 1740 1478 1801 immiscentes
1500 1739 1654 1814 negotiis,
1667 1755 1706 1799 ac
1718 1754 1773 1799 ros

976 1838 1123 1900 feudales
1145 1840 1303 1911 ementes,
1320 1855 1379 1899 seu
1392 1838 1598 1916 possidentes
1616 1852 1670 1897 res
1689 1836 1774 1897 alias

976 1936 1271 1999 consuetudinibus
1286 1936 1447 1997 obnoxias
1461 1936 1681 2007 dominorum,
1693 1936 1773 1996 100-

976 2052 1088 2097 001·οι0
1104 2037 1274 2098 resumant
1288 2051 1387 2113 quam
1396 2034 1665 2111 contempserunt
1679 2032 1775 2094 cleri·

976 2135 1093 2205 calem,
1106 2150 1148 2194 00
1164 2137 1326 2209 cogantur
1338 2133 1511 2194 lendorum
1531 2132 1674 2193 dominis
1690 2147 1773 2192 con-

977 2231 1776 2307 suetaserritiaetdebitaexhibere,cumquoPru·

976 2331 1047 2392 vini
1058 2331 1090 2391 et
1105 2333 1285 2390 Frecarurn
1296 2329 1492 2405 burgenses,
1501 2331 1534 2391 et
1548 2329 1618 2400 alii,
1629 2343 1688 2405 pro
1697 2343 1771 2387 ser-

977 2429 1067 2492 vitiis
1090 2428 1267 2488 comitissae
1292 2427 1410 2488 debitis
1432 2428 1557 2488 certam
1587 2426 1617 2487 01
1646 2424 1776 2487 solvant

978 2540 1123 2585 arrnuam
1143 2524 1348 2600 perrslonom,
1366 2522 1472 2583 dictus
1492 2522 1774 2598 archiepiscopus

977 2624 1010 2683 01
1022 2621 1080 2682 0111
1096 2637 1162 2681 000
1179 2620 1372 2697 permittunt
1396 2621 1431 2680 01
1452 2620 1675 2693 crucesignati
1690 2634 1772 2695 por-

976 2720 1100 2780 tionem
1115 2733 1188 2795 quae
1203 2717 1281 2777 illos
1290 2733 1332 2777 en
1345 2732 1384 2777 00
1395 2717 1557 2791 contingit
1573 2715 1774 2793 persolvant,

978 2818 1057 2878 licet
1071 2816 1210 2876 ntillarn
1226 2815 1455 2891 porsolverent
1469 2814 1647 2891 praedictus
1663 2814 1777 2873 noster

978 2913 1195 2975 mandaverat
1213 2912 1449 2989 praedecessur,
1471 2912 1504 2973 et
1517 2911 1677 2973 babentes
1689 2926 1777 2988 pon-
1852 2916 1854 2921 '

979 3014 1040 3073 dns
1058 3014 1090 3073 01
1107 3010 1235 3089 pondus
1251 3010 1330 3070 illud
1353 3011 1388 3070 in
1406 3009 1658 3085 crucesignatis,
1671 3010 1778 3070 0110-

978 3106 1775 3186 daeisinterraejnsdemeomitissaemorantibuS,

979 3208 1097 3269 iisdem
1123 3206 1300 3269 uoluerunt
1320 3206 1500 3266 concedere
1515 3204 1601 3281 quod
1621 3204 1777 3281 Philippo

979 3306 1103 3367 illustri
1124 3305 1196 3381 regi
1214 3307 1419 3365 Francorum
1441 3304 1476 3364 in
1504 3302 1557 3363 llis
1579 3301 1636 3379 qni
1658 3301 1777 3362 doma-

980 3405 1070 3465 nium
1099 3403 1225 3463 terram
1255 3401 1363 3477 ipsius
1389 3400 1578 3461 inhabitant
1603 3413 1779 3459 00000000-

980 3501 1077 3576 runt;
1092 3502 1125 3561 et
1152 3499 1231 3561 licet
1256 3514 1317 3558 nec
1346 3498 1570 3575 majorinstet
1596 3495 1778 3557 necessitas

981 3614 1079 3676 quam
1104 3612 1250 3674 unquam
1273 3594 1380 3656 uidem
1408 3594 1567 3655 institerit
1588 3593 1776 3665 comitissae,

981 3697 1097 3758 nolunt
1114 3698 1224 3756 tamen
1239 3694 1430 3770 permittere
1450 3694 1487 3753 ut
1505 3691 1657 3752 homines
1670 3690 1779 3752 ecclo-

981 3796 1107 3856 siarum
1131 3793 1186 3854 rel
1208 3792 1406 3853 clericorum
1424 3789 1635 3852 contribuant
1653 3787 1779 3866 aliquid

982 3910 1041 3971 pro
1064 3893 1220 3954 uillarum
1245 3884 1406 3961 custodia,
1425 3889 1480 3952 vel
1504 3905 1563 3967 pro
1589 3887 1779 3949 reficiendis

982 3989 1220 4053 munitionibus
1242 3990 1341 4050 terrae
1366 4004 1445 4057 suae,
1473 4002 1661 4064 quanquam
1689 3985 1723 4046 id
1742 3985 1780 4046 in

983 4088 1147 4167 publicam
1164 4087 1340 4149 utilitatem
1355 4085 1528 4157 redundet,
1545 4088 1577 4146 et
1589 4083 1780 4145 eorumdem

983 4189 1016 4249 01
1037 4202 1149 4248 rernm
1174 4201 1309 4245 suarum
1325 4185 1473 4245 tutelam.
1490 4186 1651 4244 Castorum
1672 4182 1701 4243 si
1717 4181 1782 4242 ali-

984 4286 1057 4362 quis
1077 4284 1173 4345 citari
1192 4283 1310 4343 debeat
1325 4298 1436 4343 coram
1457 4282 1517 4353 eis,
1535 4282 1613 4342 licet
1632 4293 1780 4357 praesens

984 4383 1116 4454 existat,
1131 4380 1249 4442 nolunt
1263 4396 1320 4441 eos
1330 4380 1431 4441 verbo
1447 4380 1562 4451 citare,
1576 4378 1633 4439 sed
1647 4377 1779 4449 litteris

984 4481 1082 4543 01010
1098 4480 1284 4541 litterarum
1309 4478 1484 4538 occasione
1502 4476 1628 4553 aliquid
1647 4474 1782 4536 valeant

985 4580 1199 4654 extorquere3
1215 4576 1271 4637 sod
1292 4578 1325 4637 et
1347 4591 1422 4636 cum
1441 4576 1542 4636 testes
1553 4573 1728 4649 recipiunt,
1739 4569 1780 4631 ab

985 4692 1183 4754 unoquoquo
1197 4675 1342 4744 testium,
1355 4673 1449 4749 quasi
1462 4689 1520 4749 pro
1540 4671 1660 4741 debito,
1673 4669 1780 4729 dena-

985 4777 1073 4838 rium
1084 4791 1186 4835 unum
1202 4773 1342 4848 exigunt
1352 4772 1483 4849 cquando
1494 4770 1600 4847 jurat.
1614 4768 1782 4829 Praeterea

986 4865 1783 4944 eamdemcomitissamcorrrpelleremoliunturut

986 4973 1035 5034 eis
1050 4972 1170 5032 damna
1182 4969 1347 5035 restituat,
1359 4967 1387 5026 si
1401 4981 1465 5042 qna
1480 4964 1605 5041 ipslsin
1617 4964 1707 5025 terra
1720 4978 1783 5024 sua

986 5069 1175 5131 inseruntur
1194 5084 1213 5127 a
1230 5064 1380 5143 personis
1394 5063 1526 5138 ignotis,
1544 5061 1694 5138 quamvis
1709 5061 1784 5138 ipsa

987 5170 1103 5246 parata
1118 5167 1162 5227 sit
1173 5166 1213 5226 de
1227 5161 1427 5241 quibuslibet
1437 5159 1705 5237 delinquentibus
1719 5162 1783 5220 ter·

987 5284 1033 5329 rao
1063 5282 1131 5327 suro
1153 5263 1312 5325 exhibere
1323 5324 1328 5333 ,
1332 5260 1472 5338 justitiae
1496 5257 1781 5335 complementum,

987 5367 1017 5427 si
1034 5367 1131 5442 juxta
1147 5363 1298 5423 ordinem
1316 5358 1404 5437 juris
1424 5358 1565 5419 convicti
1588 5357 1713 5418 luerint
1729 5355 1783 5417 vel

980 5460 1205 5532 'corriossilris
1221 5462 1255 5521 ot
1275 5458 1351 5519 aliis
1367 5457 1473 5518 modis
1488 5455 1637 5516 eamdem
1652 5456 1685 5517 et
1704 5470 1782 5515 suos

988 5557 1215 5636 multipliciter
1246 5553 1471 5632 aggravando.
1504 5552 1584 5613 (inm
1617 5551 1721 5627 igitur
1749 5550 1782 5611 in
