3802 6166
87 259 149 321 317
407 256 555 319 XXVIII.
570 254 670 316 -IN
691 254 821 317 FESTO
843 254 1132 318 PLURIMORUM
1152 254 1406 319 Musulami.
1678 260 1740 323 als

89 416 340 478 consumantur.
353 413 415 477 Sed
431 413 510 492 quia
524 414 651 476 certum
664 412 715 475 est
729 427 789 490 per
800 412 887 475 mala
941 411 1037 482 teret,
1053 412 1127 491 quis
1142 415 1246 475 Deum
1268 413 1310 477 de
1324 412 1423 477 rebus
1438 412 1594 477 humanis
1618 431 1738 483 curare

89 511 207 575 mundi
233 512 357 575 electos
384 510 529 589 probari,
559 510 635 573 ideo
660 509 741 573 dicit
761 509 885 572 David:
941 510 1144 573 credidisset.
1173 528 1191 573 u
1218 511 1324 589 Igitur
1345 515 1434 575 Deua
1461 514 1622 591 permittit
1648 518 1738 581 mala

89 610 254 673 Probostt
285 623 346 671 cor
383 593 501 671 meuau
532 608 566 671 et
606 608 758 670 visitasti
791 608 888 669 :secte
940 609 1054 670 mundi
1071 609 1298 687 multiplicari,
1315 611 1352 673 ut
1365 611 1541 687 praeseutia
1556 612 1644 675 mala
1670 614 1768 678 sint.

90 704 161 785 (Ps.
185 708 236 778 16,
258 705 303 785 2).
321 709 346 767 0
365 708 463 778 Deus,
479 706 517 768 tu
530 694 678 783 probasti
698 720 757 767 cor
778 720 887 766 meum
940 705 1130 768 testimonia
1151 706 1256 768 divini
1266 707 1397 784 judicii.
1413 709 1507 781 Quia,
1524 709 1553 770 si
1570 710 1619 772 tot
1639 712 1737 775 malis

87 805 124 867 in
150 806 261 873 nocte,
289 803 386 875 idest,
415 804 451 865 in
479 801 707 866 tribulatione.
733 803 888 879 Legimus
941 802 1121 879 affligimur
1134 804 1170 864 in
1192 804 1255 865 boc
1268 806 1390 866 mundo
1407 807 1588 867 seeundum
1602 809 1738 871 miseri-

87 902 176 981 quod
189 902 313 978 triplex
328 902 379 964 est
392 900 555 978 probatio.
570 901 725 963 Estenim
737 899 887 977 probatio
944 900 1164 973 cordiamDei
1180 902 1455 965 considerandum
1470 905 1522 965 est
1535 904 1654 981 quibus
1665 923 1737 969 ma-

87 999 304 1078 perficientis,
345 998 559 1075 experientis,
598 1000 633 1061 et
665 997 885 1059 adversantis.
941 998 983 1058 lis
998 998 1190 1075 affligantur
1204 1000 1261 1077 qui
1284 1001 1463 1077 punientur
1482 1000 1518 1062 in
1539 1002 1590 1063 ira
1603 1004 1735 1080 judicii.

87 1097 203 1160 Prima
219 1097 289 1169 Dei,
303 1096 450 1159 mulla
459 1096 620 1167 hominis,
637 1095 735 1157 tertia
745 1094 885 1156 inimici.
942 1096 1034 1157 Unde
1051 1097 1249 1174 Gregorius:
1263 1114 1282 1159 e
1296 1099 1401 1160 Multa
1416 1099 1505 1161 mala
1516 1098 1637 1163 debent
1650 1118 1739 1180 prae·

75 1195 202 1262 fflma
214 1195 256 1256 ad
271 1194 501 1265 salvationem,
523 1194 667 1257 secunda
682 1194 723 1256 ad
743 1194 888 1255 instruc·
940 1209 1086 1267 currere,
1103 1196 1140 1256 ut
1164 1196 1288 1257 malum
1309 1197 1443 1258 valeant
1464 1197 1537 1258 sine
1558 1198 1623 1259 tine
1649 1216 1738 1262 nun-

86 1294 224 1365 tionem,
252 1292 351 1355 tertia
376 1291 418 1354 ad
435 1291 740 1369 reprehensionem.
761 1293 888 1351 Secun·
940 1291 1036 1352 tiare.
1062 1308 1081 1351 u
1107 1294 1147 1354 Et
1169 1292 1232 1355 hoc
1260 1294 1420 1371 estquod
1446 1293 1527 1356 dicit
1552 1297 1735 1359 Dominus:

87 1391 167 1452 dum
191 1390 331 1467 primam
351 1390 383 1451 et
409 1389 599 1461 secundam,
625 1388 778 1465 probavit
799 1390 886 1449 Deus
941 1389 1080 1464 Oportet
1104 1393 1262 1465 priunum
1285 1395 1357 1453 ittae
1381 1393 1471 1465 liert,
1496 1395 1558 1455 sed
1583 1398 1737 1457 uoitdzuu

87 1488 257 1550 ahraham
286 1488 484 1564 praecipiens
499 1486 542 1557 ei,
566 1486 602 1548 ut
623 1486 745 1547 Filium
764 1486 886 1547 immo·
939 1487 1058 1548 statiua
1071 1488 1151 1560 sireis
1162 1486 1255 1566 (an.
1270 1504 1342 1560 xxr,
1358 1487 1404 1566 9).
1419 1490 1593 1567 Sequitur:
1609 1493 1738 1568 serpet

88 1586 185 1647 laret.
204 1583 362 1647 Probavit
382 1584 482 1646 etiam
498 1584 630 1645 sanctos
651 1598 729 1644 suos
742 1584 778 1645 ut
791 1583 886 1643 illum
939 1598 1023 1660 pens
1037 1585 1159 1646 contro
1179 1585 1317 1661 pentem
1338 1584 1469 1664 (Mattb.
1490 1601 1584 1660 xxrv,
1600 1587 1645 1666 7).
1662 1590 1736 1650 No-

88 1682 324 1760 glorificareut.
354 1680 541 1744 Secundum
561 1681 695 1744 tertiam
713 1678 885 1757 probatio·
939 1680 1074 1742 tandum
1085 1682 1171 1758 quod
1184 1682 1288 1743 multa
1300 1683 1394 1744 mala
1403 1683 1569 1760 praedixit,
1582 1685 1739 1749 videlieet

88 1794 164 1843 nem
194 1779 313 1855 probat
339 1779 552 1840 adversarius
583 1794 643 1855 per
669 1777 886 1840 tentationem
939 1777 1027 1839 bella
1051 1777 1091 1841 ab
1107 1778 1309 1852 bominibus,
1324 1779 1557 1842 subversiones
1581 1781 1614 1844 in
1636 1782 1736 1847 terrae

88 1878 125 1939 ut
138 1876 371 1954 reprehendat.
399 1878 454 1938 Sio
469 1877 559 1937 euim
579 1875 713 1954 quidam
730 1875 884 1936 tentave-
939 1875 1093 1948 motibus,
1113 1877 1321 1954 pestilentias
1344 1878 1380 1939 in
1405 1879 1610 1956 corporibus,
1631 1879 1737 1943 fames

88 1974 167 2037 munt
185 1975 300 2036 lesum
321 1973 468 2036 dicentes
483 1990 490 2035 :
504 1974 684 2051 Magister,
708 1973 786 2035 ticet
805 1987 888 2035 ceu-
939 1974 1077 2036 aterrae
1102 1973 1264 2036 fructibus
1292 1975 1531 2050 deficientibus,
1556 1977 1736 2041 terroresa

87 2086 167 2135 sum
186 2075 272 2133 dore
296 2075 438 2143 Gaesaetri,
465 2085 512 2132 uit
528 2086 598 2132 nou
612 2073 626 2131 t
641 2069 771 2147 (matth.
799 2085 883 2136 xxu.
942 2071 1048 2146 signis
1067 2071 1267 2133 coelestibus.
1277 2072 1370 2134 Bella
1385 2072 1425 2149 ab
1443 2073 1644 2147 hominibus,
1661 2091 1736 2139 oum
1784 2124 1786 2129 .

89 2166 154 2248 17).
167 2167 294 2241 Quibus
307 2168 485 2230 Dominus:
503 2169 588 2235 Quid
598 2182 652 2229 me
666 2167 818 2239 tentatis,
829 2171 886 2241 ltu·
939 2168 1042 2229 dixit:
1062 2170 1189 2246 Surpet
1211 2184 1296 2246 peris
1318 2170 1440 2231 coutru
1454 2172 1602 2247 petitam,
1619 2173 1653 2234 et
1672 2188 1735 2235 re-

84 2266 255 2341 porritoet
938 2281 1044 2342 guum
1066 2269 1235 2327 aduersus
1260 2281 1420 2344 reputem.
1432 2267 1509 2329 ldeo
1530 2269 1641 2330 autem
1656 2285 1737 2346 per-

123 2363 336 2440 sequutum:
343 2363 485 2425 visitasti
493 2361 659 2435 me,idest,
667 2360 885 2438 inspiratione
939 2361 1081 2424 mittitur
1094 2379 1176 2439 gens
1191 2364 1306 2425 eontra
1318 2364 1451 2439 gentem
1465 2381 1613 2441 surgere,
1627 2368 1662 2428 ut
1674 2367 1737 2429 ho-

88 2463 146 2522 lua
159 2460 348 2523 consolatus
363 2476 399 2521 es
411 2476 475 2521 me.
490 2460 637 2532 Quatuor
649 2458 755 2520 modis
775 2457 886 2519 visitat
939 2459 1046 2520 mines
1061 2461 1118 2536 qni
1143 2461 1260 2522 nolunt
1284 2476 1358 2521 cum
1373 2463 1441 2523 Deo
1460 2461 1583 2523 babere
1595 2466 1734 2539 partem,

88 2558 201 2619 oriens
216 2574 260 2619 ex
282 2558 349 2620 alto
365 2557 641 2635 quoslibetjustos
658 2577 665 2617 ι
682 2555 886 2618 exhibitione
939 2559 1121 2634 puniantur
1136 2558 1352 2634 asemetipsis
1366 2560 1479 2621 mutua
1494 2561 1637 2635 actione,
1649 2563 1738 2625 sicut

88 2655 259 2733 praecepti,
278 2655 458 2732 asperitate
473 2654 635 2730 martyrii,
656 2654 803 2715 novitate
816 2654 884 2715 mi·
939 2655 1025 2718 dixit
1037 2655 1140 2716 David
1152 2658 1348 2729 :Quousque
1362 2658 1502 2719 irruitis
1516 2660 1553 2718 iu
1566 2662 1733 2734 homiues,

87 2752 208 2825 racnli,
225 2753 259 2814 et
277 2752 496 2829 inspiratione
518 2750 641 2813 subtili.
665 2751 886 2813 Ecclttbitiouc
940 2752 1136 2824 truteuttcttts
1145 2756 1372 2814 urtiueusioos
1383 2751 1451 2832 (Ps.
1464 2752 1569 2833 61‚4).
1583 2757 1737 2834 seipsum

86 2850 252 2925 precepta
276 2850 318 2911 ed
349 2849 578 2921 erudiendum,
609 2849 686 2926 qnia
712 2848 886 2925 praeceptis
942 2847 1098 2911 interficit
1110 2848 1146 2909 in
1161 2849 1273 2910 anima
1288 2850 1345 2926 qui
1357 2849 1460 2911 alium
1472 2850 1506 2911 in
1521 2867 1633 2913 carne.

88 2946 271 3009 erudimur.
285 2947 482 3022 asperitate
493 2947 658 3021 utortprit
670 2945 712 3006 ad
723 2960 888 3007 coronan·
981 2945 1219 3008 subversiones
1234 2962 1254 3007 a
1272 2947 1370 3008 terrae
1386 2947 1540 3020 motibus,
1557 2948 1635 3026 quia
1651 2949 1738 3014 sicut

88 3045 179 3117 dum,
215 3044 294 3121 quia
327 3044 487 3121 martyrio
524 3058 681 3106 coronam
708 3058 885 3104 meremur.
940 3042 1021 3104 dicit
1047 3042 1164 3105 beatus
1186 3043 1365 3120 Gregorius
1380 3065 1387 3104 :
1403 3060 1421 3105 e
1436 3044 1631 3107 Audivimus
1650 3048 1736 3125 quod

88 3142 254 3206 Novitate
278 3145 450 3209 ruirucutt,
473 3141 510 3204 ut
535 3140 675 3202 tirmiter
697 3141 886 3203 astruamus
939 3141 1037 3202 terrae
1052 3140 1270 3202 motusurbes
1284 3141 1478 3203 innumeras
1493 3142 1738 3208 subruat.Non·

89 3240 122 3302 et
139 3239 281 3301 tirmiter
301 3238 485 3300 credamus.
506 3238 739 3313 inspiratione
759 3238 885 3310 subtili,
940 3238 1041 3299 nullae
1069 3239 1168 3300 etiam
1195 3239 1346 3301 civitates
1370 3240 1404 3300 et
1432 3240 1551 3318 oppida
1577 3243 1612 3303 in
1641 3243 1735 3307 lacus

88 3338 226 3416 ntjuste
247 3336 281 3399 et
293 3336 348 3414 pie
365 3335 406 3407 de
425 3337 493 3397 Deo
519 3334 712 3397 sentiamus.
735 3335 886 3411 Inspira-
940 3349 1100 3395 conversa
1115 3335 1202 3396 sunt.
1223 3336 1297 3396 »ut
1319 3335 1381 3396 hoc
1400 3337 1491 3412 justo
1510 3337 1570 3398 Dei
1593 3339 1735 3415 judicio,

89 3438 179 3499 tione
194 3435 295 3498 etiam
310 3433 424 3496 subtili
438 3433 597 3495 Dominus
617 3431 762 3509 quotidie
774 3431 887 3493 visitat
940 3432 977 3492 ut
990 3430 1141 3494 homines
1163 3431 1219 3509 qui
1240 3431 1446 3494 delectantur
1460 3433 1494 3493 in
1509 3435 1663 3508 terrenis,
1673 3454 1738 3514 pu-

90 3532 204 3595 tideles
214 3548 303 3603 suos,
314 3532 350 3593 ut
359 3530 565 3608 postmodum
580 3527 696 3605 probet
710 3544 777 3589 eos.
792 3527 886 3589 Unde
939 3528 1075 3589 niantur
1098 3544 1157 3605 per
1176 3531 1274 3591 terrae
1296 3529 1416 3601 motus,
1437 3531 1470 3591 et
1490 3531 1590 3591 etiam
1606 3531 1738 3597 discant

89 3631 233 3707 legitur:
255 3629 380 3690 Visttos
390 3629 708 3697 ttomtuesdituculo,
723 3625 756 3686 et
776 3626 886 3687 sistito
940 3625 1024 3686 nihil
1048 3641 1122 3686 esse
1148 3626 1267 3687 stabile
1286 3625 1320 3687 in
1344 3626 1408 3687 boc
1429 3626 1564 3700 mundo,
1585 3644 1661 3690 cum
1683 3631 1737 3692 vi-

88 3725 360 3804 proeaees(iob.
374 3740 432 3798 v11,
452 3724 515 3803 18).
532 3723 644 3785 Primo
666 3722 885 3784 hominesvi-
939 3723 1039 3785 deant
1065 3723 1165 3785 etiam
1191 3723 1314 3784 terram
1348 3722 1474 3784 subrui.
1499 3725 1594 3787 Unde
1617 3725 1735 3789 beatus

91 3827 166 3889 sitat
180 3839 242 3902 per
255 3823 367 3884 carnis
382 3820 652 3898 assumptionem,
668 3819 834 3892 videlicet,
849 3820 885 3880 in
938 3821 1164 3897 Augustinus:
1181 3837 1199 3879 s
1222 3820 1304 3892 Quid
1320 3821 1473 3897 ponimus
1499 3838 1557 3883 eor
1574 3823 1610 3884 in
1631 3825 1733 3901 terra

91 3920 306 3998 conceptione
320 3941 328 3994 ;
359 3918 504 3981 secundo
528 3934 587 3995 per
611 3917 703 3978 vocis
731 3915 885 3979 bumanae
939 3935 1013 3980 oum
1028 3918 1199 3979 videamus
1214 3918 1291 3994 quia
1304 3918 1464 3980 evertitur
1477 3921 1581 3981 terrai
1597 3938 1616 3982 u

91 4018 328 4082 correctionem
349 4016 385 4076 in
408 4015 667 4094 praedicatione:
697 4014 806 4087 tertio,
827 4030 887 4092 per
980 4015 1190 4077 Pestilentiae
1216 4014 1251 4074 in
1274 4015 1478 4093 corporibus,
1496 4018 1574 4093 quia
1598 4019 1734 4096 dignum

90 4115 422 4194 gratiaecollationem
432 4112 721 4190 injustificatione.
733 4112 885 4174 Diluculo
939 4110 989 4174 est
1014 4111 1050 4172 ut
1070 4110 1221 4171 homines
1245 4110 1301 4188 qui
1327 4111 1466 4187 diligere
1489 4113 1640 4175 nesciunt
1666 4114 1737 4177 nisi

91 4230 219 4294 quoque
241 4213 400 4275 Dominus
411 4210 535 4279 visitat,
552 4226 626 4271 cum
639 4209 763 4271 erroris
781 4209 886 4271 nostri
939 4225 1078 4287 corpora
1099 4225 1171 4280 sua,
1186 4207 1349 4270 feriantur
1362 4209 1471 4272 subita
1484 4212 1683 4289 pestilentia,
1697 4213 1732 4276 in

90 4312 243 4377 tenebras
258 4326 329 4372 suae
341 4309 426 4371 lucis
442 4307 630 4384 cognitione
644 4307 798 4370 illustrat.
816 4308 885 4369 Hoc
939 4322 1003 4384 qua
1027 4306 1074 4367 nil
1082 4306 1194 4367 valeat
1218 4306 1393 4367 medicina.
1409 4307 1502 4369 Unde
1528 4311 1733 4385 Gregorius:

90 4411 185 4473 modo
217 4407 367 4469 visitavit
396 4405 514 4469 Daniel
546 4407 731 4467 Susannam
762 4404 886 4482 injuste
938 4402 1187 4465 «Pestilentiae
1215 4403 1287 4464 sine
1315 4405 1501 4466 cessatione
1533 4407 1679 4483 patimur
1702 4424 1732 4469 u.
1853 4440 1881 4462 .›

90 4508 289 4575 damnatam,
315 4504 446 4582 quando
470 4519 490 4565 a
512 4502 628 4564 mortis
648 4502 885 4580 periculosam
939 4503 1056 4562 Fames
1071 4501 1200 4561 aterrae
1215 4499 1376 4563 fructibus
1391 4501 1636 4579 deficientibus;
1654 4505 1733 4582 quia

90 4605 245 4669 liberavit
261 4604 360 4682 Juxta
387 4601 562 4664 consilium
588 4599 754 4677 Sapientis
768 4616 776 4660 ε
789 4604 885 4662 Erite
938 4599 1074 4674 dignum
1102 4598 1153 4660 est
1186 4597 1222 4658 ut
1248 4597 1400 4660 homines
1431 4600 1488 4677 qui
1519 4602 1734 4665 contemnunt

88 4719 145 4767 eos
158 4705 219 4779 oui
231 4702 405 4765 ducuntur
422 4702 468 4761 ad
487 4698 647 4769 uwrtem,
674 4697 708 4758 et
730 4700 789 4771 qut
811 4697 887 4759 trau
938 4698 1042 4758 Deum
1057 4697 1192 4774 propter
1215 4697 1430 4758 voracitatem
1459 4713 1528 4759 suae
1547 4697 1646 4772 gulae,
1672 4715 1736 4775 pu-

89 4802 221 4865 buutur
242 4802 287 4861 ad
314 4799 519 4873 supplicium
546 4798 694 4857 liberare
712 4809 755 4856 ue
774 4808 886 4856 cesses
939 4794 1074 4856 niantur
1088 4793 1185 4855 lamis
1205 4793 1394 4855 afflictione.
1414 4793 1505 4854 Unde
1525 4793 1656 4856 dicebat
1677 4799 1735 4859 Je-

90 4898 202 4979 (Prov.
215 4911 312 4969 xxrv,
329 4892 393 4972 11).
938 4891 1061 4953 remias
1078 4912 1086 4950 :
1104 4893 1226 4952 Melius
1249 4890 1316 4964 suit
1339 4893 1462 4952 occisis
1482 4894 1606 4967 eladio,
1631 4909 1736 4967 ouum

126 4994 281 5059 Diluculo
312 4991 427 5054 visitat
453 4990 487 5052 et
510 4989 618 5052 subito
645 4988 776 5066 probat,
806 4988 884 5065 quia
939 4989 1130 5064 intersectis
1143 4990 1236 5063 same
1250 4987 1386 5065 (Thren.
1404 5003 1448 5058 1v,
1467 4986 1513 5067 9).
1530 4990 1689 5053 Terrores
1710 5008 1732 5056 a

88 5095 190 5158 etlam
210 5088 421 5156 accendendo
436 5087 537 5150 corda
561 5088 674 5150 nostra
690 5085 732 5147 ad
747 5086 886 5149 virtutes
939 5086 1045 5163 signis
1061 5083 1265 5159 scelestibus:
1282 5083 1360 5162 quia
1374 5083 1510 5161 dignum
1525 5088 1576 5148 est
1588 5088 1737 5152 utbomi⁶

89 5190 251 5270 provenit,
268 5190 302 5251 et
319 5185 505 5249 recedendo
527 5184 684 5246 contundi
703 5183 886 5246 tentatione
939 5200 998 5247 nes
1014 5183 1071 5261 qui
1095 5183 1211 5246 nolunt
1231 5184 1334 5244 Deum
1355 5182 1485 5255 timere,
1500 5184 1558 5261 qui
1581 5183 1673 5249 dedit
1686 5188 1736 5251 eis

89 5288 259 5370 permittit,
275 5287 309 5349 et
335 5284 409 5347 baec
429 5284 482 5345 est
499 5284 637 5346 mutatio
657 5282 803 5345 dexterae
819 5284 888 5343 Ex·
940 5281 1102 5360 praeclara
1121 5280 1300 5343 luminaria
1319 5279 1361 5341 ad
1382 5281 1572 5354 servitium,
1597 5282 1736 5349 timeant

89 5388 181 5455 celsi,
203 5388 259 5451 Aa
277 5385 508 5447 ostensionem
525 5384 724 5443 divinorum
737 5381 888 5452 judicto·
941 5377 1159 5455 eumasignis
1171 5378 1329 5455 coeliquae
1340 5378 1478 5440 veniunt
1491 5381 1613 5456 praeter
1625 5398 1733 5444 usum.

88 5503 187 5558 rum,
211 5483 292 5562 quia
318 5480 404 5542 sicut
426 5479 508 5542 dicit
533 5477 650 5541 beatus
678 5477 885 5554 Gregorius:
942 5475 1035 5539 Unde
1050 5475 1209 5538 Dominus
1223 5475 1258 5537 in
1273 5476 1453 5552 Evangelio
1470 5497 1478 5537 :
1495 5478 1612 5539 Erunt
1634 5483 1736 5557 storto

88 5602 105 5645 a
120 5584 155 5648 si
170 5586 260 5647 Deus
272 5577 366 5643 nulla
381 5577 469 5641 mala
484 5577 520 5640 in
534 5576 598 5640 boc
613 5574 735 5639 mundo
750 5576 889 5654 permit·
941 5578 979 5637 iu
990 5579 1059 5638 sole
1069 5574 1102 5638 et
1112 5579 1194 5637 tuuo
1208 5574 1242 5636 et
1253 5574 1360 5638 stellis
1374 5572 1468 5652 (Luc
1484 5590 1556 5648 xxr,
1572 5574 1635 5656 15).
