3802 6166
125 333 186 394 3111

768 338 986 443 EPISTOLAE
1007 344 1086 405 LIB.
1109 344 1138 405 1.

1718 346 1781 407 362

170 495 258 555 Saue
282 492 479 557 factumest
503 509 608 573 nuper
631 511 651 557 a
674 496 928 577 Domino,quad
983 502 1187 567 nilicentiam
1223 519 1261 566 se
1294 502 1430 580 dignum
1462 501 1616 569 exhibuit
1645 503 1778 583 imperii
1885 558 1889 567 .

126 590 644 670 imperioConstantinopolitano
658 596 808 669 vacante,
824 614 928 660 voca·
983 601 1154 678 dignitate,
1179 603 1353 679 provectus
1377 602 1418 664 de
1440 603 1563 665 virtute
1577 601 1729 683 proficiet
1742 602 1779 665 iu

127 691 183 750 tus
207 690 248 750 ad
273 690 354 750 illud
382 691 598 753 charissimus
622 694 657 753 in
684 694 814 756 Christo
838 696 927 757 tilius
982 700 1155 772 virtutem,
1184 700 1227 761 ad
1262 701 1422 762 honorem
1458 703 1490 763 et
1525 701 1665 777 gloriam
1699 704 1779 765 iesu

125 788 241 848 noster
256 791 293 848 P.
304 788 603 851 Autissiodorensis
617 807 738 864 comes,
752 792 794 853 ad
810 794 928 855 Sedem
984 798 1116 867 Christi,
1134 799 1166 860 et
1179 798 1280 860 totius
1298 799 1410 876 populi
1426 799 1617 861 Christiani.
1635 800 1777 862 Nauaris

123 886 350 962 apostolicam
372 903 447 948 cum
471 888 575 948 nobili
595 889 734 950 muliere
757 893 795 962 l.,
820 908 927 953 uxore
982 896 1104 966 autem,
1129 894 1214 971 quod
1243 912 1304 956 nos
1325 896 1433 956 eidem
1449 896 1665 973 injunximus,
1691 896 1778 975 quod

125 999 200 1055 sua,
216 999 260 1044 01
274 984 441 1061 insperato
457 985 605 1057 veniens,
622 986 718 1048 nobis
741 992 927 1065 opportune
981 992 1053 1064 tibi,
1071 994 1104 1054 01
1117 993 1267 1055 ecclesiae
1287 995 1351 1055 tuae
1367 994 1407 1055 de
1422 994 1573 1055 omnibus
1585 995 1780 1073 juribus-et

126 1082 326 1158 importune,
338 1082 372 1142 in
387 1084 584 1145 omnimodae
598 1085 796 1147 humilitatis
807 1087 927 1163 spiritu
982 1091 1274 1153 consuetudinibus
1308 1092 1425 1154 debeat
1459 1093 1608 1170 plenarie
1637 1110 1778 1170 respon-

127 1180 343 1257 supplicavit,
373 1181 602 1257 multiplicatis
631 1183 927 1246 intercessionibus
982 1188 1071 1249 dere.
1087 1190 1205 1250 Datum
1229 1190 1395 1262 Laterani,
1414 1193 1443 1250 11
1457 1191 1532 1252 idus
1546 1191 1674 1269 0011110,
1692 1206 1777 1269 001.-

127 1277 347 1354 plurimorum
378 1295 445 1340 nou
472 1280 579 1341 solum
608 1282 839 1355 exorantium,
870 1283 926 1343 sed

128 1375 230 1436 etiam
246 1374 479 1437 obtestantium
495 1377 678 1439 innomine
696 1381 776 1442 iesu
791 1379 925 1449 Christi,

129 1475 168 1534 ut
191 1473 406 1548 dignaremur
428 1474 537 1552 ipsum
560 1476 595 1536 in
619 1475 869 1553 imperatorem,
894 1482 927 1541 et

127 1586 268 1631 uxorem
290 1587 384 1632 suam
407 1573 443 1633 in
470 1573 725 1650 imperatricem,
739 1575 780 1635 de
804 1578 925 1638 nostrae

127 1670 301 1745 potestatis
316 1669 520 1745 plenitudiue
535 1687 704 1733 coronare.
719 1674 787 1734 Nos
801 1674 922 1746 autem,

128 1766 209 1829 11001
233 1766 267 1826 id
294 1767 418 1844 pluries
451 1768 706 1846 denegassemus
733 1770 925 1844 eisdem‚ne

128 1865 202 1941 quis
224 1867 353 1941 posset,
377 1867 526 1943 quamvis
549 1867 589 1928 de
609 1867 790 1945 superfluo,
814 1870 926 1947 suspi-

127 1963 209 2033 cari,
225 1963 310 2040 quod
328 1964 365 2025 in
376 1964 534 2025 Ecclesiae
550 1966 925 2043 constantinopolitane

125 2062 357 2139 praejudicium
379 2062 574 2136 faceremus,
594 2065 671 2141 quia
692 2065 804 2127 tamen
822 2066 924 2127 time·

124 2158 224 2220 batur
239 2176 258 2221 a
274 2161 397 2232 multis,
421 2177 463 2222 ne
482 2162 511 2222 si
536 2163 625 2223 sica
648 2162 744 2224 1101110
766 2162 924 2224 00111010

124 2257 330 2326 abscederet,
357 2275 423 2320 uon
449 2260 556 2320 solum
583 2259 657 2333 sibi,
684 2262 740 2322 sed
769 2263 923 2324 universo

124 2356 266 2433 imperio
284 2372 385 2432 graue
402 2357 610 2434 dispendium
624 2358 823 2430 immineret,
838 2375 922 2420 con-

123 2453 363 2517 descendentes
376 2456 520 2524 tandem,
537 2457 627 2533 ipsos
642 2456 714 2518 sine
730 2458 795 2529 tuo,
811 2456 863 2518 vel
878 2457 924 2518 al·

123 2552 230 2614 terius
243 2553 437 2630 praejudicio
450 2554 502 2614 rel
517 2556 716 2631 contemptu,
731 2555 766 2614 iu
781 2555 921 2616 ecclesia

123 2652 162 2712 Β.
183 2651 355 2713 Laurentii
380 2650 461 2711 ioris
487 2668 600 2713 muros
629 2653 736 2724 urbia,
765 2653 921 2713 duximus

125 2748 321 2809 solemniter
335 2750 552 2810 coronandos.
568 2750 659 2821 Quod
673 2750 715 2810 ad
731 2751 793 2811 hoc
809 2751 921 2812 divino

126 2846 211 2906 nutu
231 2846 395 2907 credimus
420 2862 493 2908 0000
508 2849 629 2919 actum,
651 2850 687 2908 ut
701 2864 801 2925 quum
816 2849 922 2926 impe-

125 2944 256 3004 ratores
290 2945 660 3021 constantinopolitani,
696 2947 753 3023 qui
786 2945 922 3007 inerunt

120 3056 185 3119 pro
200 3042 357 3119 tempore,
372 3058 475 3103 cornu
491 3043 655 3119 superbiae
667 3046 783 3105 contra
798 3047 922 3106 Rorna-

120 3154 203 3200 nam
223 3140 403 3200 Ecclesiam
419 3141 594 3215 erigentes,
614 3141 782 3217 dedignati
795 3141 922 3202 suerint

119 3252 361 3312 recognoscere
372 3238 479 3313 ipsam
490 3241 627 3299 matrem
639 3240 785 3300 omnium
797 3239 920 3301 Christi

120 3334 272 3397 fidelium
296 3335 502 3411 generalem,
530 3338 773 3414 propterquod
802 3337 843 3397 ab
872 3337 920 3397 eis

119 3432 301 3510 imperium
315 3436 365 3494 est
380 3434 588 3502 translatum,
610 3451 698 3495 uuna
718 3436 752 3495 in
772 3435 921 3496 Ecclesia

120 3531 285 3607 generali,
309 3547 370 3592 nec
391 3532 568 3609 vestigium
592 3533 752 3609 appareat
773 3533 919 3609 pertidiae

120 3629 352 3706 praecedentis,
366 3629 428 3692 1010
441 3631 598 3707 tauquam
612 3630 740 3701 devota,
754 3631 787 3692 et
802 3630 920 3691 humili

119 3726 192 3787 illio
216 3742 237 3787 a
263 3729 397 3787 Summo
421 3727 581 3788 Pontilloe
604 3730 790 3790 coronato:
816 3744 919 3805 quare

121 3825 295 3901 generatio
317 3826 350 3885 et
370 3826 541 3900 generatio
567 3825 703 3887 laudent
724 3842 825 3903 opera
850 3829 919 3886 Do-

120 3922 217 3993 mini,
236 3923 302 4000 qui,
329 3923 514 4000 suscipiens
539 3926 741 3996 mansuetae,
759 3923 919 4002 usquead

120 4018 248 4083 terram
276 4020 431 4083 humiliat
456 4022 657 4097 peccatores.
687 4024 792 4094 Quum
819 4022 921 4097 igitur

119 4117 340 4195 beneplacitis
356 4118 478 4179 nostris
494 4122 536 4191 te,
554 4120 710 4195 tanquam
726 4119 921 4181 honorabile

121 4215 306 4277 membrum
327 4216 438 4291 capiti,
463 4215 598 4293 obsequi
621 4216 736 4278 deceat
750 4217 921 4277 humiliter

122 4316 157 4375 et
182 4312 310 4385 devote,
333 4313 574 4375 fraternitatem
596 4316 686 4374 tuam
711 4330 866 4389 rogamus
889 4316 921 4374 et

121 4425 296 4471 monemus
319 4410 493 4480 1110111110,
511 4409 771 4487 00111000101100
797 4410 921 4485 scripta

121 4506 329 4576 mandantes,
345 4507 507 4584 quatenus
527 4507 612 4584 quod
637 4522 697 4582 per
721 4522 782 4567 uos
811 4508 920 4566 actum

121 4607 184 4676 est,
200 4604 265 4664 imo
283 4620 342 4680 per
357 4605 578 4665 ministerium
595 4606 744 4665 nostrum
760 4604 920 4665 Dominus

119 4702 229 4765 voluit
251 4703 394 4779 operari,
411 4703 581 4778 gratanter
605 4704 793 4779 acceptans
808 4702 918 4778 irnpe-

119 4788 267 4861 ratorem
287 4800 480 4876 praedictum
505 4799 545 4859 ad
576 4800 696 4860 salium
724 4817 820 4860 suum
844 4817 919 4860 curn

120 4900 246 4960 nostrae
262 4898 379 4973 gratiae
399 4897 603 4974 plenitudine
619 4897 829 4959 accedentem
845 4914 921 4958 sus-

120 4996 228 5073 cipias
244 4995 397 5057 hilariter
411 4997 443 5056 et
459 4995 612 5070 benigne,
628 4996 801 5071 paternum
817 4994 921 5055 affec-

120 5094 192 5155 tum
228 5108 308 5168 erga
343 5093 450 5168 ipsum
485 5092 683 5153 omnimodis
718 5091 916 5153 exhibendo.

121 5195 304 5268 Spernmus
333 5191 462 5266 itaque,
491 5191 577 5267 quod
606 5192 639 5252 et
666 5190 753 5267 ipse,
782 5190 838 5266 qui
868 5189 920 5250 vir

121 5288 308 5350 catholicus
321 5288 439 5360 extitit,
453 5303 541 5347 nunc
554 5294 574 5346 a·
587 5288 726 5349 Domino
741 5286 917 5359 exaltatae,

119 5387 214 5449 tanto
235 5388 338 5446 Deum
354 5386 387 5445 et
401 5384 581 5446 Ecclesiam
597 5385 740 5446 studebit
761 5384 919 5445 humilius

120 5483 288 5554 revereri,
321 5483 451 5560 quando
481 5500 516 5543 se
541 5485 753 5558 recognoscet
775 5483 919 5559 priorem

120 5581 267 5658 gratiam
297 5580 481 5657 accepisse,
509 5582 542 5642 01
569 5581 625 5658 qui
666 5580 828 5642 hacteuus
860 5598 920 5658 per

119 5677 405 5756 magnanimitatis
424 5678 591 5751 uirtutem,
614 5680 647 5741 et
667 5692 804 5759 operum
825 5694 920 5755 mag-

975 1285 1125 1348 tiilcatus
1140 1288 1247 1349 nostri
1260 1303 1348 1350 anuo
1364 1289 1483 1366 primo.

1299 1448 1461 1535 CCXCV

980 1608 1032 1667 Ad
1054 1608 1271 1670 Demetrium
1291 1623 1411 1685 repam
1434 1612 1776 1674 Thessalonicensem.

1274 1757 1383 1831 13101.
1404 1758 1483 1817 lali.

1011 1853 1122 1920 [liegest.
1135 1855 1181 1906 lib.
1196 1856 1217 1913 1,
1230 1855 1305 1921 epist.
1320 1855 1375 1906 3711.
1393 1856 1453 1909 bias.
1466 1856 1588 1907 101Ρο110
1601 1855 1636 1907 da
1651 1856 1744 1922 111011]

1051 1991 1161 2063 Recipit
1182 2006 1248 2049 eum
1266 1991 1321 2049 suh
1335 1992 1512 2065 protectione
1525 1991 1601 2049 beati
1616 1992 1702 2050 Petri.

1019 2133 1196 2203 Honorius,
1215 2131 1291 2201 010.,
1310 2132 1482 2194 carissimo
1505 2133 1539 2194 in
1562 2133 1691 2195 Christo
1706 2134 1775 2197 tilia

979 2231 1156 2301 Demetrio,
1173 2229 1295 2290 illustri
1308 2231 1380 2306 regi
1401 2231 1671 2293 Thessalonicen.

1019 2330 1058 2388 111
1071 2330 1137 2388 tuae
1152 2329 1290 2404 puerilis
1306 2329 1413 2390 aetatis
1432 2329 1644 2413 imbecillitas
1657 2330 1772 2405 exigit,

978 2427 1010 2486 et
1034 2425 1125 2486 clara
1154 2426 1265 2487 dilecti
1289 2427 1350 2487 tilii
1378 2426 1498 2488 nobilis
1522 2427 1588 2488 riri
1611 2426 1775 2489 Willehui

977 2524 1180 2584 marchionis
1208 2524 1446 2586 llontislerrati
1475 2525 1589 2586 fratris
1616 2525 1681 2596 tui,
1712 2541 1781 2589 nec

977 2639 1043 2683 non
1084 2621 1270 2683 recolendae
1316 2623 1485 2684 memoriae
1526 2624 1776 2700 progenitorum

976 2719 1108 2780 11101111
1130 2720 1248 2780 merita
1268 2722 1509 2795 promerentur,
1529 2722 1564 2782 ut
1583 2720 1775 2797 Apostolica

978 2816 1089 2887 Sedes,
1120 2816 1174 2876 cui
1201 2832 1330 2893 semper
1354 2817 1465 2878 deuoti
1498 2817 1583 2879 sicut
1616 2816 1773 2879 catholici

977 2913 1554 2990 01110100001111011111,1111111101ἰο
1568 2915 1619 2982 sui
1630 2913 1774 2990 gratiam

976 3010 1095 3072 debeat
1120 3010 1288 3072 exhihere.
1313 3012 1398 3073 Hinc
1420 3013 1470 3073 est
1492 3012 1578 3089 quod
1598 3027 1775 3088 personam

975 3110 1008 3169 01
1030 3123 1170 3183 regnum
1183 3109 1274 3168 tuum
1298 3124 1372 3168 cam
1392 3108 1545 3168 omnibus
1560 3106 1771 3185 pertinentiis

976 3208 1058 3283 ejus,
1082 3206 1115 3266 et
1133 3205 1210 3267 aliis
1225 3205 1320 3265 bonis
1341 3205 1421 3277 tuis,
1445 3204 1505 3265 suh
1527 3205 1615 3268 beati
1635 3206 1724 3268 Petri
1740 3205 1774 3268 et

976 3304 1089 3362 nostra
1104 3301 1308 3380 protectione
1324 3301 1533 3379 suscipimus,
1550 3304 1582 3363 01
1599 3303 1772 3379 0100001110

976 3386 1091 3475 0011011
1106 3398 1292 3476 0011001110
1307 3399 1558 3471 communimus,
1575 3400 1772 3461 auctoritate

976 3495 1413 3574 01000011111101011011100,
1438 3498 1473 3558 ut
1499 3513 1539 3558 ea
1563 3496 1690 3559 tamdiu
1712 3495 1773 3559 sub

976 3594 1113 3672 speciali
1135 3593 1332 3670 apostolicae
1356 3594 1449 3655 Sedis
1474 3594 1665 3657 defensione
1690 3610 1773 3655 aon-

977 3692 1105 3763 sistaut,
1121 3691 1225 3752 donec
1238 3691 1420 3767 legitimam
1434 3693 1626 3768 perveneris
1641 3692 1682 3753 ad
1696 3692 1773 3753 0010-

976 3791 1052 3851 1011.
1079 3789 1170 3850 Nulli
1195 3805 1285 3865 ergo,
1311 3790 1386 3862 010.,
1413 3791 1535 3851 nostrae
1557 3789 1772 3867 protectionis

976 3888 1009 3949 et
1028 3887 1285 3957 constitutionis,
1311 3889 1373 3947 etc.
1400 3888 1435 3947 Si
1461 3887 1535 3965 quis
1561 3889 1683 3959 autem,
1709 3887 1773 3949 010.
1870 3896 1875 3907 “

976 3986 1095 4046 Datum
1107 3986 1275 4058 Laterani,
1290 3984 1399 4046 idibus
1417 3985 1543 4063 aprilio,
1561 3984 1772 4063 pontificatus

976 4082 1080 4145 nostri
1093 4098 1180 4144 anno
1193 4084 1311 4160 prima.

1283 4225 1465 4312 ualuit

976 4405 1027 4464 Ad
1045 4404 1276 4479 praeposit-am
1296 4403 1331 4463 et
1350 4406 1532 4465 casiatticus
1559 4406 1708 4467 ecelesiae
1730 4404 1775 4469 de

1188 4503 1236 4561 Lo
1254 4501 1443 4561 Moriaaeas.
1463 4504 1559 4563 dicae.

1272 4631 1484 4702 lemanna

977 4752 1133 4819 [Hellebeka
1147 4752 1289 4805 cartulaire
1302 4754 1333 4803 de
1348 4752 1464 4817 l'abbaye
1476 4753 1508 4802 de
1520 4752 1646 4803 St-Pierre
1662 4751 1695 4803 de
1709 4752 1775 4815 noo,

1092 4842 1129 4906 ⁴,de
1141 4842 1236 4892 l'ordre
1243 4842 1274 4891 de
1283 4843 1307 4893 S.
1321 4840 1546 4905 transumpta,
1560 4855 1586 4890 1.
1600 4842 1651 4904 33].

975 4974 1109 5036 Concedit
1131 4976 1282 5044 Honorius,
1297 4974 1349 5032 sub
1369 4973 1538 5047 quibusdam
1562 4974 1773 5035 conditionibus

1016 5064 1165 5121 canonicis
1188 5066 1216 5122 S.
1241 5065 1329 5132 Petri,
1349 5064 1530 5137 privilegium
1555 5062 1650 5121 divina
1677 5064 1773 5124 olhcia

1018 5151 1190 5223 celebrandi,
1206 5152 1292 5209 etiam
1307 5152 1337 5208 in
1356 5159 1484 5224 tempore
1498 5151 1649 5210 interdicti.

1018 5288 1185 5349 Honorius
1221 5288 1411 5365 episcopus,
1446 5304 1563 5351 servus
1598 5304 1771 5351 servorum

975 5387 1045 5456 Dei,
1073 5386 1202 5446 dilectis
1229 5385 1307 5446 tiliis
1335 5385 1512 5461 praeposito
1538 5386 1571 5446 et
1599 5387 1769 5448 canonicis

974 5481 1617 5554 00010οἰ001000110111010101110000010,
1630 5482 1781 5572 salutem¹

974 5580 1007 5643 et
1018 5579 1241 5656 apostolicam
1257 5578 1530 5640 benedictionem.

1015 5677 1106 5739 Solet
1126 5692 1274 5739 annuere
1297 5675 1398 5738 Sedes
1416 5676 1606 5754 apostolica
1626 5677 1690 5753 piis
1710 5691 1779 5738 vo»
