3794 6166
731 276 906 337 llbxuitll
929 274 1147 339 11101³Enn
1717 270 1770 335 ἢ

119 284 180 347 295

119 458 232 509 annuo
247 442 377 505 redditu
390 434 502 501 docem
519 434 679 499 librarum
689 435 912 513 imperialium
966 440 1001 500 ot.
1034 436 1310 501 confirmantibus
1349 434 1501 499 domino
1543 430 1692 495 omum
1722 448 1772 495 ar-

119 542 303 623 etqtratuor
311 540 530 618 plaustrorum
544 536 622 597 loni
637 536 811 597 contentus
821 534 913 595 ‹exis-
966 536 1219 615 cbipresbvtero
1256 536 1416 599 Brixien.
1448 532 1625 597 eeclestae„
1654 532 1770 595 donno

119 646 218 715 tab...
248 656 309 701 nec
337 637 422 699 ultra
448 636 509 697 boc
533 634 709 713 ‹pricquam
732 634 766 695 iu
796 634 912 695 elidem
966 632 1527 713 Jacoboarclridiaconoejmdem
1539 632 1771 693 ercksimo-

119 741 308 819 episcopatu
324 735 386 796 sibi
398 734 494 796 liccat
507 734 694 795 verulicare.
711 732 804 795 Unde
817 732 912 793 nobis
967 734 1056 795 mino
1067 730 1615 813 rlmlomeopraepositoejusdem
1624 728 1769 801 ecdesit,

118 838 289 901 buruilitcr
303 832 507 911 supplicasti,
525 835 560 893 ut
575 832 662 893 idom
678 834 836 893 statutum
856 848 914 893 ro-
966 832 1101 893 domiuo
1111 833 1247 895 Allrcrto
1258 831 1571 911 archipresbyter]
1581 830 1699 890 ruatis
1706 830 1769 899 vici

117 936 181 999 bur
191 934 376 995 laceremus
387 931 551 992 tirmitatis
565 930 699 998 battere,
711 933 806 1008 cujus
817 932 913 991 tenor
967 932 1125 1007 stragistro
1140 931 1328 993 bantranco
1342 930 1613 993 det‘itbalasco.
1630 928 1771 1003 martra

115 1027 910 1100 esibilis2111nominetiomini.Nosnlbcrtus,
967 1030 1111 1091 blartino
1147 1030 1443 1107 archipresbitero
1460 1028 1623 1095 -t'ixani,
1656 1026 1771 1087 danim

116 1132 176 1197 Dei
188 1130 296 1209 gratia
309 1128 456 1191 llrixien.
468 1126 914 1205 episcopus,attentoJconsi-
968 1130 1148 1205 Flamengo
1164 1128 1342 1200 blanervii,
1363 1126 1508 1189 domino
1534 1125 1721 1201 Peregrina
1741 1124 1772 1183 de

116 1230 270 1293 demutas
294 1226 378 1305 quod
401 1226 436 1287 in
462 1225 615 1287 omuibus
644 1223 855 1287 conterendis
881 1225 914 1287 et
968 1226 1050 1299 litto,
1077 1226 1211 1288 domiuo
1229 1226 1413 1288 Mantelmo
1432 1224 1630 1301 hugonem.
1654 1222 1771 1283 domiuo

967 1322 1771 1393 nzzcnre'l'urbiadi,omuibuscanonicisBrixien.

10 1328 15 1337 '
117 1327 243 1407 puriter
262 1324 456 1402 expetendis
474 1324 584 1399 gratia
605 1323 784 1386 fructillcat
803 1325 836 1386 ct
853 1340 914 1385 ve-

117 1426 199 1491 ritas
219 1423 403 1496 invalescit,
429 1422 458 1483 si
479 1422 607 1495 modus,
633 1424 763 1499 tempus
782 1424 816 1483 et
837 1422 913 1483 nnis

117 1521 309 1601 diligentius
330 1520 520 1584 attendatur
538 1520 578 1581 do
597 1519 722 1581 incerto
746 1520 820 1581 tleri
839 1536 916 1581 cor-

8 1660 19 1713 ,·
116 1624 198 1691 tuni,
213 1620 299 1683 etde
313 1619 412 1681 dubio
436 1618 660 1696 disposuimus
679 1616 790 1679 lacere
812 1618 915 1679 mani·

116 1720 248 1783 testum.
263 1722 368 1792 Quum
384 1734 463 1793 ergo
480 1717 702 1789 cousuetudo,
728 1717 828 1779 immo
850 1732 913 1794 po-

118 1818 186 1883 tius
213 1816 420 1895 corruptela,
451 1814 715 1877 vicedominatus
743 1814 777 1875 iu
802 1817 913 1877 eccle-

119 1916 170 1979 sia
185 1916 334 1979 Brixien.
355 1916 517 1977 hactonus
540 1914 641 1975 inerit
654 1928 796 1975 onerosa
812 1914 846 1975 et
867 1913 916 1973 iu·

119 2014 354 2093 terepiscopos
376 2014 408 2074 et
423 2011 660 2083 vicedominos,
678 2012 734 2087 qui
750 2026 810 2087 pro
826 2012 913 2073 tom-

120 2128 201 2192 pore
233 2112 378 2184 luerunt,
404 2110 480 2172 odia
511 2110 544 2171 et
578 2110 807 2172 contentiones
844 2108 914 2170 tre-

121 2210 275 2289 queniius
304 2210 460 2279 incitant,
488 2208 694 2270 attententes
723 2208 824 2269 etiarn
856 2207 916 2268 de-

120 2307 224 2373 bitum
245 2308 422 2369 imminens
442 2306 596 2385 episcopo
617 2306 765 2367 Brixien.
794 2309 829 2367 et
848 2306 915 2367 mi-

120 2408 328 2471 norationem
354 2406 574 2482 proventuum
598 2404 853 2482 episcopalium,
883 2407 917 2466 et

120 2506 271 2586 iusuper,
288 2505 422 2584 propter
438 2519 577 2581 guerras
592 2503 765 2565 diuturnas
780 2505 813 2565 ot
827 2503 914 2565 civi-

120 2604 170 2667 les
184 2603 379 2675 discordias,
401 2605 508 2665 terras
521 2604 555 2663 et
576 2602 688 2663 curias
707 2602 916 2680 episcopatus

121 2705 217 2783 quasi
256 2702 391 2766 omniuo
434 2701 640 2773 destructas,
677 2700 801 2761 idcirco
841 2716 915 2761 cum

121 2802 269 2863 maxima
297 2799 549 2871 deliberatione,
587 2798 700 2860 habito
726 2814 826 2876 super
853 2798 916 2860 boc

122 2898 262 2963 fratrum
294 2898 487 2962 nostrorum
514 2896 674 2969 consilio,
705 2899 738 2960 et
766 2896 915 2973 diligenti

122 3000 265 3062 tractatu
286 2998 414 3077 pariter
428 2998 461 3057 et
484 3010 665 3070 consensu3
689 2995 865 3057 statuimus
885 2994 918 3056 et

122 3098 315 3159 ordinamus
339 3098 385 3168 ut,
403 3094 591 3171 quicunque
615 3092 655 3153 de
677 3094 799 3155 coetero
817 3093 918 3156 suerit

122 3196 362 3267 vicedominus,
386 3193 499 3253 decem
522 3191 616 3251 libris
638 3191 861 3269 imperialium
886 3193 919 3253 et

124 3288 918 3371 quatuorplaustristocnimoderatis,juntaquau·

125 3393 250 3455 litatem
278 3392 502 3469 plaustrorum
530 3404 604 3466 quae
639 3388 680 3449 ad
713 3389 917 3466 episcopium

123 3491 371 3569 pertrabuntur,
394 3487 457 3548 sibi
475 3487 516 3548 ab
543 3489 616 3563 ipso
639 3487 830 3563 episcopatu
856 3503 919 3548 au-

122 3590 267 3651 nualiter
293 3586 535 3665 persolvendis,
563 3586 598 3645 iu
622 3585 774 3646 omnibus
803 3586 835 3646 et
859 3602 918 3662 pro

121 3687 275 3751 omuibus
289 3702 362 3763 quae
378 3685 437 3746 alii
458 3683 659 3745 vicedomini
676 3683 732 3760 qui
752 3699 810 3760 pro
834 3685 920 3745 tom-

121 3804 202 3867 pore
214 3786 348 3847 lueruut
362 3784 402 3845 ab
418 3781 583 3859 episcopis
603 3782 637 3841 et
657 3781 824 3858 episcopio
844 3782 920 3842 Bri-

123 3886 213 3947 xien.
228 3882 407 3960 aliquando
423 3879 623 3949 babuerunt,
647 3879 852 3941 solummodo
877 3880 920 3942 sit

122 3986 308 4044 contentus.
334 3980 382 4039 Ad
404 3979 476 4038 liaec
495 3978 595 4038 etiam
620 3976 807 4048 statuimus,
833 3982 869 4038 ut
888 3980 919 4038 ci

122 4081 181 4159 qui
205 4093 265 4155 pro
287 4080 436 4152 tempore
457 4074 557 4135 luerit
579 4074 806 4135 vicedominus
829 4076 919 4137 nullo

123 4178 221 4241 modo
235 4176 346 4243 liccat,
354 4173 528 4234 occasione
539 4172 640 4233 ollicii
646 4173 918 4246 vicedominatus,

125 4276 241 4341 curias
265 4273 477 4352 episcopatus
499 4271 593 4333 adire
620 4288 681 4333 nec
705 4272 831 4350 aliquid
857 4272 921 4333 sibi

122 4377 160 4440 iu
174 4375 367 4454 episcopum
387 4374 456 4432 et...
472 4370 525 4432 vel
547 4371 587 4431 de
612 4371 779 4448 episcopio
800 4371 921 4433 veruli-

122 4492 213 4547 care,
229 4476 287 4535 aut
300 4487 386 4533 ausu
399 4470 579 4532 temerario
601 4485 775 4546 usurpare,
801 4472 922 4547 prater

122 4576 157 4639 id
180 4572 268 4654 quod
291 4572 334 4633 de
351 4569 489 4648 speciali
512 4568 668 4629 mandato
689 4568 836 4644 episcopi
857 4568 921 4628 sibi

122 4675 224 4737 tuerit
240 4670 451 4750 permissum.
473 4666 578 4729 Nobis
597 4666 701 4743 igitur
719 4681 785 4727 non
810 4665 922 4726 sitias

122 4790 184 4835 nec
199 4767 449 4832 successoribus
468 4765 592 4827 uostris
613 4767 730 4825 contra
751 4764 838 4825 bano
862 4780 924 4842 pa-

123 4872 237 4946 ginam
252 4872 374 4931 nostrae
388 4863 639 4929 constitutionis
652 4863 778 4924 venire.
799 4863 834 4923 Si
849 4863 922 4941 quis

124 4972 236 5028 autem
262 4966 325 5026 boc
356 4966 521 5026 attentare
545 4960 805 5040 praesumpserit,
835 4960 924 5020 iudi-

125 5064 317 5140 gnationem
340 5061 577 5138 omnipotentis
606 5060 665 5121 bei
693 5062 726 5120 et
751 5058 922 5120 beatorum

126 5163 310 5236 Martyrum
325 5160 476 5219 Faustini
491 5160 524 5219 ct
537 5159 668 5229 Jovitae,
684 5160 783 5233 atque
793 5156 925 5217 contes-

130 5272 243 5319 sorum
256 5256 432 5332 Appolouii
445 5260 479 5317 et
493 5257 641 5317 Filastrii
664 5271 700 5317 se
720 5255 851 5316 noverit
871 5255 926 5314 iu-

129 5369 318 5418 cursurum.
332 5353 509 5414 Constituit
523 5356 556 5414 et
573 5353 741 5415 ordinavit
759 5370 818 5415 seu
839 5370 923 5415 cou-

129 5451 273 5515 lirmavil
287 5450 482 5511 haecomnia
495 5467 568 5527 quae
583 5452 736 5528 superius
750 5453 926 5512 contineu-

127 5556 194 5621 tur,
219 5548 372 5610 dominus
394 5547 561 5621 Albertus,
578 5550 637 5610 bei
651 5550 760 5627 gratia
775 5551 921 5613 Brixien.

129 5650 316 5729 episcopus,
340 5644 562 5725 praesentibus
584 5650 618 5709 et
642 5648 926 5713 consentientibus

968 1424 1131 1496 ecclesiae,
1146 1424 1200 1486 die
1220 1423 1310 1485 lunae
1328 1424 1479 1485 exeunte
1501 1436 1600 1483 nouo
1616 1418 1770 1499 januaria

970 1525 1007 1584 lu
1045 1522 1189 1584 ecclesia
1226 1520 1347 1600 majori
1382 1522 1523 1583 Sanctae
1558 1520 1684 1581 Mariae
1713 1518 1773 1579 Bri-

969 1620 1074 1693 nien„
1102 1637 1191 1683 anno
1226 1619 1360 1683 Domini
1388 1618 1502 1681 nostri
1538 1618 1628 1680 Jesu
1667 1615 1772 1677 Christi

970 1720 1155 1791 mccxvn,
1186 1718 1291 1780 ludio.
1318 1720 1358 1779 V.
1384 1718 1509 1779 Testes
1532 1716 1769 1786 interfuerunt,

969 1818 1122 1879 dominus
1138 1816 1301 1879 Rodult'us
1326 1816 1422 1894 prior
1441 1816 1629 1887 ProvalliL
1646 1813 1772 1892 presbv-

970 1916 1021 1977 ter
1034 1916 1201 1977 (berardus
1222 1918 1255 1977 S.
1272 1913 1428 1987 Andreae,
1444 1914 1613 1976 dominus
1629 1913 1773 1975 Balianns

970 2013 1238 2091 archipresbyter
1261 2012 1478 2090 Garguagni,
1512 2012 1680 2074 dominus
1706 2014 1774 2073 Ber·

970 2111 1103 2175 tholdus
1130 2110 1403 2190 archipresbiter
1428 2112 1593 2183 Buarni,
1630 2112 1776 2187 magister

970 2211 1170 2273 ltrachulins
1197 2210 1238 2273 de
1262 2209 1424 2281 Sorbolis,
1453 2210 1633 2287 capellan.
1661 2208 1774 2271 domiui

970 2309 1134 2387 episcopi,
1151 2309 1306 2370 dominus
1320 2308 1476 2370 Albertus
1499 2307 1711 2379 Plumicelli,
1733 2306 1775 2368 si·

971 2409 1094 2471 militer
1110 2408 1286 2485 capellam,
1302 2406 1445 2469 Gozolas
1461 2407 1618 2469 clericus
1633 2406 1775 2469 ecclesia

971 2508 1102 2569 Sanctae
1128 2506 1244 2568 blarioe
1270 2506 1313 2567 de
1348 2504 1526 2577 Calcaria,
1567 2508 1776 2567 Bonacnrsus

971 2604 1152 2683 darguaui,
1169 2607 1187 2667 J
1192 2604 1325 2665 ulianus
1339 2604 1373 2664 et
1390 2602 1573 2665 aribertus
1590 2604 1734 2676 notarii,
1749 2603 1778 2664 et

970 2705 1083 2783 plures
1095 2703 1155 2764 alii
1169 2702 1278 2766 vocati
1291 2703 1324 2764 et
1336 2701 1458 2777 rogati.

1010 2805 1080 2863 Nos
1101 2802 1203 2878 igitur
1217 2802 1284 2863 tuis
1299 2799 1454 2878 precibus
1478 2798 1656 2873 inclinati,
1679 2800 1779 2861 statu-

971 2903 1040 2964 tum
1067 2900 1186 2977 ipsum,
1209 2898 1448 2976 sicntprovide
1469 2898 1691 2975 dignoscitur
1710 2912 1778 2960 esse

971 2996 1776 3074 lactum,auctoritatenpostolicaconfirmamus,

972 3100 1005 3161 et
1015 3093 1475 3176 praecipimusinviolabiliter
1484 3094 1680 3157 observari.
1691 3092 1777 3156 Nulli

972 3212 1052 3272 ergo
1067 3195 1202 3258 omnino
1216 3194 1389 3256 bominum
1404 3192 1506 3255 liceat
1521 3193 1615 3255 banc
1626 3194 1777 3272 paginam

974 3296 1095 3355 nostrae
1126 3291 1388 3355 oontlrmationis
1424 3290 1637 3367 intringere,
1668 3291 1721 3353 rel
1747 3289 1775 3351 ei

973 3410 1057 3455 ausu
1065 3391 1242 3454 temerario
1257 3389 1437 3451 contraire.
1453 3389 1574 3466 Siquis
1587 3392 1704 3452 autem
1714 3390 1772 3449 boe

973 3494 1135 3553 atteubire
1148 3487 1407 3567 praesumpserit,
1424 3487 1698 3563 indignationem
1717 3502 1777 3548 om·

973 3589 1151 3667 nipotontis
1167 3588 1226 3649 bei
1250 3589 1283 3649 ot
1303 3586 1477 3648 beatorum
1497 3586 1593 3647 Petri
1616 3590 1652 3648 et
1670 3585 1774 3655 Pauli,

973 3688 1207 3767 Apostolorum
1227 3688 1310 3763 ejus,
1329 3700 1365 3745 se
1388 3684 1521 3746 noverit
1548 3685 1773 3746 incursurum.

974 3788 1092 3850 bertum
1108 3784 1276 3856 Laterani,
1289 3785 1334 3844 ΙΙΙ
1349 3782 1417 3845 kal.
1428 3783 1555 3856 martii,
1564 3783 1775 3861 pontificatus

974 3885 1079 3947 nostri
1094 3900 1181 3946 aurio
1195 3882 1313 3962 primo.

1290 4085 1460 4174 CCXLII

1022 4268 1073 4327 Aa
1087 4263 1241 4326 rectores
1254 4262 1287 4324 ct
1299 4264 1465 4337 propicium
1480 4260 1731 4321 Massilienses.

1267 4446 1301 4503 ²7
1318 4443 1388 4501 febr.
1406 4442 1485 4499 itit.

1018 4558 1126 4621 [liegest.
1138 4555 1183 4605 lib.
1197 4554 1216 4613 l,
1228 4552 1301 4618 epist.
1314 4551 1369 4601 280.
1385 4551 1443 4600 bles.
1456 4549 1494 4599 Le
1506 4549 1582 4599 Porte
1594 4548 1629 4599 da
1642 4546 1733 4611 rheti]

977 4722 1013 4780 Ut
1027 4718 1166 4777 desistunt
1182 4714 1217 4773 ab
1230 4710 1492 4786 inquietationibus,
1500 4725 1565 4783 quse
1578 4724 1691 4783 percos
1703 4705 1765 4765 inle-

1013 4815 1111 4867 ruutur
1132 4807 1267 4879 episcopo
1284 4810 1312 4859 et
1334 4801 1396 4859 eliis
1416 4799 1638 4869 ecclesiasticis,
1659 4807 1688 4858 et
1708 4810 1764 4855 nar·

1014 4904 1112 4955 rantur
1126 4896 1214 4954 inulta
1228 4894 1354 4967 ipsoram
1368 4888 1508 4949 enormia.

1018 5050 1196 5121 Honorius,
1211 5049 1287 5119 etc„
1304 5043 1489 5107 rectoribus
1502 5043 1535 5104 et
1550 5042 1672 5120 populo
1686 5042 1763 5103 Mas·

979 5152 1101 5221 sitien„
1117 5147 1270 5225 spirit-um
1283 5143 1414 5205 consilii
1428 5141 1585 5203 sanioris.

1018 5252 1046 5311 A
1072 5244 1222 5309 Massilia
1245 5244 1313 5303 Lice
1340 5242 1463 5302 malum
1489 5238 1650 5310 insonuit,
1676 5246 1760 5313 quam

980 5365 1047 5410 uon
1070 5346 1177 5407 solum
1203 5342 1293 5404 circa
1318 5339 1433 5401 oculos
1455 5336 1630 5415 lippitudo,
1658 5344 1760 5395 verum

980 5452 1080 5513 etiam
1107 5448 1141 5508 iu
1165 5443 1266 5505 totius
1294 5452 1487 5515 corupapcm
1510 5434 1659 5512 corporis
1681 5430 1760 5495 tabes

981 5548 1148 5612 traneticrc
1172 5538 1346 5622 pravitatis
1368 5536 1490 5597 dicitur
1512 5532 1676 5603 iniecisse,
1698 5540 1760 5590 cum

980 5666 1042 5713 vos
1063 5646 1184 5709 vestrae
1212 5640 1308 5704 tuma
1330 5633 1460 5717 prodigi
1480 5634 1515 5696 et
1536 5630 1668 5703 salutis,
1692 5640 1761 5690 cou-
