3802 6166
60 368 107 431 tte
488 361 577 423 XIII.
591 390 633 407 -
647 360 692 421 IN
713 359 846 421 FESTO
867 358 1019 421 sultam
1040 359 1251 423 GREGORII.

88 523 149 587 Sed
163 524 268 585 restet
281 522 377 599 porta
389 518 509 593 terrea,
529 518 614 582 idest
633 518 760 596 spectes
782 532 842 581 ve-

57 622 164 691 ritatis,
176 636 236 698 per
248 636 348 698 quam
362 634 458 680 nemo
471 618 593 697 poterit
603 617 758 688 transire,
775 614 841 677 nisi

57 718 144 781 133311
162 719 293 789 Petrus,
313 716 399 777 idest
419 715 547 775 firmus.
575 714 624 775 Ad
650 713 842 774 custodien-

56 818 121 877 dum
133 815 225 877 enim
239 816 373 875 Petrum
386 813 486 889 positi
502 813 580 872 sunt
599 813 739 888 quatuor
753 826 840 887 qua-

56 912 214 975 terniones
234 911 376 972 militum
398 910 477 971 huic
500 911 617 986 portae,
644 906 840 967 3333131-

57 1010 128 1079 rius,
146 1009 235 1069 alter
253 1007 416 1087 superius,
436 1024 521 1067 3333
536 1006 624 1077 3313,
640 1005 726 1067 31133
739 1006 839 1066 retr0.

56 1106 141 1169 Prior
155 1121 236 1181 ergo
256 1103 470 1177 estinierior,
489 1102 656 1165 secundus
676 1103 838 1180 superior,

57 1204 163 1265 tertius
180 1203 356 1281 posterior,
373 1202 510 1281 quantus
525 1201 686 1264 anterior.
700 1200 842 1262 Interior

58 1317 124 1377 ergo
155 1301 312 1377 captivat,
346 1300 499 1377 superior
532 1298 646 1370 intlat,
676 1298 842 1375 posterior

59 1398 194 1470 enervat,
220 1397 369 1459 anterior
391 1399 501 1459 vexat.
527 1396 669 1457 interior
688 1411 768 1471 ergo
792 1398 842 1458 est

61 1496 158 1557 carnis
171 1493 359 1558 sollicitudo
373 1494 445 1556 sine
459 1492 713 1571 cura,superior
724 1509 843 1570 super-

61 1590 115 1663 bia,
128 1592 293 1668 posterior
309 1591 554 1669 praeteritorum
569 1589 842 1662 memoriaeme-

64 1690 151 1751 terior
164 1688 416 1751 tribulationum
431 1688 604 1751 instantia.
618 1689 660 1750 At
670 1688 841 1765 gratulans

68 1787 185 1862 ergoet
209 1786 362 1848 exultans
385 1785 523 1864 spiritus
548 1787 714 1847 hunuanus
738 1786 840 1848 dicit:

68 1885 143 1944 Nunc
153 1883 222 1945 scio
235 1899 312 1945 vere
323 1883 400 1961 quia
416 1884 507 1945 misit
516 1884 674 1945 Dominus
688 1885 842 1960 angelum

70 1996 146 2041 suum
161 2003 170 2056 ;
186 1982 263 2057 quia
274 1982 398 2058 eripuit
410 1982 524 2043 oculos
538 1997 658 2043 meosa
673 1982 840 2059 lacrymis,

70 2094 150 2139 aures
168 2095 187 2138 a
207 2076 340 2150 sabulis,
366 2078 514 2154 linguam
534 2079 762 2151 emendaciis,
784 2096 843 2157 pe-

70 2174 115 2235 des
134 2176 272 2254 elapsu,
289 2192 407 2238 manus
422 2176 463 2238 ab
479 2176 641 2239 effusione
657 2178 840 2253 sanguinis.

70 2273 121 2333 los
135 2288 225 2349 ergo,
247 2272 304 2350 qui
317 2276 389 2351 jam
413 2289 456 2336 ex
479 2274 568 2335 omni
593 2275 686 2350 parte
710 2274 842 2336 liberati

69 2370 143 2441 estis,
155 2372 245 2433 orate
256 2372 292 2431 ut
306 2371 362 2448 qni
375 2387 434 2432 ros
452 2387 494 2432 ex
509 2372 628 2447 majori
641 2373 734 2448 parte
754 2370 841 2433 libe-

72 2466 142 2528 3331
159 2468 295 2544 angelus
319 2469 443 2539 noster,
468 2469 647 2529 advocatus
671 2469 784 2529 noster
807 2470 842 2530 in

71 2562 163 2627 tuturo
184 2581 226 2626 ex
253 2567 322 2629 toto
355 2564 473 2627 liberet
493 2568 589 2627 Jesus
614 2565 764 2628 christus
786 2567 842 2643 qui

68 2663 206 2723 tenturus
220 2664 271 2725 est
286 2662 321 2723 in
336 2663 462 2739 Spiritu
486 2664 607 2724 Sancto
623 2662 775 2741 judicare
790 2665 843 2727 vi-

67 2772 117 2818 ros
130 2762 158 2821 et
171 2762 315 2823 mortuos
327 2762 361 2823 et
375 2761 532 2823 saeculum
547 2761 740 2839 perignem.

396 3008 493 3096 XIII

147 3178 189 3238 IN
209 3178 339 3239 FESTO
361 3178 510 3240 SANCTI
535 3180 746 3241 GREGORII.

96 3344 127 3405 Si
138 3344 223 3407 beati
234 3347 276 3407 N.
291 3349 385 3423 33133
402 3345 501 3409 hodie
515 3345 635 3408 iestum
650 3349 838 3421 recolimus,

59 3456 175 3503 momm
185 3442 390 3518 dignitatem,
402 3444 596 3505 meritorum
610 3446 838 3522 quantitatem,

58 3540 255 3602 sanctitatem
279 3540 369 3612 vitae,
390 3540 583 3618 qualitatem
608 3542 785 3614 doctrInae,
808 3543 842 3604 et

57 3639 168 3697 caetera
183 3638 217 3697 in
233 3653 272 3699 eo
292 3638 469 3713 magnilica
482 3638 598 3700 subtili
621 3639 740 3700 mentis
758 3655 842 3701 acu-

56 3734 138 3794 mine
151 3735 369 3811 speculemus,
385 3735 511 3811 ingenii
527 3736 633 3797 nostri
647 3738 737 3798 vires
748 3753 843 3814 supe·

55 3834 111 3903 rat,
126 3833 255 3894 excedit
267 3832 389 3909 eloquii
405 3831 606 3907 facultatem,
619 3835 705 3911 quod
717 3835 752 3895 in
767 3838 841 3912 eJus

54 3930 247 4006 praeconium
260 3930 359 4006 digne
375 3930 527 3992 videatur
545 3932 767 3993 referendum.
794 3935 841 3994 De

54 4026 158 4088 multis
173 4029 285 4089 tamen
306 4043 407 4088 unum
428 4030 671 4105 excerpsimus
691 4030 778 4107 quod
799 4031 841 4093 ad

54 4126 118 4199 ejus
141 4124 272 4186 laudem
287 4125 320 4187 et
334 4128 480 4187 nostram
503 4127 757 4189 aediticationem
774 4131 840 4190 Deo

54 4221 247 4298 predicante
260 4221 407 4284 breviter
420 4238 587 4300 exponere
602 4240 772 4286 conamur.

94 4322 154 4381 l'es
166 4321 314 4383 33113331
327 4320 487 4392 terreat
500 4325 594 4384 31331
608 4323 791 4385 coercuerit
805 4326 842 4384 13

54 4431 112 4488 333
131 4417 300 4479 satietur?
322 4421 367 4479 ad
387 4421 531 4481 31111133)
556 4420 842 4482 33131311333131

57 4514 89 4573 31
103 4515 265 4575 rutilatur
283 4517 380 4589 sores
396 4516 430 4577 et
443 4518 660 4578 eoriculcctar
673 4520 714 4578 ab
737 4521 844 4580 homi·

57 4612 144 4672 31133
159 4610 293 4688 (113111).
309 4626 341 4683 v,
364 4608 428 4689 13),
445 4613 600 4688 Legimus
623 4614 708 4691 quod
729 4615 843 4675 Domi-

58 4720 110 4766 uus
122 4707 384 4770 lesusascendit
396 4708 432 4768 in
447 4711 591 4771 montem
609 4727 684 4771 cum
695 4712 843 4788 discipu-

59 4800 94 4863 lis
106 4806 184 4878 suis,
199 4806 233 4866 et
245 4805 440 4882 praedicavit
452 4809 485 4868 et
498 4808 652 4884 exposuit
666 4810 739 4870 octo
761 4809 843 4870 bea-

62 4899 204 4964 titudines
217 4902 351 4980 populo.
368 4904 477 4965 Finito
490 4921 654 4974 sermone,
667 4907 747 4969 tunc
758 4907 843 4970 dixit

63 4995 218 5076 discipulis
243 5000 335 5059 suis:
363 5003 426 5061 Vos
443 5002 527 5063 33113
549 5008 601 5064 331
625 5005 742 5067 terror.
774 5006 841 5065 Vos

66 5094 128 5156 estis
150 5096 208 5157 lux
240 5095 366 5168 muudi,
396 5113 455 5158 vos
487 5099 568 5159 estis
596 5100 842 5162 condimentum

66 5184 227 5255 homiuum.
248 5194 367 5256 Vestro
384 5195 535 5271 exemplo
557 5196 709 5258 hemines
724 5197 843 5259 debent

68 5282 177 5362 instrui,
200 5293 314 5351 vestra
335 5291 499 5367 sapientia
514 5292 636 5364 doceri,
657 5295 769 5355 vestra
787 5310 843 5356 sa-

71 5381 169 5454 pientia
180 5388 213 5449 ei
222 5386 409 5448 humilitate
420 5389 531 5451 caeteri
542 5390 696 5466 componi
710 5390 840 5452 debent.

73 5478 142 5545 1313
160 5484 278 5545 beatus
291 5485 488 5561 Gregorius:
506 5504 524 5545 3
544 5486 578 5547 Si
595 5487 757 5549 salterrae
780 5506 841 5550 33-

71 5590 137 5653 333,
162 5581 299 5645 condire
320 5584 447 5644 mentes
467 5584 612 5645 lideliurn
639 5584 842 5647 debemus»

71 5672 119 5739 los
141 5680 221 5746 estis
239 5678 419 5747 salterrae.
447 5680 504 5745 Sal
524 5681 623 5746 habet
643 5684 840 5764 quadrupli-

1632 365 1690 429 150

895 532 967 580 cem
994 516 1169 590 virtutem,
1196 515 1367 590 videlicet,
1394 518 1690 593 Ι33333133113313,

895 614 974 691 quia
988 614 1164 677 conservat
1175 628 1293 676 carnes
1304 630 1346 675 ne
1358 616 1560 691 putrescant,
1575 622 1693 679 33331-

896 715 1014 785 ttvam,
1032 713 1110 789 quia
1125 713 1237 773 condit
1254 712 1383 774 cibaria
1399 715 1434 774 31
1448 712 1571 775 bonum
1593 731 1694 792 sapo-

895 826 965 871 rem
987 809 1141 882 habeant,
1155 810 1463 883 mrmctitloettvem,
1480 812 1557 888 quia
1577 812 1692 876 dentes

895 924 934 969 ac
961 924 1042 970 vasa
1063 908 1266 978 munditicat,
1294 909 1589 982 mortificantum,
1614 911 1692 989 quia

895 1005 945 1067 sal
956 1021 1086 1067 vermes
1101 1007 1198 1066 necat
1209 1006 1242 1066 et
1257 1020 1375 1066 carnes
1392 1005 1509 1067 siccat.
1526 1009 1592 1068 Ista
1607 1024 1694 1090 qua-

894 1105 971 1166 tuor
982 1104 1149 1181 pertinent
1162 1103 1203 1164 ad
1217 1103 1383 1179 praelatos.

936 1201 1047 1263 Primo
1060 1201 1138 1278 quia
1153 1200 1240 1262 sicut
1251 1201 1300 1261 sal
1315 1201 1490 1263 conservat
1505 1217 1634 1276 carnes,
1650 1218 1693 1265 ne

895 1299 1096 1376 putrescant,
1118 1298 1165 1359 ita
1185 1298 1341 1374 praelatus
1359 1298 1457 1360 debet
1477 1300 1643 1361 custodire
1660 1301 1695 1362 31

895 1412 1094 1460 conservare
1128 1412 1263 1458 carnem
1298 1413 1409 1470 suam,
1441 1397 1537 1469 idest,
1571 1414 1694 1475 corpus

895 1510 991 1555 suum
1002 1495 1044 1555 31)
1055 1494 1145 1556 omni
1158 1494 1303 1567 luxuria,
1311 1493 1353 1555 ab
1365 1494 1455 1555 omni
1468 1495 1690 1571 corruptione,

896 1592 984 1654 3131)
999 1592 1152 1654 omnibns
1165 1592 1269 1663 vitiis,
1291 1592 1338 1653 113
1358 1592 1394 1653 31
1408 1590 1553 1653 habeant
1568 1591 1693 1655 subditi
1720 1613 1725 1621 ·

895 1690 972 1752 vitae
994 1707 1064 1752 suae
1085 1689 1273 1766 exemplum
1288 1691 1363 1751 ante
1378 1690 1492 1751 oculos
1513 1704 1640 1760 eorum,
1657 1690 1694 1750 ut

896 1787 936 1848 de
953 1789 1025 1864 ipso
1045 1787 1134 1849 dicat
1157 1787 1396 1863 Euangelium:
1420 1789 1477 1848 Sic
1499 1787 1610 1848 133331
1630 1791 1695 1847 tum

895 1886 1014 1946 eostre
1025 1899 1144 1946 coram
1158 1887 1361 1954 homiuibus,
1377 1884 1416 1945 ut
1428 1883 1569 1945 31313331
1585 1897 1693 1956 opere

896 1982 1014 2043 vestre
1029 1984 1115 2044 1333
1130 1983 1164 2044 31
1172 1982 1364 2057 ploritlccret
1376 1982 1523 2042 Patrem
1537 1982 1693 2042 cestrum

896 2084 955 2153 qur
969 2082 1006 2140 13
1019 2083 1113 2141 333113
1127 2079 1178 2140 331
1190 2077 1321 2157 (113111).
1337 2095 1369 2150 v,
1383 2077 1447 2157 16).
1464 2080 1503 2140 nt
1516 2078 1694 2154 Apostolus

897 2178 938 2239 ad
961 2177 1070 2238 Titum
1094 2193 1102 2234 r
1129 2180 1351 2239 1331331333
1379 2178 1411 2238 tc
1440 2180 1555 2249 ipsum
1575 2178 1695 2249 prebe

896 2280 1092 2347 exemptam
1119 2277 1286 2335 bonorum
1304 2289 1449 2348 operum
1478 2272 1553 2350 (Tit.
1584 2287 1621 2344 11,
1645 2271 1692 2349 7).

896 2374 988 2432 Titne
1012 2371 1170 2448 praelatus
1194 2371 1319 2447 praebet
1343 2371 1488 2447 seipsum
1504 2369 1693 2446 exemplum
1812 2380 1819 2393 ⁴

895 2468 1057 2529 bonorum
1072 2485 1209 2546 operum
1226 2468 1366 2530 subditis
1382 2469 1463 2540 suis,
1478 2467 1609 2544 quando
1625 2483 1692 2528 non

896 2566 1065 2628 invenitur
1083 2566 1210 2643 aliquid
1230 2565 1493 2643 reprehensibile
1509 2565 1562 2626 vel
1584 2565 1692 2627 corri-

895 2664 996 2739 311113
1017 2664 1053 2725 13
1074 2680 1126 2736 33,
1143 2663 1230 2725 uude
1249 2665 1377 2741 possint
1398 2663 1529 2724 dicere:
1546 2666 1689 2735 1133133,

895 2777 981 2823 eura
996 2764 1145 2837 teipsum
1154 2760 1248 2840 (Luc.
1260 2778 1305 2835 rr,
1316 2759 1580 2840 cathepocrtta,
1595 2764 1690 2833 ejice,

891 2862 1049 2933 3313333
1072 2860 1205 2920 trahem
1228 2863 1269 2920 dc
1297 2864 1391 2921 oculo
1419 2859 1488 2931 tue,
1516 2859 1550 2920 ct
1569 2858 1693 2932 postea

896 2960 1012 3028 ejicies
1019 2959 1188 3031 festucam
1197 2960 1238 3018 dc
1250 2962 1344 3019 33313
1358 2958 1483 3030 fratris
1495 2956 1546 3017 tui
1558 2954 1690 3034 (Matth.

896 3069 954 3125 vn,
975 3053 1008 3133 5)
1027 3054 1105 3131 quia
1120 3055 1278 3129 praelatus
1302 3054 1399 3115 debet
1420 3054 1543 3115 habere
1570 3052 1693 3114 bonurn

895 3152 1121 3213 testimonium
1136 3151 1177 3212 ab
1193 3152 1245 3213 his
1264 3152 1410 3229 quisunt
1425 3153 1515 3212 intus
1529 3152 1563 3212 et
1584 3150 1626 3211 ab
1640 3151 1694 3211 his

896 3250 952 3326 qui
974 3251 1052 3310 sunt
1075 3249 1176 3324 ioris;
1193 3249 1271 3326 quia
1293 3252 1416 3327 quanto
1438 3249 1562 3325 gradus
1582 3247 1692 3321 altior,

896 3348 987 3408 tanto
998 3362 1095 3408 33333
1107 3347 1253 3422 gravior,
1266 3350 1299 3407 et
1311 3348 1365 3408 cui
1378 3347 1451 3423 plus
1465 3346 1693 3413 committitur,

895 3443 937 3504 ab
959 3460 999 3505 eo
1022 3444 1095 3521 plus
1117 3444 1272 3518 exigitur.
1291 3444 1384 3504 Unde
1408 3445 1442 3504 in
1463 3443 1609 3503 Levitico
1627 3464 1634 3501 :
1655 3444 1694 3503 St

894 3544 1054 3603 sacerdos
1077 3542 1361 3615 331331333133,
1378 3541 1586 3612 peccaverit,
1607 3540 1694 3614 saett

895 3641 1090 3711 delinquere
1101 3636 1398 3715 33331333(13311.
1413 3651 1457 3709 3,
1474 3635 1520 3715 3).

936 3736 1111 3796 Peccatum
1121 3733 1252 3811 praelati
1264 3733 1317 3795 rel
1327 3734 1510 3794 3333313113
1528 3733 1586 3793 3111
1599 3733 1696 3794 dam·

896 3850 1013 3894 nosum
1028 3834 1061 3894 et
1073 3831 1137 3893 sibi
1152 3832 1376 3909 periculosum
1391 3831 1516 3893 existit.
1534 3832 1629 3892 Certe
1645 3832 1695 3893 tot

895 3929 1057 3991 mortibus
1072 3931 1122 3991 est
1137 3929 1257 4004 diguus
1268 3929 1434 3999 33333133,
1452 3930 1530 4005 quot
1542 3928 1694 4004 exempla

896 4027 1091 4104 perditionis
1124 4026 1318 4088 transmittit
1350 4026 1385 4086 in
1413 4025 1580 4102 populum.
1611 4027 1693 4085 Cum

896 4126 1038 4202 primurn
1061 4124 1211 4185 haretici
1231 4140 1291 4185 nos
1312 4139 1450 4200 praecare
1473 4124 1692 4200 conspiciunt,

896 4222 1253 4299 docenteleemosynas
1268 4221 1364 4283 nobis
1380 4222 1506 4282 dandas
1525 4237 1592 4282 non
1607 4236 1692 4293 esse,

896 4320 1089 4381 inducentes
1113 4319 1156 4380 ad
1177 4319 1240 4380 hoo
1259 4319 1490 4380 auctoritatem
1514 4319 1694 4395 scripturae

896 4417 1053 4478 dicentis:
1067 4417 1217 4478 Desudct
1228 4422 1441 4490 ctccmespua
1455 4420 1606 4478 intercursu
1620 4416 1692 4488 133,

895 4518 1001 4577 donec
1027 4518 1186 4578 invenias
1206 4515 1344 4586 justum
1366 4517 1422 4575 331
1446 4517 1517 4575 333.
1538 4516 1613 4575 Non
1636 4512 1692 4572 di-

896 4612 961 4673 cit:
976 4612 1079 4674 donec
1095 4612 1248 4674 invenies
1263 4612 1467 4673 sacerdotem
1488 4611 1691 4682 adulterum,

897 4709 1075 4784 ebriosum,
1110 4710 1323 4782 iracundum,
1354 4709 1547 4787 superbum,
1578 4711 1696 4786 perju-

896 4823 990 4881 rum,
1009 4808 1183 4884 cupidum,
1205 4807 1414 4878 usurarium,
1436 4807 1469 4868 et
1489 4805 1692 4882 hujusmodi,

897 4906 966 4966 sed·
980 4905 1061 4967 dicit
1076 4927 1083 4965 r
1099 4906 1203 4967 donec
1229 4906 1381 4966 inveniat
1397 4906 1524 4981 justum
1544 4904 1597 4965 cui
1621 4904 1693 4964 des.

897 5002 1087 5065 Oblationes
1115 5018 1257 5081 quoque,
1283 5001 1431 5073 decimae,
1458 5002 1511 5063 rel
1538 5001 1693 5078 primitiae

897 5100 1014 5162 dandae
1037 5102 1114 5162 sunt
1134 5099 1297 5160 ministris
1318 5100 1388 5171 Dei,
1410 5116 1476 5160 non
1496 5099 1695 5160 333133113-

896 5199 984 5260 boli:
1003 5200 1089 5260 Nam
1119 5198 1175 5275 qui
1194 5197 1274 5259 lacit
1295 5200 1477 5275 peceatum,
1504 5213 1620 5259 servus
1644 5199 1695 5258 est

897 5296 1035 5373 peccati.
1060 5298 1140 5357 Cum
1155 5294 1306 5357 haretici
1321 5311 1381 5356 nos
1397 5309 1536 5371 peccare
1556 5295 1693 5371 conspi-

896 5394 998 5466 ciunt,
1023 5393 1141 5475 docent
1162 5392 1432 5469 praedicationem
1458 5393 1606 5453 nostram
1627 5407 1692 5451 au-

897 5489 1409 5567 3133133)3333333133133133
1422 5488 1484 5549 hoc
1496 5488 1693 5549 auctoritato

898 5588 1077 5665 scripturae
1097 5586 1258 5649 dicentis:
1275 5586 1457 5649 Peccatori
1472 5586 1563 5646 (11311
1577 5590 1692 5646 heres:

895 5700 1004 5761 querc
1034 5686 1073 5750 13
1097 5700 1247 5748 creemus
1265 5685 1425 5759 justitias
1447 5698 1556 5753 erens,
1583 5682 1693 5744 3133
