3802 6166
122 284 161 347 ss
751 280 980 347 anismam.
1003 282 1082 345 cm.
1105 280 1132 343 1.-
1343 348 1347 361 .
1558 240 1561 247 ’
1724 273 1763 333 14
1862 248 1865 253 '

118 462 185 524 qua
204 446 351 508 nostram
364 445 518 522 dignatus
532 446 582 506 est
602 444 734 521 operari
760 444 911 516 salutem,

117 552 162 614 ab
173 552 576 629 infidelibusprosidentia
585 550 747 613 ineffabili
758 552 913 629 occupari

118 650 280 727 permisit,
302 650 463 727 quatenus
486 649 649 711 instantes
674 649 715 710 ad
743 648 914 710 liberatio-

117 747 311 820 nemilites,
337 763 435 825 quarn
450 748 561 825 posset
582 763 699 809 eruere
719 747 760 809 de
779 747 912 807 illorum

117 846 272 907 manibus
287 846 358 907 solo
373 845 484 920 verbo,
495 848 592 924 justa
604 846 749 923 proprias
764 845 914 907 devotio-

116 944 348 1017 nisaffeetum,
368 960 433 1006 non
456 944 562 1006 solum
582 960 717 1007 snorum
740 944 910 1021 peccami-

116 1058 198 1103 num
217 1043 492 1115 veniarn,reru1n
512 1044 611 1105 etiam
635 1043 670 1103 in
694 1042 911 1104 retributione

112 1140 280 1218 justorum
295 1139 468 1217 praemium
483 1142 684 1202 mereantur.
701 1142 740 1202 Et
754 1140 910 1217 sitoniam

116 1255 183 1299 non
199 1239 249 1299 est
263 1239 405 1300 volentis
419 1254 527 1316 neque
542 1239 705 1301 currentis
722 1254 791 1299 suas
805 1238 910 1299 mise-

115 1336 256 1398 rationis
281 1336 466 1408 clementia,
495 1353 568 1413 qum
586 1335 693 1412 tangit
715 1337 853 1408 montes,
879 1337 912 1397 et

115 1431 289 1507 fumigant,
304 1431 404 1493 corda
419 1431 565 1493 fidelium
576 1432 700 1493 excitat
713 1430 754 1491 ad
768 1431 911 1509 idipsum

114 1546 176 1590 sua
192 1529 424 1605 praeveniendo
439 1530 548 1607 gratia
567 1532 603 1591 ut
617 1529 788 1607 incipiant,
806 1530 839 1591 et
852 1545 912 1591 ea-

113 1626 189 1688 dem
214 1629 250 1689 ut
269 1626 442 1704 perficiant
462 1628 702 1705 prosequendo.
719 1629 799 1687 Cum
817 1643 908 1703 ergo,

112 1725 224 1803 gratia
250 1725 361 1786 divina
377 1726 576 1802 praeuentus,
597 1725 746 1786 attineris
765 1725 831 1787 tuis
846 1724 911 1785 hu-

114 1823 216 1883 meris
240 1823 370 1898 signum
386 1824 495 1884 crucis
508 1823 550 1883 ad
565 1826 637 1901 ejus
652 1825 763 1884 Terras
779 1822 909 1885 Sanctae

113 1919 299 1981 subsidium
323 1920 543 1997 proiecturus,
567 1922 605 1983 ut
622 1922 789 1998 assumpto
805 1920 909 1982 calice

112 2018 255 2079 salutari
270 2018 434 2079 retribuas
449 2018 828 2096 Dominotemetipsum3
846 2017 910 2078 rni-

115 2132 232 2175 ramur
259 2116 537 2193 quamplurimum
567 2115 652 2193 quod
679 2132 786 2193 neque
814 2114 908 2177 bonae

114 2213 284 2274 memoriae
304 2213 531 2275 Innocentium
546 2229 664 2290 papam
680 2213 908 2290 praedecesso-

111 2326 183 2371 rem
205 2312 365 2379 nostrum,
391 2326 499 2388 neque
520 2327 580 2372 nos
600 2311 700 2388 ipsae,
718 2326 817 2388 super
831 2326 910 2387 pas-

111 2407 206 2483 sagio
232 2410 265 2469 et
290 2410 451 2485 apparatu
480 2408 615 2470 nas-'ium
641 2407 822 2486 requisisti,
848 2422 908 2467 nec

112 2506 238 2567 curasti
253 2522 419 2583 exponere
442 2505 518 2584 quid
535 2504 701 2583 superbis
716 2507 780 2567 tuae
796 2505 909 2567 sedeat

110 2603 275 2665 voluntati
290 2620 365 2665 eum
381 2604 574 2681 ingenerati
585 2603 732 2665 Concilio
747 2603 787 2664 ad
802 2604 910 2665 trans·

111 2700 301 2763 fretantium
318 2701 571 2764 determinatum
590 2701 827 2778 luerittempus
840 2718 909 2763 cor·

110 2799 195 2860 tum.
219 2800 360 2877 Expedit
390 2800 480 2861 enim
500 2801 533 2861 te
560 2814 600 2861 ac
627 2799 711 2860 alios
741 2799 907 2877 principes

111 2897 360 2973 crucesignatus
396 2913 454 2974 per
486 2913 567 2975 quos
600 2896 769 2973 negotium
796 2898 906 2959 crucis

111 3010 210 3071 posse
224 2994 371 3056 creditur
384 2994 582 3072 promoveri,
609 2994 658 3056 sic
673 3010 746 3056 esse
761 2996 904 3072 paratos,

111 3093 148 3154 ut
162 3092 198 3152 iu
214 3109 274 3154 vos
289 3093 446 3170 tanquam
457 3091 493 3152 in
508 3090 624 3154 cedros
641 3091 759 3153 Libani
780 3093 908 3170 possint

111 3191 209 3268 quasi
233 3205 387 3267 passeres
408 3189 580 3252 nidificare
600 3189 757 3262 minores,
783 3189 838 3268 qui
865 3189 906 3252 ad

113 3287 244 3349 montes
259 3287 373 3351 oculos
393 3302 472 3348 suos
494 3287 614 3359 lerant,
631 3287 672 3348 ab
687 3286 736 3349 eis
757 3286 906 3349 divinum

113 3385 278 3446 auxilium
295 3387 534 3464 exspectantes,

153 3484 310 3545 volentes
325 3484 427 3560 igitur
442 3485 533 3555 utto,
549 3483 643 3561 quasi
656 3484 792 3545 lucerna
807 3497 907 3561 super

116 3581 352 3643 candelabrum
375 3582 500 3660 posita,
523 3582 635 3643 lumen
657 3582 734 3645 aliis
758 3581 906 3660 praebeas

113 3696 174 3759 per
188 3680 385 3758 exemplum,
411 3680 616 3743 nobilitatem
637 3680 729 3741 tuam
750 3696 905 3756 rogamus

111 3780 236 3840 attente
252 3778 286 3840 et
305 3794 489 3851 monemus,
509 3778 772 3857 etexliortamur
786 3778 820 3839 in
835 3780 905 3841 Do·

111 3876 213 3948 mino,
239 3877 273 3937 in
290 3875 521 3938 remissionem
535 3876 594 3938 tibi
610 3877 838 3954 peccaminum
853 3876 907 3937 in-

107 3976 296 4052 jungentes,
333 3976 506 4051 quatenus,
547 3975 633 4036 sicut
665 3975 719 4034 sir
748 3973 904 4051 prudens,

111 4074 266 4135 constans
292 4073 324 4134 et
352 4074 518 4143 strenuus,
549 4072 590 4133 ad
615 4071 762 4148 praesatae
794 4074 906 4133 'serrae

111 4186 304 4231 succursum
328 4169 377 4231 sic
399 4170 548 4247 potenter
572 4169 605 4231 et
628 4169 772 4230 viriliter
792 4170 824 4231 te
844 4185 906 4230 ac-

111 4266 237 4341 cingas,
257 4267 531 4329 translretaturus
545 4266 581 4327 in
595 4267 750 4343 passagio
765 4267 799 4326 in
815 4282 905 4343 prae-

37 4424 40 4429 .
111 4364 179 4425 lato
199 4364 345 4426 Concilio
361 4364 514 4436 dililnito,
537 4364 571 4426 et
591 4365 701 4425 votum
717 4363 905 4425 redditurus

111 4463 250 4523 Domino
277 4462 362 4539 quod
388 4462 538 4523 vovisti:
566 4460 820 4538 quodttxemplo
847 4462 905 4523 tuo

111 4560 171 4621 alii
186 4559 321 4621 excitati
346 4560 387 4620 ad
410 4559 554 4636 idipsum
577 4557 696 4620 lortius
718 4559 907 4620 animentur

111 4660 144 4719 et
155 4657 217 4718 tibi
232 4674 275 4718 ex
287 4657 349 4718 hoc
364 4656 515 4717 cumulus
531 4658 664 4718 aeternae
678 4656 906 4718 retributionis

111 4755 290 4816 accrescat.
308 4754 467 4831 Quicquid
492 4756 603 4815 autem
617 4770 716 4831 super
730 4754 783 4815 liis
795 4754 906 4816 lacere

111 4852 314 4929 disposueris
326 4852 378 4913 vel
388 4851 514 4913 rideris
525 4853 692 4930 expedire,
703 4851 906 4928 nobisplane

110 4951 177 5012 tuis
204 4950 323 5011 litteris
349 4966 417 5011 non
437 4948 573 5010 differas
596 4950 762 5011 intiruare.
788 4951 906 5011 Datum

111 5048 255 5120 Perusii,
270 5050 329 5107 Vll
346 5046 419 5107 idus
433 5047 584 5123 Augusti,
598 5063 686 5108 anno
696 5047 906 5125 pontificatus

111 5145 215 5209 nostri
232 5145 351 5222 primo.

152 5346 196 5403 Iu
231 5345 387 5404 socordem
426 5345 567 5403 ritorto-m
594 5341 713 5404 Comiti
748 5341 907 5403 Marcius

113 5439 261 5520 (linguai
290 5442 335 5500 lx
360 5438 400 5499 de
427 5436 627 5518 Leziniaco),
659 5440 691 5500 et
712 5439 906 5517 quibusdam

112 5538 189 5599 aliis
218 5536 384 5598 nobilibus
410 5536 650 5614 crucesignatis
685 5554 744 5614 per
768 5554 908 5615 rognum

114 5634 265 5698 Eranciae
280 5633 474 5699 constitutis.

1008 445 1097 507 Item
1117 439 1229 503 Nobili
1247 439 1320 501 viro
1341 435 1454 499 comiti
1474 435 1571 497 Barri
1586 448 1687 510 super
1701 432 1763 493 Se-
1855 482 1858 493 .

966 556 1109 619 quanam
1125 538 1253 618 (Miloni
1270 535 1341 617 Ill).

1006 642 1096 701 Item
1117 638 1200 699 buci
1224 635 1412 697 Brabantiae
1433 631 1591 712 (Henrico
1607 632 1631 703 Ι,
1649 628 1762 691 comiti

966 735 1183 815 Antuerpiae).

1005 836 1096 897 Itelm
1117 834 1234 896 Comiti
1257 828 1538 894 autissiodorensi
1562 825 1706 906 (Ervisio
1720 824 1762 887 de

966 934 1126 997 diemalso
1141 933 1173 994 et
1188 928 1380 1008 Donziaco).

1005 1034 1096 1095 Item
1130 1030 1257 1092 Simoni
1287 1028 1328 1090 de
1357 1025 1544 1097 Jovisrilla,
1577 1020 1761 1085 senescallo

966 1128 1165 1204 Campaniae.

1005 1227 1095 1287 item
1117 1224 1235 1286 Comiti
1257 1221 1489 1285 Suessionensi
1510 1217 1699 1299 (liudulpho
1715 1216 1759 1276 lli

966 1324 1007 1385 de
1017 1322 1174 1402 Nigella).

1005 1424 1095 1484 Item
1114 1424 1214 1497 Drog.
1248 1419 1289 1482 de
1317 1418 1421 1480 Merlo
1446 1418 1583 1496 (Dreux,
1609 1412 1760 1475 Franciaa

966 1514 1237 1594 constabulario).

1004 1616 1095 1677 Item
1115 1613 1286 1676 Gualterio
1301 1613 1342 1673 de
1355 1609 1507 1672 avesnis.

1004 1714 1093 1775 Item
1122 1712 1296 1773 Bisontino
1321 1707 1573 1785 archiepiscopo
1601 1703 1759 1784 (amedeo

963 1809 1004 1871 de
1021 1806 1220 1887 'lremelay).

1003 1910 1093 1970 Itctn
1123 1906 1278 1971 Remensi
1306 1903 1557 1981 archiepiscopo
1593 1898 1760 1981 (alberico

963 2004 1004 2066 de
1018 2003 1232 2085 altovillari).
1736 2044 1741 2057 ,
1795 2018 1798 2023 -
1855 2000 1874 2039 .·

1003 2105 1092 2165 Item
1112 2100 1351 2178 Burdegalensi
1372 2098 1622 2175 archiepiscopo
1650 2093 1759 2173 ((1111-

964 2201 1061 2263 lelmo
1074 2198 1261 2278 Anrauevi).

1002 2300 1091 2360 Item
1114 2298 1274 2374 Episcopo
1294 2292 1559 2372 Petragoricensi
1578 2289 1758 2370 (11111111-

964 2397 1028 2474 pbo
1043 2396 1083 2457 de
1103 2396 1153 2457 las
1167 2393 1299 2475 Tours).

1003 2495 1092 2556 Itcin
1132 2492 1294 2570 Episcopo
1340 2489 1536 2552 Trecorensi
1578 2485 1757 2567 (Gaulrido

963 2591 1070 2671 Loix).

1002 2691 1092 2751 Item
1123 2689 1285 2767 Episcopo
1314 2686 1488 2765 Bajocensi
1517 2681 1684 2763 (lieberto
1717 2681 1758 2741 de

961 2785 1128 2866 Ableges).

1001 2888 1044 2945 In
1056 2887 1214 2949 11111111
1225 2886 1364 2945 11011111
1377 2880 1572 2960 quibusdam
1585 2878 1662 2941 aliis
1674 2875 1759 2953 epis·

962 2982 1053 3059 copis
1068 2982 1271 3058 singulatim.

1319 3160 1395 3245 XII

1009 3362 1058 3421 nd
1077 3358 1231 3421 abbatem
1245 3360 1280 3418 S.
1303 3356 1414 3427 Petri,
1435 3354 1667 3417 succentorem
1685 3353 1719 3413 et

1140 3459 1180 3516 11.
1196 3454 1335 3516 Craton.
1354 3456 1568 3515 vettonicam.

1250 3586 1268 3643 8
1284 3599 1351 3659 aug.
1369 3583 1448 3643 1216.

1012 3712 1122 3777 [aegest.
1135 3710 1180 3762 lib.
1192 3710 1213 3773 1,
1223 3709 1295 3774 epist.
1308 3708 1348 3759 20.
1361 3709 1418 3759 llss.
1438 3709 1475 3758 La
1486 3708 1560 3757 Porte
1572 3705 1606 3755 du
1616 3703 1709 3766 lircil]

961 3865 1063 3926 soban
1088 3865 1116 3922 S.
1139 3864 1226 3934 l‘ctri,
1246 3861 1405 3921 succentori
1427 3868 1456 3917 et
1478 3861 1510 3916 lt.
1527 3859 1640 3917 Craton.
1665 3871 1753 3914 cano·

996 3955 1060 4012 nico
1078 3951 1300 4011 Carrroteusibus
1314 3950 1465 4009 committit
1481 3947 1676 4005 delinitiouem
1697 3945 1756 4003 litis

997 4044 1069 4101 inter
1080 4040 1270 4100 ltainrondum
1283 4039 1418 4098 clericum
1431 4047 1459 4096 et
1472 4039 1506 4095 ll.
1516 4036 1552 4095 dc
1561 4036 1684 4096 blollcna
1698 4034 1753 4091 mi·

995 4133 1074 4190 litem
1095 4131 1341 4189 aurelianensem.

1000 4275 1167 4337 Honorius
1202 4274 1396 4352 episcopus,
1438 4288 1554 4334 seruus
1583 4284 1755 4331 serrorum

962 4373 1031 4445 Dei,
1059 4372 1170 4434 abbati
1192 4373 1298 4434 sancti
1319 4371 1408 4432 Petri
1432 4369 1626 4439 senonensi,
1655 4368 1688 4428 et
1714 4368 1754 4428 R.

961 4471 1092 4532 Craton.
1110 4469 1270 4530 canonico
1282 4468 1457 4529 carnoten.

1000 4567 1147 4629 Dilectus
1167 4566 1256 4626 iilius
1271 4564 1477 4627 Raimundus
1491 4562 1632 4623 clericus
1647 4572 1754 4635 expo·
1852 4644 1859 4653 ⁸

961 4664 1026 4726 suit
1050 4680 1162 4726 coram
1191 4663 1298 4735 uobis,
1324 4660 1410 4741 quod
1430 4677 1530 4738 quum
1552 4672 1664 4728 eausa,
1681 4670 1756 4733 quae

960 4762 1101 4824 vertitur
1112 4762 1199 4823 inter
1211 4762 1332 4837 ipsum,
1350 4760 1383 4820 et
1394 4761 1434 4819 ll.
1451 4758 1491 4818 do
1506 4755 1649 4817 Mollena
1665 4752 1757 4813 mili·
1859 4772 1864 4781 ·

962 4861 1025 4921 tem
1058 4859 1273 4920 aurelianen.
1308 4855 1461 4917 dioecesis
1491 4867 1592 4930 super
1614 4851 1755 4929 quadam

960 4958 1060 5030 terra,
1085 4956 1287 5027 molendina,
1306 4952 1467 5024 domibus,
1485 4952 1599 5028 pratis,
1617 4948 1758 5011 nemori·

961 5054 1033 5128 bus,
1049 5055 1082 5116 et
1098 5053 1197 5115 rebus
1211 5052 1298 5125 aliis,
1315 5051 1445 5112 dilectis
1461 5049 1540 5111 nliis
1563 5051 1603 5110 Η.
1628 5049 1668 5109 de
1692 5049 1757 5109 Eo-

961 5153 1040 5214 lieto
1056 5152 1089 5214 et
1103 5149 1332 5228 conjudicibus
1350 5148 1419 5208 suis
1441 5147 1609 5209 canonicis
1631 5149 1759 5207 Carno-

961 5249 1027 5308 ten.
1053 5245 1132 5307 olim
1151 5244 1252 5306 luerit
1270 5243 1433 5319 delegata,
1451 5244 1485 5304 et
1505 5242 1569 5303 duo
1591 5257 1635 5302 ex
1655 5240 1755 5317 ipsis,
1862 5304 1865 5309 ,

962 5337 1766 5423 quoniamtertiusviamlueritunirersaecarnis·
1865 5344 1872 5355 ··

963 5444 1145 5517 ingressus,
1169 5440 1310 5516 cognitis
1330 5454 1440 5500 causae
1459 5437 1586 5499 meritis
1606 5434 1759 5495 diillniti-

962 5557 1038 5603 vam
1058 5538 1256 5601 sententiam
1273 5536 1471 5615 protulerint
1489 5551 1548 5612 pro
1570 5533 1706 5596 eodem:
1721 5532 1758 5593 in

964 5636 1137 5717 praelatum
1155 5634 1294 5699 militem
1314 5650 1349 5699 se
1369 5634 1465 5697 dictae
1487 5631 1658 5695 sententiae
1676 5644 1759 5691 con-
