3794 6166
1766 306 1832 385 ros

734 316 912 380 norietur
935 316 1063 379 PAPAE
1084 316 1129 379 111
1150 316 1260 379 vird.

175 320 235 383 toi

176 496 196 541 c
217 480 406 543 curationes
430 476 471 539 ab
493 477 554 540 eis.
576 476 715 555 Adiutor
733 477 834 541 etiam
849 492 906 540 ero
928 475 971 540 ad
1025 476 1122 541 tenus
1137 475 1342 555 ilridericus3
1359 490 1434 554 quta
1449 476 1484 539 et
1503 479 1673 543 recensuit
1694 480 1834 544 Masso-

176 573 426 641 «retinandum
467 575 501 638 et
539 573 779 638 defendendum
814 574 972 639 Ecclesia
1026 590 1100 647 nus,
1114 591 1187 653 quae
1200 574 1297 637 libuit
1310 590 1496 648 recensere,
1516 577 1553 639 ut
1575 578 1700 655 pateat,
1725 579 1833 641 eiiam

176 678 391 746 «Romanae,
427 690 567 751 regnum
601 674 750 749 Siciliae3
781 673 842 736 tibi
871 674 972 735 etiarn
1025 672 1282 749 imperatoribus
1315 673 1481 750 placuisse
1518 674 1719 753 placensque
1756 681 1833 740 Ro-

177 773 356 835 «Domino
382 788 454 834 meo
479 773 626 834 Honorio
654 776 752 849 Papae
780 773 814 833 et
838 788 973 833 succes·
1027 769 1117 831 mani
1154 771 1325 832 Pontificis
1354 774 1528 834 externam
1551 775 1764 849 majestatem
1796 778 1832 838 et

177 885 196 929 c
218 868 348 931 soribus
371 868 438 929 tuis
458 884 587 930 omnem
606 867 827 930 obedientiam
854 870 888 930 et
910 868 973 930 bo-
1026 867 1114 929 domi
1127 867 1160 929 et
1174 867 1304 945 publice
1324 869 1359 929 in
1377 869 1501 930 vestitu
1518 870 1551 931 et
1568 871 1658 932 victu
1680 887 1722 933 ao
1751 873 1834 934 reli-

177 966 461 1028 «noriiicentiam
488 965 664 1041 exhibebo,
684 982 782 1044 quam
806 966 916 1027 devoti
940 967 974 1027 et
1027 982 1090 1044 quo
1110 968 1229 1028 ornatu
1253 982 1326 1027 esse
1346 967 1545 1029 servandam
1568 984 1628 1045 pro
1653 969 1714 1031 illa
1734 971 1833 1033 tanta

32 1048 35 1055 ’
56 1112 62 1123 .
177 1081 196 1125 c
217 1064 373 1127 catholici
394 1065 612 1142 imperatores
631 1065 875 1126 consueverunt
895 1064 972 1126 Sedi
1027 1063 1242 1125 pontificatus
1257 1064 1428 1140 dignitate.

177 1163 415 1240 «apostolicae
437 1162 613 1237 exliibere3
631 1162 706 1223 etsi
721 1163 974 1240 propternego·
1068 1161 1132 1223 Sed
1158 1162 1194 1223 ut
1222 1162 1264 1223 ad
1290 1163 1497 1225 Fridericum
1526 1164 1718 1237 redeamus,
1748 1183 1835 1243 pro-

177 1260 299 1322 «tium
327 1275 438 1323 meum
458 1263 641 1323 Romanam
665 1260 847 1323 Ecclesiam
868 1275 972 1337 opor·
1027 1255 1137 1317 missis
1151 1256 1290 1319 illenon
1305 1258 1423 1320 stetit:
1448 1258 1570 1321 obiitus
1585 1260 1675 1323 enim
1690 1277 1768 1323 sese
1788 1261 1831 1323 ab

177 1358 319 1420 «tuerit
353 1358 525 1420 incurrere
565 1373 740 1434 guerram,
778 1357 972 1419 subveniam
1026 1353 1163 1417 ineunte
1179 1354 1276 1417 aetate
1290 1354 1352 1416 sub
1365 1358 1524 1419 Romanae
1542 1357 1701 1420 Ecclesiae
1722 1359 1832 1421 tutela

177 1455 261 1528 «ei,
286 1454 373 1517 sicut
388 1455 570 1517 necessitas
594 1456 821 1532 postulaverit,
848 1456 884 1517 in
913 1471 975 1518 ex·
1027 1449 1132 1518 fuisse
1156 1468 1223 1514 non
1242 1453 1339 1515 modo
1365 1453 1551 1527 educatum,
1578 1471 1697 1517 verum
1725 1457 1832 1519 etiarn

177 1553 341 1630 «pensis.
376 1554 494 1615 Omnia
534 1569 614 1615 vero
646 1552 873 1631 suprascripta
904 1554 974 1615 tarn
1028 1549 1137 1613 studio
1157 1553 1382 1614 Romanorum
1402 1551 1611 1626 Poniiiicum,
1634 1554 1691 1630 qui
1720 1556 1831 1616 Cons-

177 1651 403 1728 «juramento
432 1666 531 1728 quam
566 1650 689 1729 scripto
725 1651 865 1713 iirmabo
898 1666 973 1713 cum
1026 1648 1141 1710 tantiae
1154 1648 1271 1713 matris
1290 1649 1424 1726 nuptias
1438 1651 1637 1727 apostolice
1657 1652 1833 1729 dispensa·

177 1763 197 1808 «
218 1747 348 1825 imperii
375 1747 469 1810 luero
494 1763 652 1811 coronam
674 1748 824 1826 adeptus.
854 1750 974 1810 Datum
1027 1745 1129 1807 tionis
1143 1744 1304 1808 beneflcio
1317 1746 1532 1820 admiserant,
1549 1747 1655 1810 inisse
1670 1765 1832 1826 procrea·

177 1860 306 1907 canno
321 1846 502 1906 Dominicae
513 1846 758 1909 incarnationis
769 1848 847 1908 1219
858 1863 973 1908 mense
1028 1842 1117 1915 tum,
1153 1844 1257 1906 nimia
1290 1843 1413 1906 abusus
1448 1844 1583 1907 licentia
1622 1846 1666 1907 ab
1706 1848 1829 1909 matris

177 1958 197 2003 c
219 1943 415 2019 Septembri.
437 1943 621 2005 interfuere
646 1944 793 2022 episcopi
818 1944 975 2021 Argenti·
1029 1941 1355 2013 constantiopolim,
1372 1945 1467 2021 cujns
1489 1943 1640 2006 sollertia
1659 1944 1696 2005 in
1715 1945 1831 2006 officio

177 2056 197 2101 c
216 2041 344 2113 nensis,
365 2044 398 2103 et
421 2041 635 2114 Basileensis,
658 2041 795 2103 abbates
826 2045 859 2104 S.
887 2043 974 2105 Galli
1028 2038 1269 2112 continebatur,
1296 2056 1407 2102 mores
1430 2041 1645 2119 animumque
1668 2042 1833 2106 immuta-

177 2137 460 2212 «ldorbacensis,
497 2140 530 2202 et
564 2140 869 2216 wirseburgensis,
906 2142 975 2203 dux
1027 2137 1086 2198 vit.
1114 2138 1200 2199 Nam
1223 2139 1457 2216 praeterquod
1481 2140 1641 2203 Tbomam
1670 2142 1705 2202 et
1739 2143 1834 2203 Mat-

176 2236 444 2313 «Lotbaringiae
479 2238 513 2299 et
543 2237 671 2315 aliquot
695 2238 832 2300 comites
858 2255 877 2297 s
899 2237 971 2318 (1).
1028 2235 1152 2296 ibaeum
1169 2235 1298 2300 Tusciae
1317 2237 1461 2314 partium
1478 2237 1698 2314 quarumdam
1718 2240 1833 2300 comi-

177 2334 307 2397 Gorona
318 2335 431 2411 itaque
442 2338 597 2412 suscepta
612 2335 784 2397 Decembri
799 2353 924 2410 mense,
938 2339 975 2399 ut
1028 2335 1089 2404 tes,
1106 2333 1213 2411 quiin
1233 2334 1355 2411 Apulia
1370 2335 1492 2412 oppida
1512 2336 1665 2413 quaedam
1688 2336 1832 2399 invase-

175 2431 321 2496 Blondus
344 2434 461 2495 narrat
483 2435 561 2494 Dec.
579 2435 611 2503 2,
633 2432 689 2495 lib.
705 2436 746 2496 7:
770 2435 902 2497 Platina
916 2457 925 2510 ;
941 2436 975 2496 et
1028 2432 1104 2493 rant
1117 2430 1232 2494 tuendi
1246 2432 1470 2495 Ecclesiastici
1481 2434 1569 2509 juris
1584 2449 1701 2506 causa,
1720 2434 1782 2495 ilie
1797 2434 1831 2495 in

175 2529 335 2596 runem.
351 2534 476 2595 Obruit.
488 2535 525 2593 H
526 2534 746 2607 irsuupicnst.
1028 2544 1085 2590 eos
1100 2529 1229 2590 saeritia
1244 2546 1337 2602 usus,
1347 2529 1444 2592 bonis
1457 2530 1611 2593 omnibns
1626 2531 1829 2604 nudauerat,

217 2626 254 2690 ld
268 2628 358 2689 certe
371 2629 405 2691 et
418 2628 609 2690 ilridericus
623 2627 832 2705 magnilocit,
847 2630 880 2691 et
903 2629 974 2692 suis
1029 2629 1065 2688 ut
1080 2628 1300 2704 Uspergensis
1315 2628 1455 2690 annotat
1470 2644 1559 2691 anno
1578 2630 1711 2690 Domini
1735 2632 1828 2690 1221.

177 2724 311 2801 scriptis
337 2724 468 2802 publice
490 2728 692 2787 contestatus
716 2727 785 2798 est,
802 2727 899 2804 quasi
919 2727 975 2788 in·
1028 2724 1174 2800 Cumque
1202 2724 1316 2786 nosset
1335 2740 1393 2786 eos
1418 2725 1460 2786 ad
1485 2728 1644 2788 Romanae
1668 2726 1830 2788 Ecclesiae

175 2836 259 2899 gens
277 2822 410 2900 aliquod
437 2823 634 2885 beneficium
655 2823 867 2900 suscepisset.
892 2824 976 2885 Irri-

175 2920 243 2983 um
271 2919 383 2981 tamen
415 2920 512 2982 iidem
547 2920 643 2994 iecit,
674 2937 773 2998 quam
806 2921 973 2998 pollicitus

176 3014 304 3079 inisset.
333 3020 370 3079 in
396 3019 623 3081 coronationis
650 3019 876 3081 testimonium
901 3020 973 3083 haec

175 3113 282 3193 ipsius
292 3116 456 3178 Friderici
477 3117 579 3179 rerba
592 3120 669 3179 sunt
682 3117 716 3178 in
731 3118 973 3179 Constitutione

176 3228 237 3274 sua
252 3214 415 3290 quadam:
431 3231 451 3275 s
472 3215 590 3288 indie,
608 3215 725 3293 inquit,
743 3231 808 3292 qua
821 3214 861 3276 de
871 3231 973 3276 manu

175 3326 195 3371 c
216 3312 425 3376 sanctissimi
445 3313 554 3374 Patris
573 3313 680 3375 nostri
705 3313 831 3374 Summi
858 3313 974 3375 Ponti-

175 3423 195 3468 «
215 3408 288 3471 dcis
302 3411 487 3486 recepimus
508 3412 642 3488 Imperii
657 3411 821 3483 diadema,
839 3412 974 3474 curavi-

175 3521 195 3566 c
217 3522 291 3567 mus
317 3507 359 3569 ad
387 3509 447 3569 Dei
473 3512 506 3570 et
531 3509 689 3571 Ecclesiae
715 3525 784 3571 suaa
810 3509 972 3573 bonorem

175 3603 315 3666 cedere
339 3605 500 3681 quasdam
522 3606 625 3682 leges,
647 3622 730 3683 quas
753 3607 789 3667 in
814 3606 972 3684 praesenti

175 3716 195 3761 c
215 3702 337 3778 pagina
352 3702 507 3764 duximus
521 3704 688 3772 annotari,
704 3720 764 3781 per
773 3706 877 3766 totum
892 3721 973 3766 nos-

174 3800 304 3861 «trum
327 3800 504 3877 imperium
530 3801 763 3879 publicandas;
790 3805 878 3864 Sane
904 3805 974 3864 Ro-

174 3912 194 3957 «
214 3897 305 3959 mani
327 3898 505 3961 Pontifices
521 3902 613 3961 ueste
628 3899 804 3960 admodum
828 3900 972 3977 simplici

174 4010 256 4056 ‹ac
279 3996 426 4058 modesta
448 4000 605 4073 utuntur3
630 4014 693 4059 nec
718 3999 900 4075 pretiosam
919 4000 974 4059 iu-

174 4092 319 4156 ‹duunt
339 4095 474 4172 propter
496 4110 544 4167 se,
569 4094 628 4156 sed
655 4098 791 4174 propter
811 4096 972 4159 bonorem

174 4190 400 4267 «dignitatis,
436 4192 567 4269 quoties
599 4192 752 4254 diadema
786 4193 973 4255 Cesaribus

174 4305 194 4347 ‹
215 4292 275 4350 aut
296 4289 432 4365 regibus
454 4290 639 4368 imponunt,
658 4293 718 4355 aut
736 4294 870 4368 propter
886 4291 974 4352 diri-

174 4401 194 4444 «
215 4401 294 4448 num
316 4387 452 4459 cultum,
473 4392 509 4451 ut
533 4390 703 4452 Honorius
725 4389 805 4451 iecit
825 4390 860 4451 in
875 4404 974 4451 coro-

174 4485 352 4546 «natione
376 4488 562 4559 Caesarum,
585 4490 619 4549 et
643 4503 855 4550 successores
882 4490 972 4564 eius,

174 4599 194 4642 c
214 4583 344 4661 quoties
356 4583 398 4645 ad
413 4584 526 4648 divina
541 4586 701 4663 mysteria
722 4585 891 4663 supplices
914 4601 974 4646 ac-

174 4697 194 4742 «
213 4686 397 4744 cesserunt.
412 4685 450 4744 ln
461 4683 551 4744 rictu
566 4684 699 4760 quidem
714 4687 748 4744 et
768 4686 847 4760 potu
866 4699 910 4745 ex
929 4684 973 4745 iis

174 4795 287 4857 «quse
310 4782 499 4843 coriimunia
520 4785 614 4853 sunt,
639 4785 781 4844 caeteros
804 4781 972 4858 principes

174 4892 194 4935 c
215 4876 349 4939 utlibet
369 4880 559 4952 imitantur,
586 4880 753 4940 interdum
770 4880 872 4941 etiam
894 4878 970 4939 iru-

175 4989 194 5033 (
214 4974 359 5049 galiores
378 4993 477 5052 quam
491 4994 567 5039 oum
590 4977 712 5053 privati
725 4978 849 5039 esseni.
870 4977 973 5038 Deni-

174 5089 194 5132 (
215 5087 279 5148 que
293 5074 329 5133 nt
343 5072 520 5148 plurimum
533 5080 614 5137 aetas
628 5078 661 5138 et
680 5075 811 5136 senium
828 5090 888 5135 eos
908 5076 973 5135 mi-

174 5187 194 5230 «
216 5184 279 5229 nus
291 5170 418 5230 servire
432 5170 592 5248 uoluptati
602 5172 744 5250 jubent3
760 5172 865 5235 mulia
881 5173 971 5234 enim

175 5284 196 5327 a
216 5270 368 5329 senectus
391 5266 599 5331 incommoda
621 5286 734 5333 secum
753 5268 872 5338 adieri,
894 5273 926 5331 et
942 5270 971 5329 si

175 5382 195 5425 c
215 5364 387 5425 commoda
401 5364 558 5433 adieri-el,
574 5368 609 5427 in
629 5367 846 5429 Pontificibus
859 5372 971 5429 tamen

175 5479 195 5522 c
215 5460 313 5524 debet
323 5462 531 5523 commodum
543 5480 617 5524 esse
631 5481 706 5526 cum
725 5466 864 5527 modo.»
882 5469 973 5527 Hac-

212 5594 254 5665 (ii
274 5594 317 5651 Ex
337 5594 391 5652 lis.
415 5592 516 5651 codice
543 5605 705 5667 pervetusto
731 5613 853 5670 quanam
876 5613 972 5657 renim

175 5666 263 5724 111111
277 5668 409 5724 meminit
423 5666 585 5725 Antoninus
603 5669 645 5724 tit.
663 5669 706 5737 iti,
719 5670 779 5727 ct
801 5668 818 5743 i
836 5670 864 5729 5.

1028 2837 1124 2898 opem
1147 2821 1350 2898 confugisse,
1371 2822 1406 2884 in
1425 2823 1573 2885 deterius
1597 2839 1732 2900 semper
1753 2824 1831 2885 ani·

1028 2935 1117 2980 mum
1129 2919 1245 2993 vertit3
1259 2922 1371 2996 spreta
1389 2920 1478 2981 enim
1497 2919 1724 2997 iurisiurandi
1747 2921 1831 2983 reli·

1027 3016 1126 3092 gione
1138 3033 1237 3095 quam
1258 3018 1450 3079 innocentio
1465 3020 1499 3079 et
1518 3018 1668 3080 Honorio
1690 3018 1830 3096 despon-

1027 3114 1132 3187 derat,
1148 3115 1299 3177 enormia
1313 3116 1417 3177 multa
1436 3118 1487 3178 est
1501 3131 1692 3192 aggressus,
1717 3116 1831 3178 Ponti·

1028 3211 1137 3273 iioiam
1161 3212 1323 3274 divexans
1351 3212 1522 3285 ditionem,
1543 3213 1828 3292 archiepiscopos,

1027 3311 1213 3387 episcopos,
1244 3328 1304 3373 suo
1341 3311 1504 3374 arbitratu
1535 3312 1757 3384 constituens,
1788 3312 1829 3373 ab

1027 3410 1177 3470 Romano
1210 3409 1372 3471 Pontidce
1400 3410 1597 3471 constitutos
1627 3410 1699 3486 ipse
1731 3410 1831 3472 desii·

1027 3507 1137 3580 tuens,
1150 3507 1220 3567 suis
1235 3506 1369 3568 sedibus
1378 3506 1585 3578 deturbabat,
1601 3506 1645 3568 ab
1670 3507 1830 3569 Ecclesiis

1026 3620 1157 3682 quoqne
1186 3604 1305 3681 stipem
1326 3606 1481 3680 exigens,
1506 3606 1606 3682 atque
1631 3605 1701 3666 alia
1727 3607 1830 3667 multa

1026 3704 1061 3763 in
1084 3701 1327 3766 Ecclesiasticae
1351 3702 1518 3764 libertatis
1543 3704 1710 3779 iniuriam
1738 3720 1831 3765 com-

1026 3800 1171 3862 mittens.

1066 3900 1145 3959 Cum
1168 3896 1271 3972 igitur
1291 3896 1332 3960 ob
1357 3897 1429 3959 liaec
1448 3897 1582 3959 tandem
1606 3898 1648 3961 ab
1678 3900 1829 3962 Honorio

1026 3995 1272 4066 admoneretur,
1284 3994 1357 4071 ipse
1369 3995 1574 4056 salutaribus
1587 3997 1725 4058 monitis
1736 4014 1829 4058 num·

1027 4109 1127 4170 quam
1141 4092 1384 4168 obtemperans,
1399 4093 1582 4170 quinimmo
1592 4095 1828 4157 admonentem

1027 4191 1134 4267 magis
1146 4206 1184 4251 ac
1195 4191 1303 4265 magis
1315 4190 1430 4251 indies
1440 4207 1616 4268 spernens.
1631 4194 1830 4256 Pontificem

1026 4290 1159 4354 tandem
1173 4288 1227 4349 vel
1236 4288 1378 4349 insitum
1391 4289 1514 4365 adegit,
1529 4291 1616 4353 utin
1631 4308 1668 4351 se
1683 4293 1829 4354 anatlie-

1027 4388 1125 4453 matis
1143 4386 1309 4464 iudicium
1331 4387 1573 4463 pronuntiaret,
1596 4388 1663 4451 nisi
1687 4389 1832 4467 resipis-

1026 4490 1127 4558 ceret,
1151 4484 1327 4560 ablataque
1347 4486 1550 4556 restitueret,
1571 4486 1608 4546 in
1634 4488 1831 4562 pristinum·

1026 4599 1090 4660 que
1104 4583 1216 4644 omnia
1227 4581 1392 4643 redderet.
1409 4585 1532 4643 l'erum
1547 4600 1623 4644 cum
1638 4584 1752 4646 adbuc
1774 4586 1829 4646 ilie

1026 4683 1062 4743 in
1084 4680 1251 4743 sententia
1280 4680 1485 4756 pertinacius
1511 4680 1672 4753 uererer,
1701 4684 1823 4745 iterato

1026 4779 1193 4840 Honorius
1226 4778 1474 4838 execrationem
1501 4778 1688 4840 decernens
1728 4783 1828 4843 etiam

1026 4877 1167 4956 imperio
1198 4891 1239 4936 ac
1270 4875 1385 4951 regnis
1418 4876 1575 4936 omnibus
1606 4878 1829 4954 dejectionem

1026 4972 1309 5045 comminabatur3
1341 4977 1376 5033 ai
1409 4974 1507 5033 tertio
1540 4974 1645 5034 nimia
1681 4975 1828 5037 hominis

1025 5071 1236 5135 contumacia
1261 5076 1482 5146 exasperatus
1507 5071 1682 5143 Pontifex,
1714 5090 1828 5135 omnes

1026 5170 1169 5247 imperii,
1200 5184 1457 5245 regnorumque,
1485 5169 1607 5245 quibus
1634 5172 1828 5233 Fridericus

1026 5270 1195 5345 praeesset,
1223 5266 1373 5329 subditos
1406 5268 1624 5328 sacramento
1656 5268 1828 5332 fidelitatis

1026 5362 1244 5444 absolvit(·2).

1067 5464 1152 5525 Hinc
1191 5462 1411 5539 plurimorum
1455 5462 1619 5522 malorum
1661 5465 1827 5525 Friderici

1062 5594 1104 5669 (tp
1120 5595 1202 5653 l'inc.
1223 5594 1298 5651 llist.
1317 5594 1367 5652 lib.
1382 5594 1428 5663 dd,
1449 5609 1476 5652 r.
1498 5595 1568 5663 ¹²⁹3
1587 5595 1702 5653 liranta
1721 5597 1825 5654 Sanan.

1026 5666 1076 5724 lib.
1092 5668 1120 5734 l,
1138 5679 1204 5738 cap.
1215 5665 1262 5723 se
