3802 6166
747 344 976 407 EPISTOLAE.
999 345 1077 407 bin.
1103 342 1142 405 ΙΙ.

161 690 214 748 Ad
234 686 441 749 abbatissam
462 687 667 749 mortasterii
690 691 732 748 Β.
751 688 879 747 Marica

453 789 592 847 l'rccca.

422 916 520 975 idac.
540 918 618 975 1117.

153 1045 274 1108 illapsi,
287 1043 375 1100 libii,
388 1042 461 1107 epist.
475 1041 529 1092 iia.
543 1044 644 1094 lissba
655 1043 729 1094 Ponte
744 1042 778 1092 du
793 1043 887 1105 Thali]

122 1160 239 1219 Mandat
262 1167 294 1217 nt
321 1159 497 1232 compleatur
524 1174 660 1216 numerus
682 1174 812 1216 sororum
839 1160 918 1233 juxta

370 1255 475 1306 statuta
494 1248 670 1306 malvaslerii.

165 1373 331 1435 Honorius
347 1372 476 1434 dilectae
492 1371 569 1433 filiae
587 1371 763 1433 abbatissae
786 1388 921 1433 monas-

120 1471 201 1533 terii
217 1471 322 1531 beatae
338 1470 454 1531 Mariae
469 1472 606 1530 Trecen.
660 1501 664 1507 ·

167 1568 316 1645 Exparte
329 1568 386 1628 tua
400 1567 463 1628 tuit
475 1567 798 1645 propositumcoram
810 1566 917 1639 nobis,

122 1667 209 1744 quod
226 1681 326 1743 quum
340 1664 419 1727 olim
434 1664 474 1726 ad
497 1665 770 1727 sustentationem
791 1665 921 1726 monia-

123 1765 205 1824 lium
222 1763 415 1824 monasierii
431 1763 490 1835 tui,
508 1766 580 1840 ejus
593 1779 659 1824 non
675 1764 855 1839 suppetunt
867 1762 919 1823 ta·

123 1861 378 1932 cultates,bonae
387 1861 556 1922 memoriae
573 1860 740 1922 abbatissa
748 1862 827 1921 tnnc
839 1877 921 1937 prae-

123 1960 248 2031 sidens,
274 1961 307 2021 11
327 1960 510 2021 1011111111
528 1958 645 2035 ipsius,
661 1958 807 2035 praestito
819 1961 919 2036 jnra-

124 2059 249 2125 rnento,
277 2056 454 2124 firmarint,
473 2056 558 2133 quod
583 2056 708 2117 nullam
734 2056 774 2117 de
799 2059 919 2119 caetero

123 2155 313 2232 reciperent
333 2155 368 2215 in
386 2171 546 2228 sororem,
564 2154 669 2217 donec
688 2155 729 2216 ad
750 2155 918 2232 quinqua-

121 2255 217 2330 ginta
243 2269 364 2314 ncvem
391 2268 506 2314 earnm
533 2269 691 2314 numerus
719 2253 917 2325 devenisset,

123 2352 332 2430 postmodum
356 2367 436 2412 vero
457 2350 607 2429 quaedam
623 2351 663 2412 de
682 2350 853 2412 sororibus
875 2354 917 2412 M.

122 2450 267 2522 novicia,
278 2466 343 2510 non
355 2448 762 2527 professa,relictohabitn
772 2465 918 2525 egressa,

121 2548 246 2610 exinde
261 2547 391 2609 cuidam
409 2547 560 2623 Albigen.
580 2547 620 2608 de
643 2547 728 2608 lacto
748 2547 921 2608 matrimo-

123 2647 260 2708 nialiter
285 2661 321 2707 se
349 2645 533 2723 conjunxit,
562 2661 636 2707 curn
665 2661 729 2722 quo
758 2645 920 2722 susceptis

119 2748 192 2821 jam
218 2743 332 2805 liberis
353 2744 387 2804 in
408 2742 594 2805 Provinciae
610 2742 759 2820 partibus
775 2759 921 2805 commo-

122 2839 228 2900 ratur.
244 2840 358 2915 Nuper
371 2839 481 2899 autem
496 2854 596 2914 quum
609 2854 673 2899 nna
685 2837 725 2898 de
738 2838 918 2911 1010111101,

125 2936 225 2998 rebus
254 2935 408 2997 humanis
436 2938 604 3013 exempta,
631 2952 697 2998 non
732 2939 920 3014 computata

124 3035 215 3097 dicta
227 3037 283 3108 M„
293 3034 475 3111 completus
484 3036 573 3095 esset
583 3051 740 3095 numerus
754 3037 921 3112 praetaxa-

122 3137 189 3204 tus,
200 3135 235 3195 tu
246 3133 318 3194 loco
331 3133 541 3209 praemonuae
557 3132 597 3193 de
612 3132 810 3208 prudentum
825 3132 920 3193 viro-

125 3248 203 3292 rum
218 3230 356 3293 consilio
372 3230 507 3291 voluisti
522 3230 623 3290 aliam
639 3229 832 3306 subrogare,
847 3246 921 3290 cre·

128 3328 211 3388 deus
226 3326 450 3403 supradictam
463 3328 507 3387 M.
524 3342 590 3387 non
602 3325 722 3387 debere
738 3326 783 3387 do
800 3328 921 3388 caetero

123 3426 161 3486 in
182 3441 335 3486 sororum
358 3440 497 3486 numero
521 3424 718 3501 computari,
742 3424 799 3484 sed
815 3441 921 3501 [inop-

123 3524 178 3585 ter
202 3523 425 3584 reverentiam
455 3522 640 3599 jnravnenti
673 3521 855 3598 adimplere
887 3522 920 3583 id

123 3620 288 3682 hactenus
313 3620 482 3682 distulisti.
509 3623 614 3693 Quum
639 3620 742 3697 igitur
766 3621 921 3698 saepefata

124 3722 169 3780 ll.
186 3719 314 3794 agendo
337 3718 509 3796 praemissa
525 3718 612 3779 dicto
635 3719 836 3780 monasterio
851 3719 923 3780 red·

124 3816 248 3878 diderit
260 3832 296 3877 se
311 3816 493 3892 indignam,
503 3831 564 3876 nec
580 3815 623 3877 sit
637 3816 780 3892 amplius
793 3816 827 3877 in
843 3816 923 3878 alia·

124 3928 200 3973 rum
227 3927 365 3972 numero
396 3910 635 3988 computanda,
665 3910 835 3973 devotioni
857 3912 922 3973 tuae

125 4026 186 4087 per
200 4009 382 4086 apostolica
395 4009 518 4085 scripta
527 4009 733 4081 mandamus,
746 4011 920 4086 quatenus,

126 4108 155 4167 si
178 4107 359 4184 praemissis
375 4106 498 4168 veritas
515 4106 729 4183 suffragatur,
744 4105 847 4168 libere
867 4123 925 4168 su-

124 4204 244 4282 broges
269 4205 369 4267 aliam
395 4205 502 4266 sorori
524 4204 697 4266 deiunctae.
723 4206 843 4266 Datum
858 4206 924 4265 La-

123 4305 233 4366 terani
250 4304 388 4380 septimo
411 4302 485 4363 idus
505 4302 688 4365 decembris
712 4302 923 4379 pontificatus

126 4402 232 4463 nostri
248 4419 335 4463 anno
354 4400 511 4463 secundo

457 4580 596 4667 Llllll'

178 4737 232 4797 Act
255 4735 442 4808 episcopos,
465 4732 601 4795 abbatas
624 4732 657 4793 at
669 4686 876 4806 praepositos

287 4832 546 4907 Satzburpeusis
565 4832 765 4904 proamita.

421 4964 451 5021 ll
473 4962 629 5020 1111111.

253 5079 367 5140 1111111111,
383 5079 442 5142 neg.
456 5079 505 5128 Der
518 5077 584 5128 Sala.
595 5076 724 5127 Erabisch.
735 5075 803 5141 lit]

127 5197 257 5257 Praelatis
269 5196 354 5269 hujus
368 5195 524 5268 provinciae
545 5193 662 5251 mandat
680 5201 711 5251 ut
731 5208 797 5251 cum
817 5192 926 5251 bonore

163 5286 259 5344 debito
274 5285 413 5358 recipiant
422 5282 617 5341 Eberlrardum
632 5281 888 5355 archiepiscopum.

169 5413 344 5487 Quatinus
362 5428 461 5488 quum
475 5426 517 5471 ex
534 5409 725 5471 rationabili
738 5425 839 5471 cansa
854 5427 927 5488 pro·

1708 342 1768 405 554

973 520 1046 583 quae
1066 504 1106 567 ad
1130 503 1274 566 0110111111
1300 520 1394 564 suum
1422 504 1601 580 pertinent,
1627 503 1658 566 ei
1683 502 1769 566 sicut

973 604 1137 675 convenit,
1155 602 1348 665 intendatis.
1514 670 1525 683 ι

1013 704 1130 764 Datum
1143 702 1299 763 Laterani
1312 703 1357 762 Ill
1378 701 1454 762 idus
1474 700 1658 764 decembris
1682 717 1770 780 pon-

973 799 1116 862 tilicatus
1132 800 1239 862 nostri
1255 815 1344 861 anno
1360 799 1516 861 secundo.

1293 995 1452 1083 LXXVI

974 1142 1025 1200 Act
1044 1143 1220 1203 andream
1240 1143 1478 1202 coarctionem
1495 1141 1769 1202 messanensem.

1269 1261 1380 1320 13101.
1402 1263 1482 1320 1117.

1021 1378 1156 1443 [Thaidem
1170 1378 1255 1430 Codex
1264 1378 1444 1442 diplomaticus
1454 1377 1566 1428 liomiuii
1577 1383 1656 1442 temp.
1670 1383 1689 1428 t.
1703 1379 1724 1436 l,

1278 1473 1303 1522 p.
1317 1458 1356 1517 is,
1373 1474 1397 1508 u.
1411 1459 1463 1523 oo]

1001 1565 1170 1627 Conceditur
1184 1567 1213 1622 in
1229 1564 1344 1623 lendum
1358 1565 1515 1623 biarchioni
1527 1568 1618 1625 110011
1631 1568 1744 1624 Massa.
1852 1648 1855 1655 Ι

1014 1694 1181 1756 Honorius
1196 1694 1370 1771 episcopus
1386 1710 1502 1756 servus
1513 1711 1684 1756 servorum
1698 1695 1769 1767 Dei,

974 1792 1095 1855 dilecto
1115 1793 1183 1853 tilio
1204 1792 1308 1853 nobili
1327 1792 1400 1854 viro
1422 1793 1562 1854 Andreae
1586 1792 1774 1855 marchioni

975 1891 1193 1963 ltassanensi,
1212 1890 1353 1951 salutem
1375 1892 1409 1952 et
1430 1891 1647 1969 apostolicam
1665 1890 1773 1952 bene-

975 1988 1166 2050 dictionem.

1014 2087 1156 2163 Dignum
1183 2087 1234 2148 est
1262 2087 1294 2148 et
1317 2087 1462 2149 naturali
1491 2087 1646 2148 convenit
1666 2087 1775 2164 aequi·
1854 2128 1863 2137 .

973 2185 1045 2257 tati,
1067 2185 1103 2246 ut
1129 2201 1197 2256 eos,
1224 2184 1281 2261 qui
1306 2186 1517 2261 pergratum
1540 2185 1665 2246 devotae
1689 2184 1772 2245 obe-

974 2282 1120 2353 dientiae,
1146 2297 1185 2342 ac
1200 2282 1385 2343 obedientis
1408 2282 1593 2345 devotionis
1615 2282 1772 2344 affectum

975 2382 1097 2441 nostrae
1125 2380 1241 2455 gratiae
1266 2395 1302 2441 se
1323 2380 1489 2456 coaptant,
1522 2380 1645 2441 nostris
1671 2379 1776 2441 bene-

975 2476 1059 2537 ficiis
1085 2492 1335 2553 prosequamur,
1371 2477 1428 2554 qui
1458 2477 1663 2554 generaliter
1695 2493 1776 2555 gra-

974 2577 1025 2638 tos
1043 2574 1207 2653 quoslibet
1221 2575 1335 2636 nostra
1348 2575 1500 2651 cupimus
1522 2575 1630 2652 gratia
1650 2591 1777 2652 praeve·
1888 2652 1891 2659 Ι

975 2675 1059 2735 11111.
1087 2672 1129 2735 111
1156 2672 1259 2748 igitur
1288 2673 1430 2749 gratiam
1462 2674 1528 2735 tuae
1559 2672 1774 2735 liberalitatis

975 2786 1160 2847 agnoscens
1171 2770 1329 2831 alliciaris
1339 2770 1490 2833 devotior
1500 2787 1543 2832 ex
1553 2770 1682 2847 devote,
1695 2771 1774 2832 ilde·

975 2870 1113 2932 litatisa
1132 2869 1164 2930 te
1179 2869 1370 2946 iuramento
1394 2870 1540 2947 recepto,
1566 2870 1652 2947 quod
1676 2869 1774 2931 nobis

975 2959 1123 3030 obtulisti
1154 2966 1271 3028 devote
1303 2982 1343 3028 ac
1371 2966 1526 3028 hilariter
1559 2967 1770 3044 praestitisti:

976 3069 1098 3128 Rocam
1113 3066 1231 3125 Massae
1247 3064 1279 3124 et
1292 3063 1392 3124 aliam
1412 3066 1547 3137 terram,
1565 3082 1664 3141 quam
1685 3081 1773 3143 prae-

976 3164 1166 3224 decessores
1181 3162 1229 3222 tni
1246 3160 1432 3222 babuerunt
1451 3178 1470 3222 a
1488 3165 1637 3224 Romana
1657 3164 1801 3225 Flecte--

976 3262 1025 3322 sia
1052 3264 1128 3339 jure
1155 3259 1254 3329 teudi,
1282 3258 1343 3320 tibi
1367 3260 1548 3320 secundnm
1571 3260 1771 3336 Apostolicae

977 3359 1071 3420 Sedis
1098 3356 1370 3418 consuetudinem
1395 3357 1429 3416 in
1451 3356 1585 3417 seudum
1607 3358 1773 3418 concessi·

977 3472 1060 3528 mus,
1076 3455 1109 3516 te
1122 3453 1336 3514 investientes
1352 3454 1391 3514 de
1406 3454 1478 3530 ipsa
1494 3455 1529 3515 in
1545 3458 1659 3516 nostra
1679 3470 1770 3531 prae-

977 3554 1083 3616 sentia
1093 3553 1317 3614 constitutum.
1330 3554 1380 3613 Ne
1393 3552 1495 3628 igitur
1506 3568 1606 3630 super
1615 3553 1655 3614 iis
1666 3554 1773 3630 possit
1873 3612 1878 3619 .

976 3653 1012 3714 in
1028 3652 1194 3729 posterum
1206 3649 1361 3723 dubitari,
1379 3651 1440 3711 bas
1454 3651 1583 3713 litteras
1598 3651 1656 3713 tibi
1672 3652 1774 3712 duxi-

978 3766 1049 3811 mus
1066 3750 1099 3810 in
1116 3748 1340 3810 testimonium
1355 3749 1594 3811 concedendas.

1016 3850 1135 3910 Datum
1148 3847 1304 3908 Laterani
1319 3846 1428 3907 idibus
1450 3847 1646 3916 decembris,
1662 3847 1775 3925 ponti-

978 3947 1094 4008 ficatus
1110 3946 1215 4007 nostri
1231 3961 1318 4006 anno
1334 3945 1491 4007 secundo.

1285 4124 1466 4211 LXXVII

1016 4276 1236 4340 Adabbatam
1250 4279 1292 4337 dc
1307 4276 1467 4337 oratorio
1481 4278 1732 4353 Aridapaacusi.

1272 4396 1381 4456 131110.
1400 4398 1477 4456 1117.

980 4515 1143 4580 [1111111111.
1155 4516 1186 4571 ll,
1194 4515 1268 4580 epist.
1280 4513 1334 4565 7111.
1350 4517 1407 4566 llss.
1418 4516 1455 4566 La
1464 4517 1538 4566 Porta
1551 4516 1585 4566 du
1599 4517 1671 4567 Tbeil
1682 4537 1688 4576 ;
1700 4518 1775 4568 blan·

1156 4596 1236 4662 rique,
1254 4596 1321 4646 Anu.
1342 4594 1499 4655 (1111111111,
1516 4597 1581 4659 lla]

979 4712 1094 4772 Mandat
1122 4712 1270 4770 abbatibus
1292 4720 1322 4770 ut
1346 4719 1481 4770 moneant
1504 4714 1660 4772 canonicos
1678 4715 1776 4773 Sancti

1014 4803 1127 4861 Martini
1142 4803 1316 4859 Turonensis
1334 4817 1371 4859 ne
1386 4801 1516 4859 ditiorant
1528 4803 1660 4861 ordinare
1675 4821 1773 4878 perso-

1014 4906 1067 4950 nas
1081 4891 1199 4949 idoneas
1214 4906 1265 4964 pro
1280 4890 1440 4964 praebendis
1454 4893 1631 4950 vacantibus.

1019 5019 1187 5081 Honorius
1201 5017 1331 5079 dilectis
1347 5017 1424 5079 tiliis
1437 5018 1477 5079 de
1490 5019 1644 5081 oratorio
1656 5023 1778 5084 011111-

980 5117 1081 5178 linen.
1099 5116 1271 5179 abbatibus
1291 5116 1501 5191 andegaven.
1519 5116 1683 5188 dioecesis,
1706 5123 1774 5181 et...

981 5214 1140 5291 magistro
1154 5214 1321 5277 scolarum
1334 5214 1502 5277 Pictaven.

1020 5314 1166 5375 Dilectus
1201 5311 1290 5373 tilius
1325 5314 1390 5383 W„
1415 5316 1599 5389 praecentor
1627 5316 1778 5378 ecclesiae

980 5412 1068 5473 beati
1093 5410 1229 5472 Martini
1259 5413 1438 5483 Turonen.‚
1455 5412 1652 5473 transmissa
1683 5412 1780 5474 nobis

128 5513 273 5574 vinciam
299 5511 407 5587 ipsam
435 5506 740 5589 (salzburgensem)
763 5522 838 5568 eum
855 5507 928 5587 (ar-
982 5510 1140 5587 petitione
1169 5508 1376 5581 monstravit,
1411 5509 1497 5587 quod
1528 5527 1629 5587 quino
1666 5510 1779 5596 plnres

129 5606 392 5687 chlepiscopum)
408 5608 546 5669 visitare
572 5607 761 5683 contigerit,
776 5623 836 5669 vos
852 5624 926 5669 curn
982 5609 1101 5670 vacent
1113 5607 1299 5685 praebendae
1321 5608 1355 5668 in
1375 5608 1516 5670 ecclesia
1536 5610 1728 5681 memorata,
1745 5611 1778 5671 et

130 5712 258 5772 bonore
279 5707 390 5770 debito
411 5706 609 5784 recipientes
641 5704 793 5768 eumdem
816 5705 851 5768 in
872 5706 926 5779 iis,
983 5709 1117 5785 propter
1133 5706 1196 5769 boc
1211 5705 1327 5768 eadem
1349 5705 1459 5768 debito
1476 5705 1616 5769 servitio
1639 5705 1780 5769 detran-
