<?xml version="1.0" encoding="UTF-8"?>
<!DOCTYPE html PUBLIC "-//W3C//DTD XHTML 1.0 Transitional//EN"
    "http://www.w3.org/TR/xhtml1/DTD/xhtml1-transitional.dtd">
<html xmlns="http://www.w3.org/1999/xhtml" xml:lang="en" lang="en">
 <head>
  <title>
</title>
<meta http-equiv="Content-Type" content="text/html;charset=utf-8" />
  <meta name='ocr-system' content='tesseract 3.04.00' />
  <meta name='ocr-capabilities' content='ocr_page ocr_carea ocr_par ocr_line ocrx_word'/>
</head>
<body>
  <div class='ocr_page' id='page_1' title='image "./mediiaevibiblio02horogoog_0519.png"; bbox 0 0 3802 6166; ppageno 0'>
   <div class='ocr_carea' id='block_1_1' title="bbox 108 340 166 399">
    <p class='ocr_par' dir='ltr' id='par_1_1' title="bbox 108 340 166 399">
     <span class='ocr_line' id='line_1_1' title="bbox 108 340 166 399; baseline 0 0"><span class='ocrx_word' id='word_1_1' title='bbox 108 340 166 399; x_wconf 72' lang='lat' dir='ltr'>ool</span> 
     </span>
    </p>
   </div>
   <div class='ocr_carea' id='block_1_2' title="bbox 108 497 906 1359">
    <p class='ocr_par' dir='ltr' id='par_1_2' title="bbox 108 497 906 1359">
     <span class='ocr_line' id='line_1_2' title="bbox 108 497 905 571; baseline 0.004 -12"><span class='ocrx_word' id='word_1_2' title='bbox 108 497 213 560; x_wconf 89' lang='lat' dir='ltr'>belles</span> <span class='ocrx_word' id='word_1_3' title='bbox 234 497 399 571; x_wconf 87' lang='lat' dir='ltr'>humiliat,</span> <span class='ocrx_word' id='word_1_4' title='bbox 427 499 475 561; x_wconf 89' lang='lat' dir='ltr'>ita</span> <span class='ocrx_word' id='word_1_5' title='bbox 496 497 683 562; x_wconf 87' lang='lat' dir='ltr'>voluntaria</span> <span class='ocrx_word' id='word_1_6' title='bbox 713 498 905 562; x_wconf 76' lang='lat' dir='ltr'>obedientes</span> 
     </span>
     <span class='ocr_line' id='line_1_3' title="bbox 110 597 903 675; baseline 0.001 -17"><span class='ocrx_word' id='word_1_7' title='bbox 110 597 252 671; x_wconf 84' lang='lat' dir='ltr'>exaltal3</span> <span class='ocrx_word' id='word_1_8' title='bbox 279 598 428 675; x_wconf 90' lang='lat' dir='ltr'>alioquin</span> <span class='ocrx_word' id='word_1_9' title='bbox 451 597 545 659; x_wconf 92' lang='lat' dir='ltr'>vobis</span> <span class='ocrx_word' id='word_1_10' title='bbox 563 598 726 675; x_wconf 89' lang='lat' dir='ltr'>imputare</span> <span class='ocrx_word' id='word_1_11' title='bbox 743 600 903 675; x_wconf 86' lang='lat' dir='ltr'>poteritis,</span> 
     </span>
     <span class='ocr_line' id='line_1_4' title="bbox 109 693 905 770; baseline 0.003 -17"><span class='ocrx_word' id='word_1_12' title='bbox 109 694 151 766; x_wconf 91' lang='lat' dir='ltr'>si,</span> <span class='ocrx_word' id='word_1_13' title='bbox 170 693 362 755; x_wconf 76' lang='lat' dir='ltr'>obturantes</span> <span class='ocrx_word' id='word_1_14' title='bbox 382 694 573 770; x_wconf 87' lang='lat' dir='ltr'>apostolicis</span> <span class='ocrx_word' id='word_1_15' title='bbox 584 695 820 757; x_wconf 89' lang='lat' dir='ltr'>monitionibus</span> <span class='ocrx_word' id='word_1_16' title='bbox 842 712 905 755; x_wconf 90' lang='lat' dir='ltr'>au-</span> 
     </span>
     <span class='ocr_line' id='line_1_5' title="bbox 109 792 906 868; baseline 0.001 -16"><span class='ocrx_word' id='word_1_17' title='bbox 109 808 163 852; x_wconf 89' lang='lat' dir='ltr'>res</span> <span class='ocrx_word' id='word_1_18' title='bbox 186 793 327 864; x_wconf 88' lang='lat' dir='ltr'>vestras,</span> <span class='ocrx_word' id='word_1_19' title='bbox 348 792 516 868; x_wconf 91' lang='lat' dir='ltr'>vosipsos</span> <span class='ocrx_word' id='word_1_20' title='bbox 539 793 738 854; x_wconf 81' lang='lat' dir='ltr'>induxeritis</span> <span class='ocrx_word' id='word_1_21' title='bbox 757 794 792 853; x_wconf 92' lang='lat' dir='ltr'>in</span> <span class='ocrx_word' id='word_1_22' title='bbox 815 794 906 854; x_wconf 92' lang='lat' dir='ltr'>illius</span> 
     </span>
     <span class='ocr_line' id='line_1_6' title="bbox 109 889 905 968; baseline 0.003 -19"><span class='ocrx_word' id='word_1_23' title='bbox 109 889 315 950; x_wconf 66' lang='lat' dir='ltr'>difficultatis</span> <span class='ocrx_word' id='word_1_24' title='bbox 330 890 517 960; x_wconf 88' lang='lat' dir='ltr'>articulum,</span> <span class='ocrx_word' id='word_1_25' title='bbox 530 891 570 952; x_wconf 89' lang='lat' dir='ltr'>de</span> <span class='ocrx_word' id='word_1_26' title='bbox 585 907 649 968; x_wconf 90' lang='lat' dir='ltr'>qua</span> <span class='ocrx_word' id='word_1_27' title='bbox 659 891 820 968; x_wconf 80' lang='lat' dir='ltr'>expediri,</span> <span class='ocrx_word' id='word_1_28' title='bbox 831 907 905 952; x_wconf 93' lang='lat' dir='ltr'>cum</span> 
     </span>
     <span class='ocr_line' id='line_1_7' title="bbox 109 988 906 1067; baseline 0.004 -19"><span class='ocrx_word' id='word_1_29' title='bbox 109 988 297 1060; x_wconf 90' lang='lat' dir='ltr'>volueritis,</span> <span class='ocrx_word' id='word_1_30' title='bbox 323 1003 388 1048; x_wconf 91' lang='grc'>000</span> <span class='ocrx_word' id='word_1_31' title='bbox 410 988 555 1064; x_wconf 88' lang='lat' dir='ltr'>possitis,</span> <span class='ocrx_word' id='word_1_32' title='bbox 584 1005 659 1049; x_wconf 90' lang='lat' dir='ltr'>cum</span> <span class='ocrx_word' id='word_1_33' title='bbox 685 990 720 1049; x_wconf 92' lang='lat' dir='ltr'>in</span> <span class='ocrx_word' id='word_1_34' title='bbox 738 991 906 1067; x_wconf 88' lang='lat' dir='ltr'>praeterito</span> 
     </span>
     <span class='ocr_line' id='line_1_8' title="bbox 109 1087 906 1164; baseline 0.004 -18"><span class='ocrx_word' id='word_1_35' title='bbox 109 1101 209 1163; x_wconf 88' lang='lat' dir='ltr'>quam</span> <span class='ocrx_word' id='word_1_36' title='bbox 229 1102 348 1161; x_wconf 84' lang='lat' dir='ltr'>graves</span> <span class='ocrx_word' id='word_1_37' title='bbox 377 1087 445 1148; x_wconf 88' lang='lat' dir='ltr'>sint</span> <span class='ocrx_word' id='word_1_38' title='bbox 474 1088 664 1164; x_wconf 74' lang='lat' dir='ltr'>apostolicae</span> <span class='ocrx_word' id='word_1_39' title='bbox 690 1104 810 1149; x_wconf 92' lang='lat' dir='ltr'>manus</span> <span class='ocrx_word' id='word_1_40' title='bbox 832 1088 906 1150; x_wconf 89' lang='lat' dir='ltr'>sitis</span> 
     </span>
     <span class='ocr_line' id='line_1_9' title="bbox 109 1185 904 1264; baseline 0.003 -19"><span class='ocrx_word' id='word_1_41' title='bbox 109 1185 251 1260; x_wconf 86' lang='lat' dir='ltr'>experti.</span> <span class='ocrx_word' id='word_1_42' title='bbox 264 1187 381 1246; x_wconf 88' lang='lat' dir='ltr'>Datum</span> <span class='ocrx_word' id='word_1_43' title='bbox 392 1186 558 1258; x_wconf 81' lang='lat' dir='ltr'>Laterani,</span> <span class='ocrx_word' id='word_1_44' title='bbox 569 1190 662 1247; x_wconf 88' lang='lat' dir='ltr'>sexto</span> <span class='ocrx_word' id='word_1_45' title='bbox 672 1186 738 1247; x_wconf 86' lang='lat' dir='ltr'>kal.</span> <span class='ocrx_word' id='word_1_46' title='bbox 742 1187 904 1264; x_wconf 85' lang='lat' dir='ltr'>januarii,</span> 
     </span>
     <span class='ocr_line' id='line_1_10' title="bbox 110 1283 716 1359; baseline 0.003 -16"><span class='ocrx_word' id='word_1_47' title='bbox 110 1283 324 1359; x_wconf 82' lang='lat' dir='ltr'>pontificatus</span> <span class='ocrx_word' id='word_1_48' title='bbox 337 1284 443 1345; x_wconf 82' lang='lat' dir='ltr'>nostri</span> <span class='ocrx_word' id='word_1_49' title='bbox 458 1299 547 1344; x_wconf 81' lang='lat' dir='ltr'>antro</span> <span class='ocrx_word' id='word_1_50' title='bbox 561 1284 716 1345; x_wconf 89' lang='lat' dir='ltr'>secundo.</span> 
     </span>
    </p>
   </div>
   <div class='ocr_carea' id='block_1_3' title="bbox 739 340 1134 404">
    <p class='ocr_par' dir='ltr' id='par_1_3' title="bbox 739 340 1134 404">
     <span class='ocr_line' id='line_1_11' title="bbox 739 340 1134 404; baseline 0.008 -4"><span class='ocrx_word' id='word_1_51' title='bbox 739 340 967 403; x_wconf 77' lang='lat' dir='ltr'><strong>EPIS&#39;I&#39;OLAE.</strong></span> <span class='ocrx_word' id='word_1_52' title='bbox 991 344 1069 403; x_wconf 87' lang='lat' dir='ltr'><strong>LIB.</strong></span> <span class='ocrx_word' id='word_1_53' title='bbox 1095 346 1134 404; x_wconf 87' lang='lat' dir='ltr'>ll.</span> 
     </span>
    </p>
   </div>
   <div class='ocr_carea' id='block_1_4' title="bbox 1699 350 1760 411">
    <p class='ocr_par' dir='ltr' id='par_1_4' title="bbox 1699 350 1760 411">
     <span class='ocr_line' id='line_1_12' title="bbox 1699 350 1760 411; baseline 0 0"><span class='ocrx_word' id='word_1_54' title='bbox 1699 350 1760 411; x_wconf 74' lang='lat' dir='ltr'>ada</span> 
     </span>
    </p>
   </div>
   <div class='ocr_carea' id='block_1_5' title="bbox 960 502 1763 1369">
    <p class='ocr_par' dir='ltr' id='par_1_5' title="bbox 960 502 1763 1369">
     <span class='ocr_line' id='line_1_13' title="bbox 961 502 1758 581; baseline 0.009 -19"><span class='ocrx_word' id='word_1_55' title='bbox 961 502 1077 564; x_wconf 88' lang='lat' dir='ltr'>damus</span> <span class='ocrx_word' id='word_1_56' title='bbox 1101 505 1283 581; x_wconf 88' lang='lat' dir='ltr'>quatenus,</span> <span class='ocrx_word' id='word_1_57' title='bbox 1315 506 1402 568; x_wconf 90' lang='lat' dir='ltr'>sicut</span> <span class='ocrx_word' id='word_1_58' title='bbox 1430 522 1541 569; x_wconf 90' lang='lat' dir='ltr'>caram</span> <span class='ocrx_word' id='word_1_59' title='bbox 1566 507 1668 569; x_wconf 88' lang='lat' dir='ltr'>babes</span> <span class='ocrx_word' id='word_1_60' title='bbox 1697 509 1758 569; x_wconf 92' lang='lat' dir='ltr'>Di-</span> 
     </span>
     <span class='ocr_line' id='line_1_14' title="bbox 960 601 1761 682; baseline 0.007 -21"><span class='ocrx_word' id='word_1_61' title='bbox 960 601 1072 663; x_wconf 89' lang='lat' dir='ltr'>vinam</span> <span class='ocrx_word' id='word_1_62' title='bbox 1107 603 1141 663; x_wconf 93' lang='lat' dir='ltr'>et</span> <span class='ocrx_word' id='word_1_63' title='bbox 1175 604 1397 681; x_wconf 75' lang='lat' dir='ltr'>apostolicam</span> <span class='ocrx_word' id='word_1_64' title='bbox 1437 606 1597 682; x_wconf 78' lang='lat' dir='ltr'>gratiam,</span> <span class='ocrx_word' id='word_1_65' title='bbox 1634 622 1761 667; x_wconf 93' lang='lat' dir='ltr'>memor</span> 
     </span>
     <span class='ocr_line' id='line_1_15' title="bbox 962 699 1760 781; baseline 0.008 -22"><span class='ocrx_word' id='word_1_66' title='bbox 962 699 1146 760; x_wconf 90' lang='lat' dir='ltr'>litterarum</span> <span class='ocrx_word' id='word_1_67' title='bbox 1169 717 1251 777; x_wconf 92' lang='lat' dir='ltr'>quas</span> <span class='ocrx_word' id='word_1_68' title='bbox 1272 718 1372 779; x_wconf 89' lang='lat' dir='ltr'>super</span> <span class='ocrx_word' id='word_1_69' title='bbox 1389 704 1505 764; x_wconf 92' lang='lat' dir='ltr'>eodem</span> <span class='ocrx_word' id='word_1_70' title='bbox 1534 705 1666 780; x_wconf 88' lang='lat' dir='ltr'>negotio</span> <span class='ocrx_word' id='word_1_71' title='bbox 1689 707 1760 781; x_wconf 89' lang='lat' dir='ltr'>jam</span> 
     </span>
     <span class='ocr_line' id='line_1_16' title="bbox 961 797 1761 879; baseline 0.009 -23"><span class='ocrx_word' id='word_1_72' title='bbox 961 797 1082 858; x_wconf 90' lang='lat' dir='ltr'>dudum</span> <span class='ocrx_word' id='word_1_73' title='bbox 1109 799 1292 861; x_wconf 80' lang='lat' dir='ltr'>direximus</span> <span class='ocrx_word' id='word_1_74' title='bbox 1320 800 1378 861; x_wconf 88' lang='lat' dir='ltr'>tibi</span> <span class='ocrx_word' id='word_1_75' title='bbox 1405 804 1437 862; x_wconf 90' lang='lat' dir='ltr'>et</span> <span class='ocrx_word' id='word_1_76' title='bbox 1463 800 1643 864; x_wconf 85' lang='lat' dir='ltr'>baronibus</span> <span class='ocrx_word' id='word_1_77' title='bbox 1664 803 1761 879; x_wconf 82' lang='lat' dir='ltr'>regni</span> 
     </span>
     <span class='ocr_line' id='line_1_17' title="bbox 960 893 1762 978; baseline 0.009 -23"><span class='ocrx_word' id='word_1_78' title='bbox 960 896 1008 956; x_wconf 85' lang='lat' dir='ltr'>tui</span> <span class='ocrx_word' id='word_1_79' title='bbox 1035 893 1097 975; x_wconf 90' lang='lat' dir='ltr'>(b),</span> <span class='ocrx_word' id='word_1_80' title='bbox 1127 898 1301 959; x_wconf 87' lang='lat' dir='ltr'>Tolosanis</span> <span class='ocrx_word' id='word_1_81' title='bbox 1331 900 1412 976; x_wconf 85' lang='lat' dir='ltr'>ipsis</span> <span class='ocrx_word' id='word_1_82' title='bbox 1453 916 1512 978; x_wconf 91' lang='lat' dir='ltr'>per</span> <span class='ocrx_word' id='word_1_83' title='bbox 1544 902 1577 962; x_wconf 90' lang='lat' dir='ltr'>te</span> <span class='ocrx_word' id='word_1_84' title='bbox 1606 901 1658 963; x_wconf 86' lang='lat' dir='ltr'>vel</span> <span class='ocrx_word' id='word_1_85' title='bbox 1686 903 1762 963; x_wconf 91' lang='lat' dir='ltr'>tuos</span> 
     </span>
     <span class='ocr_line' id='line_1_18' title="bbox 961 994 1763 1075; baseline 0.009 -21"><span class='ocrx_word' id='word_1_86' title='bbox 961 1010 1027 1055; x_wconf 87' lang='lat' dir='ltr'>nou</span> <span class='ocrx_word' id='word_1_87' title='bbox 1051 994 1223 1071; x_wconf 91' lang='lat' dir='ltr'>impendas</span> <span class='ocrx_word' id='word_1_88' title='bbox 1238 997 1290 1057; x_wconf 93' lang='lat' dir='ltr'>vel</span> <span class='ocrx_word' id='word_1_89' title='bbox 1311 997 1457 1075; x_wconf 92' lang='lat' dir='ltr'>impendi</span> <span class='ocrx_word' id='word_1_90' title='bbox 1488 1000 1660 1075; x_wconf 85' lang='lat' dir='ltr'>permittas</span> <span class='ocrx_word' id='word_1_91' title='bbox 1681 1016 1763 1060; x_wconf 88' lang='lat' dir='ltr'>con-</span> 
     </span>
     <span class='ocr_line' id='line_1_19' title="bbox 961 1093 1762 1173; baseline 0.005 -20"><span class='ocrx_word' id='word_1_92' title='bbox 961 1093 1012 1153; x_wconf 91' lang='lat' dir='ltr'>tra</span> <span class='ocrx_word' id='word_1_93' title='bbox 1042 1094 1210 1169; x_wconf 79' lang='lat' dir='ltr'>negotium</span> <span class='ocrx_word' id='word_1_94' title='bbox 1247 1096 1338 1172; x_wconf 90' lang='lat' dir='ltr'>pacis</span> <span class='ocrx_word' id='word_1_95' title='bbox 1372 1098 1405 1157; x_wconf 90' lang='lat' dir='ltr'>et</span> <span class='ocrx_word' id='word_1_96' title='bbox 1435 1096 1524 1168; x_wconf 89' lang='lat' dir='ltr'>fidei,</span> <span class='ocrx_word' id='word_1_97' title='bbox 1548 1112 1587 1158; x_wconf 89' lang='lat' dir='ltr'>ao</span> <span class='ocrx_word' id='word_1_98' title='bbox 1617 1097 1762 1173; x_wconf 85' lang='lat' dir='ltr'>legatum</span> 
     </span>
     <span class='ocr_line' id='line_1_20' title="bbox 961 1192 1762 1273; baseline 0.005 -22"><span class='ocrx_word' id='word_1_99' title='bbox 961 1192 1080 1268; x_wconf 89' lang='lat' dir='ltr'>ipsum,</span> <span class='ocrx_word' id='word_1_100' title='bbox 1097 1208 1193 1269; x_wconf 90' lang='lat' dir='ltr'>quem</span> <span class='ocrx_word' id='word_1_101' title='bbox 1218 1193 1352 1271; x_wconf 90' lang='lat' dir='ltr'>propter</span> <span class='ocrx_word' id='word_1_102' title='bbox 1378 1194 1459 1254; x_wconf 93' lang='lat' dir='ltr'>illud</span> <span class='ocrx_word' id='word_1_103' title='bbox 1486 1195 1527 1257; x_wconf 89' lang='lat' dir='ltr'>ad</span> <span class='ocrx_word' id='word_1_104' title='bbox 1552 1197 1663 1273; x_wconf 88' lang='lat' dir='ltr'>partes</span> <span class='ocrx_word' id='word_1_105' title='bbox 1686 1195 1762 1257; x_wconf 86' lang='lat' dir='ltr'>illas</span> 
     </span>
     <span class='ocr_line' id='line_1_21' title="bbox 961 1289 1761 1369; baseline 0.008 -21"><span class='ocrx_word' id='word_1_106' title='bbox 961 1289 1156 1362; x_wconf 85' lang='lat' dir='ltr'>direximus,</span> <span class='ocrx_word' id='word_1_107' title='bbox 1178 1292 1354 1352; x_wconf 91' lang='lat' dir='ltr'>consilium</span> <span class='ocrx_word' id='word_1_108' title='bbox 1379 1295 1411 1354; x_wconf 90' lang='lat' dir='ltr'>el</span> <span class='ocrx_word' id='word_1_109' title='bbox 1434 1295 1604 1369; x_wconf 80' lang='lat' dir='ltr'>Juvamen,</span> <span class='ocrx_word' id='word_1_110' title='bbox 1633 1294 1688 1356; x_wconf 91' lang='lat' dir='ltr'>sed</span> <span class='ocrx_word' id='word_1_111' title='bbox 1720 1293 1761 1354; x_wconf 90' lang='lat' dir='ltr'>ab</span> 
     </span>
    </p>
   </div>
   <div class='ocr_carea' id='block_1_6' title="bbox 890 1388 1762 1469">
    <p class='ocr_par' dir='ltr' id='par_1_6' title="bbox 890 1388 1762 1469">
     <span class='ocr_line' id='line_1_22' title="bbox 890 1388 1762 1469; baseline 0.007 -23"><span class='ocrx_word' id='word_1_112' title='bbox 890 1456 894 1461; x_wconf 49' lang='grc'><strong>,</strong></span> <span class='ocrx_word' id='word_1_113' title='bbox 961 1402 1075 1448; x_wconf 88' lang='lat' dir='ltr'>eorum</span> <span class='ocrx_word' id='word_1_114' title='bbox 1099 1388 1233 1451; x_wconf 89' lang='lat' dir='ltr'>civitate</span> <span class='ocrx_word' id='word_1_115' title='bbox 1255 1405 1391 1451; x_wconf 79' lang='lat' dir='ltr'>revoces</span> <span class='ocrx_word' id='word_1_116' title='bbox 1417 1406 1531 1453; x_wconf 89' lang='lat' dir='ltr'>omues</span> <span class='ocrx_word' id='word_1_117' title='bbox 1550 1393 1624 1454; x_wconf 90' lang='lat' dir='ltr'>tuos</span> <span class='ocrx_word' id='word_1_118' title='bbox 1640 1392 1695 1469; x_wconf 93' lang='lat' dir='ltr'>qui</span> <span class='ocrx_word' id='word_1_119' title='bbox 1719 1392 1762 1452; x_wconf 89' lang='lat' dir='ltr'>ad</span> 
     </span>
    </p>
   </div>
   <div class='ocr_carea' id='block_1_7' title="bbox 211 1609 806 1684">
    <p class='ocr_par' dir='ltr' id='par_1_7' title="bbox 211 1609 806 1684">
     <span class='ocr_line' id='line_1_23' title="bbox 211 1609 806 1684; baseline -0.003 -16"><span class='ocrx_word' id='word_1_120' title='bbox 211 1610 263 1668; x_wconf 85' lang='lat' dir='ltr'>Ad</span> <span class='ocrx_word' id='word_1_121' title='bbox 274 1609 449 1679; x_wconf 83' lang='lat' dir='ltr'>Jacob-um,</span> <span class='ocrx_word' id='word_1_122' title='bbox 475 1610 661 1684; x_wconf 79' lang='lat' dir='ltr'>Aropouioe</span> <span class='ocrx_word' id='word_1_123' title='bbox 676 1622 806 1683; x_wconf 65' lang='lat' dir='ltr'>repen.</span> 
     </span>
    </p>
   </div>
   <div class='ocr_carea' id='block_1_8' title="bbox 108 1729 909 2179">
    <p class='ocr_par' dir='ltr' id='par_1_8' title="bbox 108 1729 909 2179">
     <span class='ocr_line' id='line_1_24' title="bbox 406 1729 610 1788; baseline 0 0"><span class='ocrx_word' id='word_1_124' title='bbox 406 1731 441 1788; x_wconf 76' lang='lat'>28</span> <span class='ocrx_word' id='word_1_125' title='bbox 456 1729 517 1788; x_wconf 88' lang='lat' dir='ltr'>dec.</span> <span class='ocrx_word' id='word_1_126' title='bbox 532 1731 610 1788; x_wconf 79' lang='grc'><strong>1117.</strong></span> 
     </span>
     <span class='ocr_line' id='line_1_25' title="bbox 143 1836 876 1902; baseline -0.003 -15"><span class='ocrx_word' id='word_1_127' title='bbox 143 1836 280 1902; x_wconf 72' lang='lat' dir='ltr'>[bouquet</span> <span class='ocrx_word' id='word_1_128' title='bbox 294 1837 394 1889; x_wconf 88' lang='lat' dir='ltr'>llecueil</span> <span class='ocrx_word' id='word_1_129' title='bbox 407 1837 640 1896; x_wconf 82' lang='lat' dir='ltr'>desllist.,t.X1X,</span> <span class='ocrx_word' id='word_1_130' title='bbox 653 1852 679 1901; x_wconf 89' lang='lat' dir='ltr'>p.</span> <span class='ocrx_word' id='word_1_131' title='bbox 697 1836 740 1887; x_wconf 81' lang='grc'><strong>1111</strong></span> <span class='ocrx_word' id='word_1_132' title='bbox 751 1856 757 1895; x_wconf 86' lang='lat'>;</span> <span class='ocrx_word' id='word_1_133' title='bbox 768 1838 876 1900; x_wconf 69' lang='lat' dir='ltr'>Regest,</span> 
     </span>
     <span class='ocr_line' id='line_1_26' title="bbox 393 1917 644 1983; baseline 0 -16"><span class='ocrx_word' id='word_1_134' title='bbox 393 1917 439 1967; x_wconf 85' lang='lat' dir='ltr'>ln.</span> <span class='ocrx_word' id='word_1_135' title='bbox 453 1918 566 1983; x_wconf 61' lang='lat' dir='ltr'>tuipse</span> <span class='ocrx_word' id='word_1_136' title='bbox 576 1917 644 1982; x_wconf 75' lang='grc'><strong>000]</strong></span> 
     </span>
     <span class='ocr_line' id='line_1_27' title="bbox 108 2015 909 2090; baseline -0.002 -16"><span class='ocrx_word' id='word_1_137' title='bbox 108 2016 249 2074; x_wconf 87' lang='lat' dir='ltr'>Jacobum</span> <span class='ocrx_word' id='word_1_138' title='bbox 262 2016 337 2089; x_wconf 91' lang='lat' dir='ltr'>quod</span> <span class='ocrx_word' id='word_1_139' title='bbox 352 2032 383 2074; x_wconf 91' lang='lat' dir='ltr'>se</span> <span class='ocrx_word' id='word_1_140' title='bbox 394 2018 539 2090; x_wconf 88' lang='lat' dir='ltr'>ingratum</span> <span class='ocrx_word' id='word_1_141' title='bbox 554 2032 624 2089; x_wconf 86' lang='lat' dir='ltr'>erga</span> <span class='ocrx_word' id='word_1_142' title='bbox 640 2018 798 2074; x_wconf 80' lang='lat' dir='ltr'>itomanam</span> <span class='ocrx_word' id='word_1_143' title='bbox 815 2015 909 2073; x_wconf 79' lang='lat' dir='ltr'>Eccle</span> 
     </span>
     <span class='ocr_line' id='line_1_28' title="bbox 145 2105 907 2179; baseline -0.001 -18"><span class='ocrx_word' id='word_1_144' title='bbox 145 2108 219 2162; x_wconf 86' lang='lat' dir='ltr'>siam</span> <span class='ocrx_word' id='word_1_145' title='bbox 245 2105 369 2178; x_wconf 75' lang='lat' dir='ltr'>praebeat</span> <span class='ocrx_word' id='word_1_146' title='bbox 384 2107 478 2179; x_wconf 83' lang='lat' dir='ltr'>arguit</span> <span class='ocrx_word' id='word_1_147' title='bbox 494 2105 647 2175; x_wconf 86' lang='lat' dir='ltr'>Honorius,</span> <span class='ocrx_word' id='word_1_148' title='bbox 671 2114 826 2177; x_wconf 84' lang='lat' dir='ltr'>monetque</span> <span class='ocrx_word' id='word_1_149' title='bbox 843 2110 873 2161; x_wconf 86' lang='lat' dir='ltr'>nt</span> <span class='ocrx_word' id='word_1_150' title='bbox 892 2118 907 2160; x_wconf 89' lang='lat' dir='ltr'>a</span> 
     </span>
    </p>
   </div>
   <div class='ocr_carea' id='block_1_9' title="bbox 145 2195 907 2341">
    <p class='ocr_par' dir='ltr' id='par_1_9' title="bbox 145 2195 907 2341">
     <span class='ocr_line' id='line_1_29' title="bbox 145 2195 907 2267; baseline 0 -16"><span class='ocrx_word' id='word_1_151' title='bbox 145 2195 296 2252; x_wconf 79' lang='lat' dir='ltr'>Tolosanis</span> <span class='ocrx_word' id='word_1_152' title='bbox 324 2195 465 2253; x_wconf 79' lang='lat' dir='ltr'>desciscat</span> <span class='ocrx_word' id='word_1_153' title='bbox 492 2203 521 2252; x_wconf 85' lang='lat' dir='ltr'>et</span> <span class='ocrx_word' id='word_1_154' title='bbox 547 2209 616 2254; x_wconf 88' lang='lat' dir='ltr'>suas</span> <span class='ocrx_word' id='word_1_155' title='bbox 643 2195 708 2253; x_wconf 90' lang='lat' dir='ltr'>inde</span> <span class='ocrx_word' id='word_1_156' title='bbox 736 2195 834 2267; x_wconf 86' lang='lat' dir='ltr'>copias</span> <span class='ocrx_word' id='word_1_157' title='bbox 861 2208 907 2251; x_wconf 89' lang='lat' dir='ltr'>re·</span> 
     </span>
     <span class='ocr_line' id='line_1_30' title="bbox 145 2284 251 2341; baseline 0 -1"><span class='ocrx_word' id='word_1_158' title='bbox 145 2284 251 2341; x_wconf 86' lang='lat' dir='ltr'>trabat.</span> 
     </span>
    </p>
   </div>
   <div class='ocr_carea' id='block_1_10' title="bbox 108 2393 917 5644">
    <p class='ocr_par' dir='ltr' id='par_1_10' title="bbox 108 2393 917 5644">
     <span class='ocr_line' id='line_1_31' title="bbox 151 2393 909 2472; baseline 0 -18"><span class='ocrx_word' id='word_1_159' title='bbox 151 2395 320 2455; x_wconf 89' lang='lat' dir='ltr'>Honorius</span> <span class='ocrx_word' id='word_1_160' title='bbox 331 2393 909 2472; x_wconf 89' lang='lat' dir='ltr'>episcopus...carissimoinChristo</span> 
     </span>
     <span class='ocr_line' id='line_1_32' title="bbox 109 2492 908 2569; baseline -0.003 -17"><span class='ocrx_word' id='word_1_161' title='bbox 109 2492 193 2563; x_wconf 88' lang='lat' dir='ltr'>filio,</span> <span class='ocrx_word' id='word_1_162' title='bbox 217 2493 340 2553; x_wconf 88' lang='lat' dir='ltr'>illustri</span> <span class='ocrx_word' id='word_1_163' title='bbox 366 2494 438 2569; x_wconf 89' lang='lat' dir='ltr'>regi</span> <span class='ocrx_word' id='word_1_164' title='bbox 455 2498 656 2569; x_wconf 74' lang='lat' dir='ltr'>drogonum,</span> <span class='ocrx_word' id='word_1_165' title='bbox 679 2492 830 2564; x_wconf 90' lang='lat' dir='ltr'>salutem,</span> <span class='ocrx_word' id='word_1_166' title='bbox 846 2492 908 2553; x_wconf 86' lang='lat' dir='ltr'>etc.</span> 
     </span>
     <span class='ocr_line' id='line_1_33' title="bbox 154 2590 911 2668; baseline 0 -17"><span class='ocrx_word' id='word_1_167' title='bbox 154 2591 288 2653; x_wconf 85' lang='lat' dir='ltr'>Utinam</span> <span class='ocrx_word' id='word_1_168' title='bbox 310 2607 412 2668; x_wconf 91' lang='lat' dir='ltr'>prava</span> <span class='ocrx_word' id='word_1_169' title='bbox 434 2591 574 2652; x_wconf 91' lang='lat' dir='ltr'>consilia</span> <span class='ocrx_word' id='word_1_170' title='bbox 600 2592 691 2653; x_wconf 88' lang='lat' dir='ltr'>tuam</span> <span class='ocrx_word' id='word_1_171' title='bbox 715 2590 911 2651; x_wconf 88' lang='lat' dir='ltr'>adolescen-</span> 
     </span>
     <span class='ocr_line' id='line_1_34' title="bbox 108 2688 911 2766; baseline -0.002 -17"><span class='ocrx_word' id='word_1_172' title='bbox 108 2689 192 2749; x_wconf 90' lang='lat' dir='ltr'>tiam</span> <span class='ocrx_word' id='word_1_173' title='bbox 220 2705 286 2750; x_wconf 93' lang='lat' dir='ltr'>nou</span> <span class='ocrx_word' id='word_1_174' title='bbox 311 2689 481 2762; x_wconf 90' lang='lat' dir='ltr'>seducant,</span> <span class='ocrx_word' id='word_1_175' title='bbox 504 2704 564 2751; x_wconf 89' lang='lat' dir='ltr'>nec</span> <span class='ocrx_word' id='word_1_176' title='bbox 590 2688 760 2766; x_wconf 87' lang='lat' dir='ltr'>impellant</span> <span class='ocrx_word' id='word_1_177' title='bbox 783 2688 823 2749; x_wconf 91' lang='lat' dir='ltr'>ad</span> <span class='ocrx_word' id='word_1_178' title='bbox 846 2688 911 2748; x_wconf 91' lang='lat' dir='ltr'>ali-</span> 
     </span>
     <span class='ocr_line' id='line_1_35' title="bbox 111 2786 910 2865; baseline 0 -18"><span class='ocrx_word' id='word_1_179' title='bbox 111 2788 191 2864; x_wconf 90' lang='lat' dir='ltr'>quid</span> <span class='ocrx_word' id='word_1_180' title='bbox 206 2787 393 2848; x_wconf 90' lang='lat' dir='ltr'>faciendnm</span> <span class='ocrx_word' id='word_1_181' title='bbox 414 2804 473 2865; x_wconf 91' lang='lat' dir='ltr'>per</span> <span class='ocrx_word' id='word_1_182' title='bbox 487 2788 572 2865; x_wconf 91' lang='lat' dir='ltr'>quod</span> <span class='ocrx_word' id='word_1_183' title='bbox 590 2786 735 2848; x_wconf 91' lang='lat' dir='ltr'>videaris</span> <span class='ocrx_word' id='word_1_184' title='bbox 757 2787 910 2863; x_wconf 87' lang='lat' dir='ltr'>ingratus</span> 
     </span>
     <span class='ocr_line' id='line_1_36' title="bbox 113 2885 910 2963; baseline -0.004 -16"><span class='ocrx_word' id='word_1_185' title='bbox 113 2886 147 2947; x_wconf 89' lang='lat' dir='ltr'>et</span> <span class='ocrx_word' id='word_1_186' title='bbox 180 2885 351 2946; x_wconf 91' lang='lat' dir='ltr'>immemor</span> <span class='ocrx_word' id='word_1_187' title='bbox 376 2886 612 2947; x_wconf 88' lang='lat' dir='ltr'>beneficiorum</span> <span class='ocrx_word' id='word_1_188' title='bbox 639 2888 672 2947; x_wconf 90' lang='lat' dir='ltr'>et</span> <span class='ocrx_word' id='word_1_189' title='bbox 699 2886 814 2961; x_wconf 81' lang='lat' dir='ltr'>gratiae</span> <span class='ocrx_word' id='word_1_190' title='bbox 837 2901 910 2963; x_wconf 89' lang='lat' dir='ltr'>quae</span> 
     </span>
     <span class='ocr_line' id='line_1_37' title="bbox 112 2983 911 3061; baseline -0.003 -17"><span class='ocrx_word' id='word_1_191' title='bbox 112 2984 304 3061; x_wconf 80' lang='lat' dir='ltr'>Apostollca</span> <span class='ocrx_word' id='word_1_192' title='bbox 317 2984 417 3045; x_wconf 89' lang='lat' dir='ltr'>Sedes</span> <span class='ocrx_word' id='word_1_193' title='bbox 431 2984 490 3046; x_wconf 90' lang='lat' dir='ltr'>tibi</span> <span class='ocrx_word' id='word_1_194' title='bbox 506 2984 632 3046; x_wconf 89' lang='lat' dir='ltr'>studuit</span> <span class='ocrx_word' id='word_1_195' title='bbox 641 2983 810 3055; x_wconf 88' lang='lat' dir='ltr'>exhibere,</span> <span class='ocrx_word' id='word_1_196' title='bbox 827 2983 911 3045; x_wconf 90' lang='lat' dir='ltr'>tede</span> 
     </span>
     <span class='ocr_line' id='line_1_38' title="bbox 113 3081 911 3158; baseline -0.001 -16"><span class='ocrx_word' id='word_1_197' title='bbox 113 3082 250 3143; x_wconf 92' lang='lat' dir='ltr'>illorum</span> <span class='ocrx_word' id='word_1_198' title='bbox 281 3081 434 3143; x_wconf 92' lang='lat' dir='ltr'>manibus</span> <span class='ocrx_word' id='word_1_199' title='bbox 468 3098 549 3158; x_wconf 92' lang='lat' dir='ltr'>quos</span> <span class='ocrx_word' id='word_1_200' title='bbox 588 3081 742 3142; x_wconf 92' lang='lat' dir='ltr'>inimicos</span> <span class='ocrx_word' id='word_1_201' title='bbox 775 3082 911 3158; x_wconf 86' lang='lat' dir='ltr'>reputas</span> 
     </span>
     <span class='ocr_line' id='line_1_39' title="bbox 113 3179 913 3255; baseline -0.003 -14"><span class='ocrx_word' id='word_1_202' title='bbox 113 3180 274 3251; x_wconf 91' lang='lat' dir='ltr'>eruendo,</span> <span class='ocrx_word' id='word_1_203' title='bbox 287 3197 326 3240; x_wconf 90' lang='lat' dir='ltr'>ac</span> <span class='ocrx_word' id='word_1_204' title='bbox 341 3179 508 3241; x_wconf 91' lang='lat' dir='ltr'>reddendo</span> <span class='ocrx_word' id='word_1_205' title='bbox 518 3179 578 3241; x_wconf 92' lang='lat' dir='ltr'>tibi</span> <span class='ocrx_word' id='word_1_206' title='bbox 589 3181 712 3241; x_wconf 87' lang='lat' dir='ltr'>terram</span> <span class='ocrx_word' id='word_1_207' title='bbox 724 3180 813 3240; x_wconf 91' lang='lat' dir='ltr'>tuam</span> <span class='ocrx_word' id='word_1_208' title='bbox 827 3180 913 3255; x_wconf 90' lang='lat' dir='ltr'>pari·</span> 
     </span>
     <span class='ocr_line' id='line_1_40' title="bbox 113 3277 912 3354; baseline -0.004 -14"><span class='ocrx_word' id='word_1_209' title='bbox 113 3280 214 3341; x_wconf 88' lang='lat' dir='ltr'>teret</span> <span class='ocrx_word' id='word_1_210' title='bbox 236 3280 267 3339; x_wconf 86' lang='lat' dir='ltr'>te</span> <span class='ocrx_word' id='word_1_211' title='bbox 284 3280 397 3339; x_wconf 77' lang='lat' dir='ltr'>terrae!</span> <span class='ocrx_word' id='word_1_212' title='bbox 416 3277 568 3339; x_wconf 88' lang='lat' dir='ltr'>Profecto</span> <span class='ocrx_word' id='word_1_213' title='bbox 585 3277 634 3338; x_wconf 89' lang='lat' dir='ltr'>sic</span> <span class='ocrx_word' id='word_1_214' title='bbox 649 3278 748 3354; x_wconf 87' lang='lat' dir='ltr'>coepit</span> <span class='ocrx_word' id='word_1_215' title='bbox 765 3278 912 3354; x_wconf 79' lang='lat' dir='ltr'>Aposto-</span> 
     </span>
     <span class='ocr_line' id='line_1_41' title="bbox 111 3375 912 3438; baseline -0.002 0"><span class='ocrx_word' id='word_1_216' title='bbox 111 3377 179 3438; x_wconf 88' lang='lat' dir='ltr'>lica</span> <span class='ocrx_word' id='word_1_217' title='bbox 192 3376 293 3438; x_wconf 89' lang='lat' dir='ltr'>Sedes</span> <span class='ocrx_word' id='word_1_218' title='bbox 309 3376 482 3438; x_wconf 91' lang='lat' dir='ltr'>ostendere</span> <span class='ocrx_word' id='word_1_219' title='bbox 498 3375 653 3437; x_wconf 88' lang='lat' dir='ltr'>aflectum</span> <span class='ocrx_word' id='word_1_220' title='bbox 673 3392 742 3436; x_wconf 84' lang='lat' dir='ltr'>suae</span> <span class='ocrx_word' id='word_1_221' title='bbox 757 3375 912 3437; x_wconf 90' lang='lat' dir='ltr'>dilectio-</span> 
     </span>
     <span class='ocr_line' id='line_1_42' title="bbox 112 3473 914 3551; baseline 0 -17"><span class='ocrx_word' id='word_1_222' title='bbox 112 3475 166 3535; x_wconf 92' lang='lat' dir='ltr'>nis</span> <span class='ocrx_word' id='word_1_223' title='bbox 182 3475 215 3535; x_wconf 89' lang='grc'>10</span> <span class='ocrx_word' id='word_1_224' title='bbox 236 3474 385 3551; x_wconf 91' lang='lat' dir='ltr'>parvulo,</span> <span class='ocrx_word' id='word_1_225' title='bbox 407 3476 443 3534; x_wconf 91' lang='lat' dir='ltr'>ut</span> <span class='ocrx_word' id='word_1_226' title='bbox 458 3475 575 3535; x_wconf 89' lang='lat' dir='ltr'>merito</span> <span class='ocrx_word' id='word_1_227' title='bbox 591 3474 799 3535; x_wconf 91' lang='lat' dir='ltr'>devotionem</span> <span class='ocrx_word' id='word_1_228' title='bbox 819 3473 914 3534; x_wconf 93' lang='lat' dir='ltr'>inve-</span> 
     </span>
     <span class='ocr_line' id='line_1_43' title="bbox 113 3570 911 3649; baseline -0.003 -16"><span class='ocrx_word' id='word_1_229' title='bbox 113 3573 188 3634; x_wconf 92' lang='lat' dir='ltr'>nire</span> <span class='ocrx_word' id='word_1_230' title='bbox 213 3572 331 3635; x_wconf 87' lang='lat' dir='ltr'>debeat</span> <span class='ocrx_word' id='word_1_231' title='bbox 351 3573 386 3634; x_wconf 93' lang='lat' dir='ltr'>in</span> <span class='ocrx_word' id='word_1_232' title='bbox 410 3572 542 3648; x_wconf 89' lang='lat' dir='ltr'>adulto;</span> <span class='ocrx_word' id='word_1_233' title='bbox 567 3572 606 3633; x_wconf 92' lang='lat' dir='ltr'>ad</span> <span class='ocrx_word' id='word_1_234' title='bbox 626 3572 756 3649; x_wconf 92' lang='lat' dir='ltr'>quodsi</span> <span class='ocrx_word' id='word_1_235' title='bbox 775 3570 911 3633; x_wconf 88' lang='lat' dir='ltr'>tealiud</span> 
     </span>
     <span class='ocr_line' id='line_1_44' title="bbox 113 3669 912 3747; baseline -0.004 -14"><span class='ocrx_word' id='word_1_236' title='bbox 113 3669 912 3747; x_wconf 83' lang='lat' dir='ltr'>nondeberetinducere‚sufficeretquodregnum</span> 
     </span>
     <span class='ocr_line' id='line_1_45' title="bbox 112 3769 914 3845; baseline -0.005 -13"><span class='ocrx_word' id='word_1_237' title='bbox 112 3773 207 3832; x_wconf 88' lang='lat' dir='ltr'>tuum</span> <span class='ocrx_word' id='word_1_238' title='bbox 221 3770 261 3830; x_wconf 88' lang='lat' dir='ltr'>ad</span> <span class='ocrx_word' id='word_1_239' title='bbox 278 3772 460 3831; x_wconf 85' lang='lat' dir='ltr'>Romanam</span> <span class='ocrx_word' id='word_1_240' title='bbox 476 3769 658 3830; x_wconf 83' lang='lat' dir='ltr'>Ecclesiam</span> <span class='ocrx_word' id='word_1_241' title='bbox 675 3769 822 3830; x_wconf 88' lang='lat' dir='ltr'>noscitur</span> <span class='ocrx_word' id='word_1_242' title='bbox 837 3784 914 3845; x_wconf 91' lang='lat' dir='ltr'>per-</span> 
     </span>
     <span class='ocr_line' id='line_1_46' title="bbox 114 3866 913 3949; baseline -0.004 -19"><span class='ocrx_word' id='word_1_243' title='bbox 114 3869 224 3930; x_wconf 87' lang='lat' dir='ltr'>tinere</span> <span class='ocrx_word' id='word_1_244' title='bbox 241 3866 299 3949; x_wconf 89' lang='lat'>(1).</span> <span class='ocrx_word' id='word_1_245' title='bbox 326 3867 521 3929; x_wconf 81' lang='lat' dir='ltr'>Audivimus</span> <span class='ocrx_word' id='word_1_246' title='bbox 547 3871 669 3940; x_wconf 90' lang='lat' dir='ltr'>autem,</span> <span class='ocrx_word' id='word_1_247' title='bbox 693 3867 725 3928; x_wconf 93' lang='lat' dir='ltr'>et</span> <span class='ocrx_word' id='word_1_248' title='bbox 741 3866 913 3928; x_wconf 89' lang='lat' dir='ltr'>audientes</span> 
     </span>
     <span class='ocr_line' id='line_1_47' title="bbox 113 3965 913 4044; baseline -0.005 -15"><span class='ocrx_word' id='word_1_249' title='bbox 113 3967 324 4044; x_wconf 78' lang='lat' dir='ltr'>nequivimus</span> <span class='ocrx_word' id='word_1_250' title='bbox 340 3982 406 4027; x_wconf 94' lang='lat' dir='ltr'>non</span> <span class='ocrx_word' id='word_1_251' title='bbox 423 3966 551 4037; x_wconf 91' lang='lat' dir='ltr'>mirari,</span> <span class='ocrx_word' id='word_1_252' title='bbox 568 3966 654 4042; x_wconf 93' lang='lat' dir='ltr'>quod</span> <span class='ocrx_word' id='word_1_253' title='bbox 668 3965 795 4027; x_wconf 89' lang='lat' dir='ltr'>civibus</span> <span class='ocrx_word' id='word_1_254' title='bbox 810 3965 913 4026; x_wconf 94' lang='lat' dir='ltr'>Tolo-</span> 
     </span>
     <span class='ocr_line' id='line_1_48' title="bbox 115 4063 914 4142; baseline -0.003 -17"><span class='ocrx_word' id='word_1_255' title='bbox 115 4065 220 4136; x_wconf 81' lang='grc'><strong>30013,</strong></span> <span class='ocrx_word' id='word_1_256' title='bbox 251 4064 306 4142; x_wconf 91' lang='lat' dir='ltr'>qui</span> <span class='ocrx_word' id='word_1_257' title='bbox 332 4065 500 4141; x_wconf 81' lang='lat' dir='ltr'>negotium</span> <span class='ocrx_word' id='word_1_258' title='bbox 528 4065 620 4141; x_wconf 87' lang='lat' dir='ltr'>pacis</span> <span class='ocrx_word' id='word_1_259' title='bbox 644 4066 676 4125; x_wconf 91' lang='lat' dir='ltr'>et</span> <span class='ocrx_word' id='word_1_260' title='bbox 697 4063 786 4136; x_wconf 87' lang='lat' dir='ltr'>fidei,</span> <span class='ocrx_word' id='word_1_261' title='bbox 813 4064 914 4125; x_wconf 87' lang='lat' dir='ltr'>tantis</span> 
     </span>
     <span class='ocr_line' id='line_1_49' title="bbox 115 4161 914 4241; baseline -0.003 -18"><span class='ocrx_word' id='word_1_262' title='bbox 115 4178 333 4241; x_wconf 89' lang='lat' dir='ltr'>personarum</span> <span class='ocrx_word' id='word_1_263' title='bbox 354 4163 387 4224; x_wconf 93' lang='lat' dir='ltr'>et</span> <span class='ocrx_word' id='word_1_264' title='bbox 400 4178 512 4223; x_wconf 90' lang='lat' dir='ltr'>rerum</span> <span class='ocrx_word' id='word_1_265' title='bbox 532 4161 699 4222; x_wconf 86' lang='lat' dir='ltr'>laboribus</span> <span class='ocrx_word' id='word_1_266' title='bbox 723 4163 755 4223; x_wconf 91' lang='lat' dir='ltr'>et</span> <span class='ocrx_word' id='word_1_267' title='bbox 775 4161 914 4238; x_wconf 91' lang='lat' dir='ltr'>dispeu-</span> 
     </span>
     <span class='ocr_line' id='line_1_50' title="bbox 114 4259 914 4338; baseline -0.003 -17"><span class='ocrx_word' id='word_1_268' title='bbox 114 4261 180 4322; x_wconf 92' lang='lat' dir='ltr'>diis</span> <span class='ocrx_word' id='word_1_269' title='bbox 197 4262 231 4320; x_wconf 94' lang='lat' dir='ltr'>in</span> <span class='ocrx_word' id='word_1_270' title='bbox 243 4261 310 4321; x_wconf 90' lang='lat' dir='ltr'>illis</span> <span class='ocrx_word' id='word_1_271' title='bbox 321 4260 471 4338; x_wconf 90' lang='lat' dir='ltr'>partibus</span> <span class='ocrx_word' id='word_1_272' title='bbox 486 4262 710 4336; x_wconf 90' lang='lat' dir='ltr'>procuratum,</span> <span class='ocrx_word' id='word_1_273' title='bbox 723 4259 914 4321; x_wconf 90' lang='lat' dir='ltr'>subvertere</span> 
     </span>
     <span class='ocr_line' id='line_1_51' title="bbox 114 4357 915 4435; baseline -0.002 -15"><span class='ocrx_word' id='word_1_274' title='bbox 114 4359 309 4428; x_wconf 89' lang='lat' dir='ltr'>moliuntur,</span> <span class='ocrx_word' id='word_1_275' title='bbox 334 4358 376 4419; x_wconf 94' lang='lat' dir='ltr'>ad</span> <span class='ocrx_word' id='word_1_276' title='bbox 404 4358 466 4419; x_wconf 88' lang='lat' dir='ltr'>boc</span> <span class='ocrx_word' id='word_1_277' title='bbox 491 4357 655 4435; x_wconf 91' lang='lat' dir='ltr'>impendis</span> <span class='ocrx_word' id='word_1_278' title='bbox 682 4357 858 4418; x_wconf 89' lang='lat' dir='ltr'>consilium</span> <span class='ocrx_word' id='word_1_279' title='bbox 883 4359 915 4418; x_wconf 85' lang='lat' dir='ltr'>et</span> 
     </span>
     <span class='ocr_line' id='line_1_52' title="bbox 110 4454 917 4536; baseline -0.005 -17"><span class='ocrx_word' id='word_1_280' title='bbox 110 4461 283 4536; x_wconf 86' lang='lat' dir='ltr'>juvamen,</span> <span class='ocrx_word' id='word_1_281' title='bbox 296 4457 405 4533; x_wconf 88' lang='lat' dir='ltr'>legato</span> <span class='ocrx_word' id='word_1_282' title='bbox 421 4456 617 4533; x_wconf 75' lang='lat' dir='ltr'>apostoncae</span> <span class='ocrx_word' id='word_1_283' title='bbox 631 4455 725 4516; x_wconf 90' lang='lat' dir='ltr'>Sedis</span> <span class='ocrx_word' id='word_1_284' title='bbox 736 4454 798 4533; x_wconf 85' lang='lat' dir='ltr'>(a),</span> <span class='ocrx_word' id='word_1_285' title='bbox 812 4455 845 4515; x_wconf 96' lang='lat' dir='ltr'>in</span> <span class='ocrx_word' id='word_1_286' title='bbox 857 4471 917 4515; x_wconf 90' lang='lat' dir='ltr'>cu-</span> 
     </span>
     <span class='ocr_line' id='line_1_53' title="bbox 109 4553 915 4634; baseline -0.005 -18"><span class='ocrx_word' id='word_1_287' title='bbox 109 4558 167 4634; x_wconf 90' lang='lat' dir='ltr'>jus</span> <span class='ocrx_word' id='word_1_288' title='bbox 183 4555 288 4617; x_wconf 92' lang='lat' dir='ltr'>oculis</span> <span class='ocrx_word' id='word_1_289' title='bbox 304 4555 374 4615; x_wconf 90' lang='lat' dir='ltr'>baec</span> <span class='ocrx_word' id='word_1_290' title='bbox 390 4556 563 4624; x_wconf 90' lang='lat' dir='ltr'>attentant,</span> <span class='ocrx_word' id='word_1_291' title='bbox 581 4554 679 4613; x_wconf 93' lang='lat' dir='ltr'>immo</span> <span class='ocrx_word' id='word_1_292' title='bbox 696 4554 808 4614; x_wconf 90' lang='lat' dir='ltr'>verius</span> <span class='ocrx_word' id='word_1_293' title='bbox 820 4553 915 4614; x_wconf 90' lang='lat' dir='ltr'>nobis</span> 
     </span>
     <span class='ocr_line' id='line_1_54' title="bbox 113 4651 913 4731; baseline -0.005 -16"><span class='ocrx_word' id='word_1_294' title='bbox 113 4654 210 4731; x_wconf 86' lang='lat' dir='ltr'>ipsis,</span> <span class='ocrx_word' id='word_1_295' title='bbox 225 4670 364 4730; x_wconf 93' lang='lat' dir='ltr'>quorum</span> <span class='ocrx_word' id='word_1_296' title='bbox 389 4652 434 4714; x_wconf 90' lang='lat' dir='ltr'>ibi</span> <span class='ocrx_word' id='word_1_297' title='bbox 454 4652 540 4729; x_wconf 88' lang='lat' dir='ltr'>gerit</span> <span class='ocrx_word' id='word_1_298' title='bbox 564 4667 739 4728; x_wconf 90' lang='lat' dir='ltr'>personam</span> <span class='ocrx_word' id='word_1_299' title='bbox 761 4653 794 4713; x_wconf 87' lang='lat' dir='ltr'>et</span> <span class='ocrx_word' id='word_1_300' title='bbox 810 4651 913 4723; x_wconf 86' lang='lat' dir='ltr'>vices,</span> 
     </span>
     <span class='ocr_line' id='line_1_55' title="bbox 114 4751 832 4828; baseline -0.006 -14"><span class='ocrx_word' id='word_1_301' title='bbox 114 4756 146 4815; x_wconf 89' lang='lat' dir='ltr'>te</span> <span class='ocrx_word' id='word_1_302' title='bbox 162 4767 229 4813; x_wconf 90' lang='lat' dir='ltr'>una</span> <span class='ocrx_word' id='word_1_303' title='bbox 244 4768 318 4812; x_wconf 91' lang='lat' dir='ltr'>cum</span> <span class='ocrx_word' id='word_1_304' title='bbox 333 4751 401 4811; x_wconf 88' lang='lat' dir='ltr'>illis</span> <span class='ocrx_word' id='word_1_305' title='bbox 417 4765 582 4828; x_wconf 89' lang='lat' dir='ltr'>opponere</span> <span class='ocrx_word' id='word_1_306' title='bbox 598 4766 664 4811; x_wconf 92' lang='lat' dir='ltr'>non</span> <span class='ocrx_word' id='word_1_307' title='bbox 674 4751 832 4811; x_wconf 86' lang='lat' dir='ltr'>verende.</span> 
     </span>
     <span class='ocr_line' id='line_1_56' title="bbox 155 4847 914 4925; baseline -0.001 -15"><span class='ocrx_word' id='word_1_308' title='bbox 155 4849 317 4922; x_wconf 85' lang='lat' dir='ltr'>Quoniam</span> <span class='ocrx_word' id='word_1_309' title='bbox 330 4849 431 4924; x_wconf 87' lang='lat' dir='ltr'>igitur</span> <span class='ocrx_word' id='word_1_310' title='bbox 442 4849 564 4925; x_wconf 91' lang='lat' dir='ltr'>quanto</span> <span class='ocrx_word' id='word_1_311' title='bbox 580 4847 685 4924; x_wconf 84' lang='lat' dir='ltr'>magis</span> <span class='ocrx_word' id='word_1_312' title='bbox 698 4847 740 4908; x_wconf 90' lang='lat' dir='ltr'>ad</span> <span class='ocrx_word' id='word_1_313' title='bbox 755 4847 914 4909; x_wconf 86' lang='lat' dir='ltr'>bonorem</span> 
     </span>
     <span class='ocr_line' id='line_1_57' title="bbox 114 4945 915 5017; baseline -0.007 -8"><span class='ocrx_word' id='word_1_314' title='bbox 114 4950 207 5010; x_wconf 91' lang='lat' dir='ltr'>tuum</span> <span class='ocrx_word' id='word_1_315' title='bbox 237 4950 270 5008; x_wconf 90' lang='lat' dir='ltr'>et</span> <span class='ocrx_word' id='word_1_316' title='bbox 301 4946 538 5007; x_wconf 80' lang='lat' dir='ltr'>exaltationem</span> <span class='ocrx_word' id='word_1_317' title='bbox 571 4945 788 5017; x_wconf 90' lang='lat' dir='ltr'>intendimus,</span> <span class='ocrx_word' id='word_1_318' title='bbox 823 4948 915 5008; x_wconf 90' lang='lat' dir='ltr'>tanto</span> 
     </span>
     <span class='ocr_line' id='line_1_58' title="bbox 115 5043 914 5123; baseline -0.004 -15"><span class='ocrx_word' id='word_1_319' title='bbox 115 5047 258 5123; x_wconf 91' lang='lat' dir='ltr'>amplius</span> <span class='ocrx_word' id='word_1_320' title='bbox 274 5046 425 5119; x_wconf 88' lang='lat' dir='ltr'>cupimus</span> <span class='ocrx_word' id='word_1_321' title='bbox 439 5061 480 5104; x_wconf 92' lang='lat' dir='ltr'>ne</span> <span class='ocrx_word' id='word_1_322' title='bbox 496 5044 621 5121; x_wconf 91' lang='lat' dir='ltr'>aliquid</span> <span class='ocrx_word' id='word_1_323' title='bbox 635 5043 740 5105; x_wconf 89' lang='lat' dir='ltr'>facias</span> <span class='ocrx_word' id='word_1_324' title='bbox 758 5060 817 5121; x_wconf 92' lang='lat' dir='ltr'>per</span> <span class='ocrx_word' id='word_1_325' title='bbox 828 5046 914 5123; x_wconf 92' lang='lat' dir='ltr'>quod</span> 
     </span>
     <span class='ocr_line' id='line_1_59' title="bbox 115 5141 916 5220; baseline -0.002 -13"><span class='ocrx_word' id='word_1_326' title='bbox 115 5146 205 5207; x_wconf 91' lang='lat' dir='ltr'>circa</span> <span class='ocrx_word' id='word_1_327' title='bbox 219 5148 252 5205; x_wconf 94' lang='lat' dir='ltr'>te</span> <span class='ocrx_word' id='word_1_328' title='bbox 274 5145 387 5204; x_wconf 90' lang='lat' dir='ltr'>nostra</span> <span class='ocrx_word' id='word_1_329' title='bbox 402 5142 509 5219; x_wconf 87' lang='lat' dir='ltr'>gratia</span> <span class='ocrx_word' id='word_1_330' title='bbox 526 5144 695 5220; x_wconf 85' lang='lat' dir='ltr'>tepescere</span> <span class='ocrx_word' id='word_1_331' title='bbox 710 5141 837 5215; x_wconf 89' lang='lat' dir='ltr'>debeat,</span> <span class='ocrx_word' id='word_1_332' title='bbox 856 5146 916 5205; x_wconf 88' lang='lat' dir='ltr'>Se·</span> 
     </span>
     <span class='ocr_line' id='line_1_60' title="bbox 114 5240 916 5317; baseline -0.004 -12"><span class='ocrx_word' id='word_1_333' title='bbox 114 5243 290 5306; x_wconf 86' lang='lat' dir='ltr'>renitatem</span> <span class='ocrx_word' id='word_1_334' title='bbox 330 5245 419 5304; x_wconf 87' lang='lat' dir='ltr'>tuam</span> <span class='ocrx_word' id='word_1_335' title='bbox 450 5257 605 5317; x_wconf 86' lang='lat' dir='ltr'>rogamus</span> <span class='ocrx_word' id='word_1_336' title='bbox 635 5240 669 5302; x_wconf 89' lang='lat' dir='ltr'>et</span> <span class='ocrx_word' id='word_1_337' title='bbox 699 5241 916 5303; x_wconf 84' lang='lat' dir='ltr'>exhortamur</span> 
     </span>
     <span class='ocr_line' id='line_1_61' title="bbox 115 5339 913 5425; baseline -0.005 -21"><span class='ocrx_word' id='word_1_338' title='bbox 115 5342 295 5411; x_wconf 87' lang='lat' dir='ltr'>attentius,</span> <span class='ocrx_word' id='word_1_339' title='bbox 319 5342 352 5401; x_wconf 88' lang='lat' dir='ltr'>et</span> <span class='ocrx_word' id='word_1_340' title='bbox 376 5354 437 5417; x_wconf 90' lang='lat' dir='ltr'>per</span> <span class='ocrx_word' id='word_1_341' title='bbox 461 5339 651 5425; x_wconf 73' lang='lat' dir='ltr'>apostolica</span> <span class='ocrx_word' id='word_1_342' title='bbox 684 5340 808 5415; x_wconf 91' lang='lat' dir='ltr'>scripta</span> <span class='ocrx_word' id='word_1_343' title='bbox 838 5340 913 5412; x_wconf 87' lang='lat' dir='ltr'>tibi,</span> 
     </span>
     <span class='ocr_line' id='line_1_62' title="bbox 115 5436 915 5515; baseline -0.005 -13"><span class='ocrx_word' id='word_1_344' title='bbox 115 5442 204 5502; x_wconf 90' lang='lat' dir='ltr'>sicut</span> <span class='ocrx_word' id='word_1_345' title='bbox 216 5454 401 5515; x_wconf 89' lang='lat' dir='ltr'>possumus,</span> <span class='ocrx_word' id='word_1_346' title='bbox 422 5437 571 5499; x_wconf 87' lang='lat' dir='ltr'>districte</span> <span class='ocrx_word' id='word_1_347' title='bbox 585 5436 806 5514; x_wconf 87' lang='lat' dir='ltr'>praecipiendo</span> <span class='ocrx_word' id='word_1_348' title='bbox 818 5454 915 5499; x_wconf 91' lang='lat' dir='ltr'>man-</span> 
     </span>
     <span class='ocr_line' id='line_1_63' title="bbox 154 5568 916 5644; baseline -0.003 -15"><span class='ocrx_word' id='word_1_349' title='bbox 154 5572 196 5644; x_wconf 87' lang='lat' dir='ltr'>(l)</span> <span class='ocrx_word' id='word_1_350' title='bbox 216 5572 308 5640; x_wconf 83' lang='lat' dir='ltr'>Quom</span> <span class='ocrx_word' id='word_1_351' title='bbox 327 5577 518 5642; x_wconf 85' lang='lat' dir='ltr'>opportunum</span> <span class='ocrx_word' id='word_1_352' title='bbox 554 5568 771 5641; x_wconf 83' lang='lat' dir='ltr'>upillolacobo,</span> <span class='ocrx_word' id='word_1_353' title='bbox 788 5579 916 5643; x_wconf 85' lang='lat' dir='ltr'>petreae</span> 
     </span>
    </p>
   </div>
   <div class='ocr_carea' id='block_1_11' title="bbox 115 5583 916 5785">
    <p class='ocr_par' dir='ltr' id='par_1_11' title="bbox 115 5583 916 5785">
     <span class='ocr_line' id='line_1_64' title="bbox 115 5583 916 5710; baseline -0.005 -6"><span class='ocrx_word' id='word_1_354' title='bbox 115 5652 209 5704; x_wconf 85' lang='lat' dir='ltr'>matre</span> <span class='ocrx_word' id='word_1_355' title='bbox 226 5642 337 5707; x_wconf 85' lang='lat' dir='ltr'>orbato,</span> <span class='ocrx_word' id='word_1_356' title='bbox 351 5642 487 5698; x_wconf 86' lang='lat' dir='ltr'>auxilium</span> <span class='ocrx_word' id='word_1_357' title='bbox 507 5583 601 5697; x_wconf 73' lang='lat' dir='ltr'>tuXerit</span> <span class='ocrx_word' id='word_1_358' title='bbox 625 5642 818 5710; x_wconf 88' lang='lat' dir='ltr'>lunocentius,</span> <span class='ocrx_word' id='word_1_359' title='bbox 840 5656 916 5700; x_wconf 89' lang='lat' dir='ltr'>anno</span> 
     </span>
     <span class='ocr_line' id='line_1_65' title="bbox 118 5711 914 5785; baseline -0.008 -9"><span class='ocrx_word' id='word_1_360' title='bbox 118 5714 200 5784; x_wconf 75' lang='lat' dir='ltr'>tali,</span> <span class='ocrx_word' id='word_1_361' title='bbox 210 5714 240 5770; x_wconf 90' lang='lat' dir='ltr'>iu</span> <span class='ocrx_word' id='word_1_362' title='bbox 259 5727 362 5771; x_wconf 83' lang='lat' dir='ltr'>marrus</span> <span class='ocrx_word' id='word_1_363' title='bbox 380 5712 504 5770; x_wconf 84' lang='lat' dir='ltr'>Simonis</span> <span class='ocrx_word' id='word_1_364' title='bbox 518 5711 554 5768; x_wconf 86' lang='lat' dir='ltr'>de</span> <span class='ocrx_word' id='word_1_365' title='bbox 569 5711 730 5770; x_wconf 83' lang='lat' dir='ltr'>blontelorti</span> <span class='ocrx_word' id='word_1_366' title='bbox 743 5712 855 5785; x_wconf 85' lang='lat' dir='ltr'>tradito,</span> <span class='ocrx_word' id='word_1_367' title='bbox 872 5714 914 5770; x_wconf 89' lang='lat' dir='ltr'>vi·</span> 
     </span>
    </p>
   </div>
   <div class='ocr_carea' id='block_1_12' title="bbox 961 1486 1766 2446">
    <p class='ocr_par' dir='ltr' id='par_1_12' title="bbox 961 1486 1766 2446">
     <span class='ocr_line' id='line_1_66' title="bbox 961 1486 1765 1568; baseline 0.005 -21"><span class='ocrx_word' id='word_1_368' title='bbox 961 1501 1034 1547; x_wconf 91' lang='lat' dir='ltr'>eam</span> <span class='ocrx_word' id='word_1_369' title='bbox 1048 1487 1229 1548; x_wconf 88' lang='lat' dir='ltr'>accessisse</span> <span class='ocrx_word' id='word_1_370' title='bbox 1252 1486 1417 1561; x_wconf 92' lang='lat' dir='ltr'>dicuutur,</span> <span class='ocrx_word' id='word_1_371' title='bbox 1434 1489 1466 1550; x_wconf 94' lang='lat' dir='ltr'>el</span> <span class='ocrx_word' id='word_1_372' title='bbox 1480 1489 1521 1549; x_wconf 89' lang='lat' dir='ltr'>ad</span> <span class='ocrx_word' id='word_1_373' title='bbox 1538 1505 1610 1550; x_wconf 90' lang='lat' dir='ltr'>eam</span> <span class='ocrx_word' id='word_1_374' title='bbox 1631 1492 1765 1568; x_wconf 91' lang='lat' dir='ltr'>propter</span> 
     </span>
     <span class='ocr_line' id='line_1_67' title="bbox 962 1583 1764 1664; baseline 0.007 -21"><span class='ocrx_word' id='word_1_375' title='bbox 962 1583 1025 1645; x_wconf 91' lang='lat' dir='ltr'>boc</span> <span class='ocrx_word' id='word_1_376' title='bbox 1037 1584 1195 1646; x_wconf 89' lang='lat' dir='ltr'>accedere</span> <span class='ocrx_word' id='word_1_377' title='bbox 1211 1585 1251 1646; x_wconf 93' lang='lat' dir='ltr'>de</span> <span class='ocrx_word' id='word_1_378' title='bbox 1271 1588 1391 1647; x_wconf 88' lang='lat' dir='ltr'>caetero</span> <span class='ocrx_word' id='word_1_379' title='bbox 1407 1603 1472 1647; x_wconf 93' lang='lat' dir='ltr'>non</span> <span class='ocrx_word' id='word_1_380' title='bbox 1493 1589 1676 1664; x_wconf 89' lang='lat' dir='ltr'>permittas,</span> <span class='ocrx_word' id='word_1_381' title='bbox 1702 1604 1764 1649; x_wconf 89' lang='lat' dir='ltr'>nec</span> 
     </span>
     <span class='ocr_line' id='line_1_68' title="bbox 963 1680 1763 1760; baseline 0.006 -19"><span class='ocrx_word' id='word_1_382' title='bbox 963 1680 1063 1741; x_wconf 90' lang='lat' dir='ltr'>aliam</span> <span class='ocrx_word' id='word_1_383' title='bbox 1079 1682 1201 1742; x_wconf 88' lang='lat' dir='ltr'>terram</span> <span class='ocrx_word' id='word_1_384' title='bbox 1215 1698 1287 1759; x_wconf 87' lang='lat' dir='ltr'>quae</span> <span class='ocrx_word' id='word_1_385' title='bbox 1304 1683 1500 1760; x_wconf 90' lang='lat' dir='ltr'>inpartibus</span> <span class='ocrx_word' id='word_1_386' title='bbox 1521 1684 1589 1744; x_wconf 91' lang='lat' dir='ltr'>illis</span> <span class='ocrx_word' id='word_1_387' title='bbox 1605 1684 1763 1746; x_wconf 77' lang='lat' dir='ltr'>Ecclesia</span> 
     </span>
     <span class='ocr_line' id='line_1_69' title="bbox 964 1781 1766 1860; baseline 0.001 -19"><span class='ocrx_word' id='word_1_388' title='bbox 964 1782 1120 1841; x_wconf 77' lang='lat' dir='ltr'>Romanae</span> <span class='ocrx_word' id='word_1_389' title='bbox 1133 1781 1267 1842; x_wconf 89' lang='lat' dir='ltr'>nornine</span> <span class='ocrx_word' id='word_1_390' title='bbox 1280 1782 1480 1858; x_wconf 89' lang='lat' dir='ltr'>possidetur,</span> <span class='ocrx_word' id='word_1_391' title='bbox 1493 1783 1575 1844; x_wconf 91' lang='lat' dir='ltr'>etad</span> <span class='ocrx_word' id='word_1_392' title='bbox 1589 1785 1685 1860; x_wconf 89' lang='lat' dir='ltr'>cujus</span> <span class='ocrx_word' id='word_1_393' title='bbox 1697 1782 1766 1843; x_wconf 91' lang='lat' dir='ltr'>tui-</span> 
     </span>
     <span class='ocr_line' id='line_1_70' title="bbox 962 1877 1765 1957; baseline 0.004 -18"><span class='ocrx_word' id='word_1_394' title='bbox 962 1877 1085 1939; x_wconf 92' lang='lat' dir='ltr'>tionem</span> <span class='ocrx_word' id='word_1_395' title='bbox 1101 1878 1245 1953; x_wconf 78' lang='lat' dir='ltr'>legatum</span> <span class='ocrx_word' id='word_1_396' title='bbox 1258 1879 1410 1940; x_wconf 89' lang='lat' dir='ltr'>misimus</span> <span class='ocrx_word' id='word_1_397' title='bbox 1428 1880 1641 1952; x_wconf 90' lang='lat' dir='ltr'>antedictum,</span> <span class='ocrx_word' id='word_1_398' title='bbox 1659 1896 1718 1957; x_wconf 92' lang='lat' dir='ltr'>per</span> <span class='ocrx_word' id='word_1_399' title='bbox 1732 1884 1765 1942; x_wconf 89' lang='lat' dir='ltr'>te</span> 
     </span>
     <span class='ocr_line' id='line_1_71' title="bbox 963 1974 1761 2054; baseline 0.004 -20"><span class='ocrx_word' id='word_1_400' title='bbox 963 1974 1015 2036; x_wconf 91' lang='lat' dir='ltr'>vel</span> <span class='ocrx_word' id='word_1_401' title='bbox 1033 1976 1104 2037; x_wconf 89' lang='lat' dir='ltr'>tuos</span> <span class='ocrx_word' id='word_1_402' title='bbox 1115 1977 1291 2054; x_wconf 80' lang='lat' dir='ltr'>impugnes</span> <span class='ocrx_word' id='word_1_403' title='bbox 1305 1976 1516 2054; x_wconf 88' lang='lat' dir='ltr'>aliquatenus</span> <span class='ocrx_word' id='word_1_404' title='bbox 1526 1979 1578 2039; x_wconf 93' lang='lat' dir='ltr'>vel</span> <span class='ocrx_word' id='word_1_405' title='bbox 1589 1978 1761 2039; x_wconf 90' lang='lat' dir='ltr'>molestes:</span> 
     </span>
     <span class='ocr_line' id='line_1_72' title="bbox 964 2075 1765 2153; baseline 0.007 -22"><span class='ocrx_word' id='word_1_406' title='bbox 964 2089 1078 2151; x_wconf 87' lang='lat' dir='ltr'>preces</span> <span class='ocrx_word' id='word_1_407' title='bbox 1100 2075 1132 2136; x_wconf 91' lang='lat' dir='ltr'>et</span> <span class='ocrx_word' id='word_1_408' title='bbox 1152 2076 1353 2153; x_wconf 88' lang='lat' dir='ltr'>praeceptum</span> <span class='ocrx_word' id='word_1_409' title='bbox 1375 2078 1523 2136; x_wconf 91' lang='lat' dir='ltr'>nostrum</span> <span class='ocrx_word' id='word_1_410' title='bbox 1541 2075 1654 2137; x_wconf 93' lang='lat' dir='ltr'>taliter</span> <span class='ocrx_word' id='word_1_411' title='bbox 1668 2076 1765 2137; x_wconf 89' lang='lat' dir='ltr'>andi-</span> 
     </span>
     <span class='ocr_line' id='line_1_73' title="bbox 963 2172 1765 2250; baseline 0.004 -17"><span class='ocrx_word' id='word_1_412' title='bbox 963 2173 1069 2243; x_wconf 89' lang='lat' dir='ltr'>turus,</span> <span class='ocrx_word' id='word_1_413' title='bbox 1085 2172 1182 2249; x_wconf 90' lang='lat' dir='ltr'>quod,</span> <span class='ocrx_word' id='word_1_414' title='bbox 1210 2172 1246 2233; x_wconf 95' lang='lat' dir='ltr'>in</span> <span class='ocrx_word' id='word_1_415' title='bbox 1260 2175 1293 2234; x_wconf 92' lang='lat' dir='ltr'>te</span> <span class='ocrx_word' id='word_1_416' title='bbox 1315 2172 1522 2235; x_wconf 89' lang='lat' dir='ltr'>devotionem</span> <span class='ocrx_word' id='word_1_417' title='bbox 1544 2175 1710 2250; x_wconf 88' lang='lat' dir='ltr'>speratam</span> <span class='ocrx_word' id='word_1_418' title='bbox 1732 2173 1765 2236; x_wconf 86' lang='lat' dir='ltr'>et</span> 
     </span>
     <span class='ocr_line' id='line_1_74' title="bbox 965 2268 1763 2346; baseline 0.005 -17"><span class='ocrx_word' id='word_1_419' title='bbox 965 2268 1108 2330; x_wconf 90' lang='lat' dir='ltr'>debitam</span> <span class='ocrx_word' id='word_1_420' title='bbox 1124 2273 1352 2346; x_wconf 79' lang='lat' dir='ltr'>agnoscentes,</span> <span class='ocrx_word' id='word_1_421' title='bbox 1369 2271 1410 2331; x_wconf 91' lang='lat' dir='ltr'>ad</span> <span class='ocrx_word' id='word_1_422' title='bbox 1426 2272 1632 2334; x_wconf 89' lang='lat' dir='ltr'>commodum</span> <span class='ocrx_word' id='word_1_423' title='bbox 1648 2272 1681 2333; x_wconf 91' lang='grc'>01</span> <span class='ocrx_word' id='word_1_424' title='bbox 1698 2272 1763 2333; x_wconf 90' lang='lat' dir='ltr'>bo-</span> 
     </span>
     <span class='ocr_line' id='line_1_75' title="bbox 965 2368 1764 2446; baseline 0.004 -19"><span class='ocrx_word' id='word_1_425' title='bbox 965 2383 1079 2429; x_wconf 91' lang='lat' dir='ltr'>norem</span> <span class='ocrx_word' id='word_1_426' title='bbox 1094 2370 1187 2429; x_wconf 86' lang='lat' dir='ltr'>tuum</span> <span class='ocrx_word' id='word_1_427' title='bbox 1198 2368 1381 2430; x_wconf 82' lang='lat' dir='ltr'>ferventius</span> <span class='ocrx_word' id='word_1_428' title='bbox 1393 2369 1594 2446; x_wconf 87' lang='lat' dir='ltr'>aspiremus;</span> <span class='ocrx_word' id='word_1_429' title='bbox 1613 2370 1764 2446; x_wconf 91' lang='lat' dir='ltr'>alioquin</span> 
     </span>
    </p>
   </div>
   <div class='ocr_carea' id='block_1_13' title="bbox 964 2448 1889 2541">
    <p class='ocr_par' dir='ltr' id='par_1_13' title="bbox 964 2448 1889 2541">
     <span class='ocr_line' id='line_1_76' title="bbox 964 2448 1889 2541; baseline 0.006 -16"><span class='ocrx_word' id='word_1_430' title='bbox 964 2465 1010 2526; x_wconf 92' lang='lat' dir='ltr'>ita</span> <span class='ocrx_word' id='word_1_431' title='bbox 1026 2482 1139 2541; x_wconf 91' lang='lat' dir='ltr'>posses</span> <span class='ocrx_word' id='word_1_432' title='bbox 1154 2469 1268 2528; x_wconf 90' lang='lat' dir='ltr'>contra</span> <span class='ocrx_word' id='word_1_433' title='bbox 1284 2468 1317 2528; x_wconf 90' lang='lat' dir='ltr'>te</span> <span class='ocrx_word' id='word_1_434' title='bbox 1333 2483 1393 2527; x_wconf 89' lang='lat' dir='ltr'>nos</span> <span class='ocrx_word' id='word_1_435' title='bbox 1403 2469 1436 2528; x_wconf 90' lang='lat' dir='ltr'>et</span> <span class='ocrx_word' id='word_1_436' title='bbox 1447 2469 1629 2529; x_wconf 87' lang='lat' dir='ltr'>Romanam</span> <span class='ocrx_word' id='word_1_437' title='bbox 1644 2468 1764 2529; x_wconf 85' lang='lat' dir='ltr'>Eccle-</span> <span class='ocrx_word' id='word_1_438' title='bbox 1838 2532 1841 2537; x_wconf 79' lang='grc'><strong>,</strong></span> <span class='ocrx_word' id='word_1_439' title='bbox 1884 2448 1889 2455; x_wconf 48' lang='grc'>’</span> 
     </span>
    </p>
   </div>
   <div class='ocr_carea' id='block_1_14' title="bbox 965 2565 1765 2922">
    <p class='ocr_par' dir='ltr' id='par_1_14' title="bbox 965 2565 1765 2922">
     <span class='ocr_line' id='line_1_77' title="bbox 965 2565 1765 2644; baseline 0.004 -20"><span class='ocrx_word' id='word_1_440' title='bbox 965 2565 1048 2625; x_wconf 90' lang='lat' dir='ltr'>siam</span> <span class='ocrx_word' id='word_1_441' title='bbox 1072 2581 1268 2642; x_wconf 88' lang='lat' dir='ltr'>provocare,</span> <span class='ocrx_word' id='word_1_442' title='bbox 1300 2567 1385 2644; x_wconf 91' lang='lat' dir='ltr'>quod</span> <span class='ocrx_word' id='word_1_443' title='bbox 1412 2583 1552 2641; x_wconf 86' lang='lat' dir='ltr'>regnum</span> <span class='ocrx_word' id='word_1_444' title='bbox 1577 2567 1670 2629; x_wconf 92' lang='lat' dir='ltr'>tuum</span> <span class='ocrx_word' id='word_1_445' title='bbox 1706 2582 1765 2643; x_wconf 90' lang='lat' dir='ltr'>per</span> 
     </span>
     <span class='ocr_line' id='line_1_78' title="bbox 965 2665 1763 2743; baseline 0.001 -19"><span class='ocrx_word' id='word_1_446' title='bbox 965 2665 1141 2724; x_wconf 89' lang='lat' dir='ltr'>extraneas</span> <span class='ocrx_word' id='word_1_447' title='bbox 1170 2667 1285 2740; x_wconf 88' lang='lat' dir='ltr'>gentes</span> <span class='ocrx_word' id='word_1_448' title='bbox 1312 2666 1530 2741; x_wconf 90' lang='lat' dir='ltr'>comprimere</span> <span class='ocrx_word' id='word_1_449' title='bbox 1558 2680 1763 2743; x_wconf 85' lang='lat' dir='ltr'>cogeremur.</span> 
     </span>
     <span class='ocr_line' id='line_1_79' title="bbox 965 2761 1764 2842; baseline 0.004 -21"><span class='ocrx_word' id='word_1_450' title='bbox 965 2761 1082 2822; x_wconf 88' lang='lat' dir='ltr'>Datum</span> <span class='ocrx_word' id='word_1_451' title='bbox 1098 2762 1264 2834; x_wconf 87' lang='lat' dir='ltr'>Laterani,</span> <span class='ocrx_word' id='word_1_452' title='bbox 1284 2762 1387 2824; x_wconf 78' lang='lat' dir='ltr'>vival.</span> <span class='ocrx_word' id='word_1_453' title='bbox 1399 2763 1560 2839; x_wconf 84' lang='lat' dir='ltr'>januarii,</span> <span class='ocrx_word' id='word_1_454' title='bbox 1584 2764 1764 2842; x_wconf 85' lang='lat' dir='ltr'>pontifica-</span> 
     </span>
     <span class='ocr_line' id='line_1_80' title="bbox 965 2860 1414 2922; baseline 0.002 -2"><span class='ocrx_word' id='word_1_455' title='bbox 965 2860 1017 2920; x_wconf 87' lang='lat' dir='ltr'>tus</span> <span class='ocrx_word' id='word_1_456' title='bbox 1031 2860 1136 2921; x_wconf 88' lang='lat' dir='ltr'>nostri</span> <span class='ocrx_word' id='word_1_457' title='bbox 1149 2875 1236 2921; x_wconf 89' lang='lat' dir='ltr'>anuo</span> <span class='ocrx_word' id='word_1_458' title='bbox 1257 2861 1414 2922; x_wconf 85' lang='lat' dir='ltr'>secundo.</span> 
     </span>
    </p>
   </div>
   <div class='ocr_carea' id='block_1_15' title="bbox 1276 3038 1450 3124">
    <p class='ocr_par' dir='ltr' id='par_1_15' title="bbox 1276 3038 1450 3124">
     <span class='ocr_line' id='line_1_81' title="bbox 1276 3038 1450 3124; baseline 0.006 -1"><span class='ocrx_word' id='word_1_459' title='bbox 1276 3038 1450 3124; x_wconf 85' lang='lat' dir='ltr'>LXXXV</span> 
     </span>
    </p>
   </div>
   <div class='ocr_carea' id='block_1_16' title="bbox 967 3181 1761 3335">
    <p class='ocr_par' dir='ltr' id='par_1_16' title="bbox 967 3181 1761 3335">
     <span class='ocr_line' id='line_1_82' title="bbox 967 3181 1761 3257; baseline 0.004 -17"><span class='ocrx_word' id='word_1_460' title='bbox 967 3182 1018 3241; x_wconf 87' lang='lat' dir='ltr'>Ad</span> <span class='ocrx_word' id='word_1_461' title='bbox 1030 3181 1296 3255; x_wconf 82' lang='lat' dir='ltr'>procuratorem</span> <span class='ocrx_word' id='word_1_462' title='bbox 1308 3185 1494 3257; x_wconf 53' lang='lat' dir='ltr'>arragoniae</span> <span class='ocrx_word' id='word_1_463' title='bbox 1508 3183 1541 3243; x_wconf 83' lang='lat' dir='ltr'>et</span> <span class='ocrx_word' id='word_1_464' title='bbox 1561 3182 1761 3245; x_wconf 68' lang='lat' dir='ltr'>cataloniae.</span> 
     </span>
     <span class='ocr_line' id='line_1_83' title="bbox 1267 3276 1464 3335; baseline -0.01 0"><span class='ocrx_word' id='word_1_465' title='bbox 1267 3276 1371 3335; x_wconf 68' lang='lat' dir='ltr'>aenea</span> <span class='ocrx_word' id='word_1_466' title='bbox 1387 3278 1464 3334; x_wconf 76' lang='grc'><strong>1217.</strong></span> 
     </span>
    </p>
   </div>
   <div class='ocr_carea' id='block_1_17' title="bbox 1001 3391 1734 3538">
    <p class='ocr_par' dir='ltr' id='par_1_17' title="bbox 1001 3391 1734 3538">
     <span class='ocr_line' id='line_1_84' title="bbox 1001 3391 1734 3458; baseline -0.004 -15"><span class='ocrx_word' id='word_1_467' title='bbox 1001 3394 1135 3458; x_wconf 67' lang='lat' dir='ltr'>[bouquet</span> <span class='ocrx_word' id='word_1_468' title='bbox 1145 3392 1245 3445; x_wconf 80' lang='grc'><strong>11000011</strong></span> <span class='ocrx_word' id='word_1_469' title='bbox 1254 3392 1298 3442; x_wconf 88' lang='lat' dir='ltr'>des</span> <span class='ocrx_word' id='word_1_470' title='bbox 1308 3391 1371 3442; x_wconf 89' lang='lat' dir='ltr'>llist.</span> <span class='ocrx_word' id='word_1_471' title='bbox 1382 3392 1412 3442; x_wconf 89' lang='lat' dir='ltr'>de</span> <span class='ocrx_word' id='word_1_472' title='bbox 1424 3394 1525 3449; x_wconf 74' lang='lat' dir='ltr'>france,</span> <span class='ocrx_word' id='word_1_473' title='bbox 1534 3397 1554 3441; x_wconf 92' lang='lat' dir='ltr'>t.</span> <span class='ocrx_word' id='word_1_474' title='bbox 1569 3392 1636 3453; x_wconf 86' lang='lat' dir='ltr'>XIX,</span> <span class='ocrx_word' id='word_1_475' title='bbox 1644 3408 1668 3457; x_wconf 94' lang='lat' dir='ltr'>p.</span> <span class='ocrx_word' id='word_1_476' title='bbox 1679 3392 1734 3441; x_wconf 73' lang='lat' dir='ltr'>ola.</span> 
     </span>
     <span class='ocr_line' id='line_1_85' title="bbox 1183 3472 1569 3538; baseline -0.01 -13"><span class='ocrx_word' id='word_1_477' title='bbox 1183 3476 1283 3538; x_wconf 84' lang='lat' dir='ltr'>Regest.</span> <span class='ocrx_word' id='word_1_478' title='bbox 1304 3474 1348 3524; x_wconf 91' lang='lat' dir='ltr'>lib.</span> <span class='ocrx_word' id='word_1_479' title='bbox 1367 3473 1397 3527; x_wconf 91' lang='lat' dir='ltr'>ll.</span> <span class='ocrx_word' id='word_1_480' title='bbox 1413 3473 1487 3537; x_wconf 77' lang='lat' dir='ltr'>epist.</span> <span class='ocrx_word' id='word_1_481' title='bbox 1501 3472 1569 3537; x_wconf 61' lang='grc'><strong>821]</strong></span> 
     </span>
    </p>
   </div>
   <div class='ocr_carea' id='block_1_18' title="bbox 969 3570 1768 3824">
    <p class='ocr_par' dir='ltr' id='par_1_18' title="bbox 969 3570 1768 3824">
     <span class='ocr_line' id='line_1_86' title="bbox 969 3570 1766 3647; baseline -0.004 -15"><span class='ocrx_word' id='word_1_482' title='bbox 969 3576 1004 3632; x_wconf 84' lang='lat' dir='ltr'>Ut</span> <span class='ocrx_word' id='word_1_483' title='bbox 1024 3588 1123 3647; x_wconf 87' lang='lat' dir='ltr'>regem</span> <span class='ocrx_word' id='word_1_484' title='bbox 1146 3572 1289 3630; x_wconf 85' lang='lat' dir='ltr'>deteneat</span> <span class='ocrx_word' id='word_1_485' title='bbox 1304 3572 1338 3630; x_wconf 85' lang='lat' dir='ltr'>ab</span> <span class='ocrx_word' id='word_1_486' title='bbox 1354 3573 1460 3629; x_wconf 83' lang='lat' dir='ltr'>auxilio</span> <span class='ocrx_word' id='word_1_487' title='bbox 1477 3571 1637 3645; x_wconf 81' lang='lat' dir='ltr'>praestando</span> <span class='ocrx_word' id='word_1_488' title='bbox 1656 3570 1766 3629; x_wconf 88' lang='lat' dir='ltr'>civibus</span> 
     </span>
     <span class='ocr_line' id='line_1_87' title="bbox 1004 3660 1768 3731; baseline -0.001 -13"><span class='ocrx_word' id='word_1_489' title='bbox 1004 3663 1154 3720; x_wconf 81' lang='lat' dir='ltr'>Tolosanis</span> <span class='ocrx_word' id='word_1_490' title='bbox 1178 3664 1315 3720; x_wconf 76' lang='lat' dir='ltr'>Romania</span> <span class='ocrx_word' id='word_1_491' title='bbox 1330 3662 1466 3719; x_wconf 77' lang='lat' dir='ltr'>Ecclesia</span> <span class='ocrx_word' id='word_1_492' title='bbox 1476 3660 1703 3731; x_wconf 85' lang='lat' dir='ltr'>adversantibus,</span> <span class='ocrx_word' id='word_1_493' title='bbox 1718 3661 1768 3717; x_wconf 92' lang='lat' dir='ltr'>mi·</span> 
     </span>
     <span class='ocr_line' id='line_1_88' title="bbox 1005 3752 1475 3824; baseline 0 -16"><span class='ocrx_word' id='word_1_494' title='bbox 1005 3767 1057 3808; x_wconf 86' lang='grc'>003</span> <span class='ocrx_word' id='word_1_495' title='bbox 1068 3752 1189 3809; x_wconf 84' lang='lat' dir='ltr'>intentat</span> <span class='ocrx_word' id='word_1_496' title='bbox 1201 3766 1307 3824; x_wconf 87' lang='lat' dir='ltr'>graves</span> <span class='ocrx_word' id='word_1_497' title='bbox 1322 3752 1475 3809; x_wconf 85' lang='lat' dir='ltr'>Honorius.</span> 
     </span>
    </p>
   </div>
   <div class='ocr_carea' id='block_1_19' title="bbox 969 3865 1769 4924">
    <p class='ocr_par' dir='ltr' id='par_1_19' title="bbox 969 3865 1766 4137">
     <span class='ocr_line' id='line_1_89' title="bbox 1011 3865 1766 3946; baseline -0.004 -17"><span class='ocrx_word' id='word_1_498' title='bbox 1011 3868 1179 3929; x_wconf 90' lang='lat' dir='ltr'>Honorius</span> <span class='ocrx_word' id='word_1_499' title='bbox 1195 3868 1406 3946; x_wconf 87' lang='lat' dir='ltr'>episcopus...</span> <span class='ocrx_word' id='word_1_500' title='bbox 1427 3867 1546 3929; x_wconf 90' lang='lat' dir='ltr'>dilecto</span> <span class='ocrx_word' id='word_1_501' title='bbox 1572 3866 1640 3927; x_wconf 90' lang='lat' dir='ltr'>illio</span> <span class='ocrx_word' id='word_1_502' title='bbox 1663 3865 1766 3927; x_wconf 95' lang='lat' dir='ltr'>nobili</span> 
     </span>
     <span class='ocr_line' id='line_1_90' title="bbox 969 3964 1765 4043; baseline -0.001 -16"><span class='ocrx_word' id='word_1_503' title='bbox 969 3967 1042 4027; x_wconf 87' lang='lat' dir='ltr'>viro</span> <span class='ocrx_word' id='word_1_504' title='bbox 1058 3969 1090 4028; x_wconf 86' lang='lat' dir='ltr'>S.</span> <span class='ocrx_word' id='word_1_505' title='bbox 1109 3966 1318 4043; x_wconf 88' lang='lat' dir='ltr'>procuratori</span> <span class='ocrx_word' id='word_1_506' title='bbox 1333 3966 1510 4042; x_wconf 83' lang='lat' dir='ltr'>Aragoniae</span> <span class='ocrx_word' id='word_1_507' title='bbox 1525 3968 1558 4027; x_wconf 90' lang='lat' dir='ltr'>et</span> <span class='ocrx_word' id='word_1_508' title='bbox 1572 3964 1765 4037; x_wconf 80' lang='lat' dir='ltr'>cataloniae,</span> 
     </span>
     <span class='ocr_line' id='line_1_91' title="bbox 971 4064 1202 4137; baseline -0.004 -12"><span class='ocrx_word' id='word_1_509' title='bbox 971 4065 1123 4137; x_wconf 90' lang='lat' dir='ltr'>salutem,</span> <span class='ocrx_word' id='word_1_510' title='bbox 1140 4064 1202 4126; x_wconf 89' lang='lat' dir='ltr'>etc.</span> 
     </span>
    </p>

    <p class='ocr_par' dir='ltr' id='par_1_20' title="bbox 970 4160 1769 4924">
     <span class='ocr_line' id='line_1_92' title="bbox 1010 4160 1767 4224; baseline -0.001 -1"><span class='ocrx_word' id='word_1_511' title='bbox 1010 4166 1176 4224; x_wconf 89' lang='lat' dir='ltr'>Honorem</span> <span class='ocrx_word' id='word_1_512' title='bbox 1206 4164 1240 4223; x_wconf 92' lang='lat' dir='ltr'>et</span> <span class='ocrx_word' id='word_1_513' title='bbox 1262 4162 1381 4223; x_wconf 90' lang='lat' dir='ltr'>statum</span> <span class='ocrx_word' id='word_1_514' title='bbox 1403 4161 1567 4223; x_wconf 86' lang='lat' dir='ltr'>carissimi</span> <span class='ocrx_word' id='word_1_515' title='bbox 1583 4161 1617 4221; x_wconf 92' lang='lat' dir='ltr'>in</span> <span class='ocrx_word' id='word_1_516' title='bbox 1636 4160 1767 4222; x_wconf 87' lang='lat' dir='ltr'>Christo</span> 
     </span>
     <span class='ocr_line' id='line_1_93' title="bbox 970 4257 1766 4337; baseline -0.003 -16"><span class='ocrx_word' id='word_1_517' title='bbox 970 4260 1031 4322; x_wconf 91' lang='lat' dir='ltr'>filii</span> <span class='ocrx_word' id='word_1_518' title='bbox 1065 4260 1172 4321; x_wconf 87' lang='lat' dir='ltr'>nostri</span> <span class='ocrx_word' id='word_1_519' title='bbox 1198 4263 1389 4335; x_wconf 86' lang='lat' dir='ltr'>Aragonum</span> <span class='ocrx_word' id='word_1_520' title='bbox 1419 4260 1508 4333; x_wconf 81' lang='lat' dir='ltr'>regis</span> <span class='ocrx_word' id='word_1_521' title='bbox 1544 4259 1684 4320; x_wconf 88' lang='lat' dir='ltr'>illustris</span> <span class='ocrx_word' id='word_1_522' title='bbox 1718 4257 1766 4337; x_wconf 84' lang='lat'>(2)</span> 
     </span>
     <span class='ocr_line' id='line_1_94' title="bbox 971 4357 1767 4435; baseline -0.005 -14"><span class='ocrx_word' id='word_1_523' title='bbox 971 4359 1089 4421; x_wconf 91' lang='lat' dir='ltr'>melius</span> <span class='ocrx_word' id='word_1_524' title='bbox 1120 4373 1300 4435; x_wconf 90' lang='lat' dir='ltr'>procurare</span> <span class='ocrx_word' id='word_1_525' title='bbox 1331 4373 1394 4418; x_wconf 93' lang='lat' dir='ltr'>non</span> <span class='ocrx_word' id='word_1_526' title='bbox 1423 4357 1531 4433; x_wconf 90' lang='lat' dir='ltr'>potes,</span> <span class='ocrx_word' id='word_1_527' title='bbox 1553 4373 1651 4434; x_wconf 88' lang='lat' dir='ltr'>quam</span> <span class='ocrx_word' id='word_1_528' title='bbox 1681 4357 1767 4417; x_wconf 89' lang='lat' dir='ltr'>slei</span> 
     </span>
     <span class='ocr_line' id='line_1_95' title="bbox 970 4454 1769 4531; baseline -0.008 -12"><span class='ocrx_word' id='word_1_529' title='bbox 970 4472 1172 4519; x_wconf 87' lang='lat' dir='ltr'>conservare</span> <span class='ocrx_word' id='word_1_530' title='bbox 1185 4455 1351 4516; x_wconf 89' lang='lat' dir='ltr'>studueris</span> <span class='ocrx_word' id='word_1_531' title='bbox 1362 4454 1559 4531; x_wconf 74' lang='lat' dir='ltr'>apostolicae</span> <span class='ocrx_word' id='word_1_532' title='bbox 1580 4454 1674 4515; x_wconf 89' lang='lat' dir='ltr'>Sedis</span> <span class='ocrx_word' id='word_1_533' title='bbox 1689 4469 1769 4529; x_wconf 85' lang='lat' dir='ltr'>gra-</span> 
     </span>
     <span class='ocr_line' id='line_1_96' title="bbox 970 4551 1768 4630; baseline -0.008 -13"><span class='ocrx_word' id='word_1_534' title='bbox 970 4556 1050 4618; x_wconf 88' lang='lat' dir='ltr'>tiam</span> <span class='ocrx_word' id='word_1_535' title='bbox 1076 4556 1110 4616; x_wconf 89' lang='lat' dir='ltr'>et</span> <span class='ocrx_word' id='word_1_536' title='bbox 1134 4553 1293 4626; x_wconf 90' lang='lat' dir='ltr'>favorem,</span> <span class='ocrx_word' id='word_1_537' title='bbox 1324 4569 1421 4630; x_wconf 90' lang='lat' dir='ltr'>quem</span> <span class='ocrx_word' id='word_1_538' title='bbox 1441 4553 1469 4613; x_wconf 89' lang='lat' dir='ltr'>si</span> <span class='ocrx_word' id='word_1_539' title='bbox 1489 4552 1576 4615; x_wconf 86' lang='lat' dir='ltr'>lacto</span> <span class='ocrx_word' id='word_1_540' title='bbox 1606 4551 1659 4613; x_wconf 93' lang='lat' dir='ltr'>vel</span> <span class='ocrx_word' id='word_1_541' title='bbox 1686 4567 1768 4612; x_wconf 92' lang='lat' dir='ltr'>con-</span> 
     </span>
     <span class='ocr_line' id='line_1_97' title="bbox 970 4649 1768 4729; baseline -0.004 -14"><span class='ocrx_word' id='word_1_542' title='bbox 970 4654 1046 4715; x_wconf 89' lang='lat' dir='ltr'>silio</span> <span class='ocrx_word' id='word_1_543' title='bbox 1074 4654 1129 4715; x_wconf 91' lang='lat' dir='ltr'>tuo</span> <span class='ocrx_word' id='word_1_544' title='bbox 1149 4652 1342 4729; x_wconf 88' lang='lat' dir='ltr'>perdiderit,</span> <span class='ocrx_word' id='word_1_545' title='bbox 1371 4666 1446 4712; x_wconf 88' lang='lat' dir='ltr'>sero</span> <span class='ocrx_word' id='word_1_546' title='bbox 1476 4650 1589 4711; x_wconf 83' lang='lat' dir='ltr'>forsan</span> <span class='ocrx_word' id='word_1_547' title='bbox 1618 4649 1768 4712; x_wconf 86' lang='lat' dir='ltr'>advertet</span> 
     </span>
     <span class='ocr_line' id='line_1_98' title="bbox 971 4747 1765 4829; baseline -0.004 -16"><span class='ocrx_word' id='word_1_548' title='bbox 971 4751 1094 4829; x_wconf 90' lang='lat' dir='ltr'>quanto</span> <span class='ocrx_word' id='word_1_549' title='bbox 1109 4749 1172 4810; x_wconf 87' lang='lat' dir='ltr'>sibi</span> <span class='ocrx_word' id='word_1_550' title='bbox 1197 4749 1298 4810; x_wconf 92' lang='lat' dir='ltr'>fuerit</span> <span class='ocrx_word' id='word_1_551' title='bbox 1323 4749 1431 4810; x_wconf 91' lang='lat' dir='ltr'>studio</span> <span class='ocrx_word' id='word_1_552' title='bbox 1454 4747 1712 4818; x_wconf 71' lang='lat' dir='ltr'>conservandus</span> <span class='ocrx_word' id='word_1_553' title='bbox 1732 4749 1765 4810; x_wconf 91' lang='grc'>01</span> 
     </span>
     <span class='ocr_line' id='line_1_99' title="bbox 970 4845 1769 4924; baseline -0.006 -14"><span class='ocrx_word' id='word_1_554' title='bbox 970 4850 1006 4910; x_wconf 91' lang='grc'>10</span> <span class='ocrx_word' id='word_1_555' title='bbox 1025 4850 1058 4910; x_wconf 88' lang='grc'>10</span> <span class='ocrx_word' id='word_1_556' title='bbox 1078 4849 1208 4909; x_wconf 92' lang='lat' dir='ltr'>demum</span> <span class='ocrx_word' id='word_1_557' title='bbox 1232 4847 1362 4924; x_wconf 89' lang='lat' dir='ltr'>culpam</span> <span class='ocrx_word' id='word_1_558' title='bbox 1388 4862 1454 4907; x_wconf 93' lang='lat' dir='ltr'>non</span> <span class='ocrx_word' id='word_1_559' title='bbox 1480 4845 1645 4907; x_wconf 90' lang='lat' dir='ltr'>immerito</span> <span class='ocrx_word' id='word_1_560' title='bbox 1665 4845 1769 4911; x_wconf 87' lang='lat' dir='ltr'>retor-</span> 
     </span>
    </p>
   </div>
   <div class='ocr_carea' id='block_1_20' title="bbox 971 4930 1884 5025">
    <p class='ocr_par' dir='ltr' id='par_1_21' title="bbox 971 4930 1884 5025">
     <span class='ocr_line' id='line_1_100' title="bbox 971 4930 1884 5025; baseline -0.003 -18"><span class='ocrx_word' id='word_1_561' title='bbox 971 4946 1093 5025; x_wconf 87' lang='lat' dir='ltr'>quebit.</span> <span class='ocrx_word' id='word_1_562' title='bbox 1110 4945 1304 5007; x_wconf 81' lang='lat' dir='ltr'>Audivimus</span> <span class='ocrx_word' id='word_1_563' title='bbox 1333 4944 1507 5020; x_wconf 92' lang='lat' dir='ltr'>siquidem,</span> <span class='ocrx_word' id='word_1_564' title='bbox 1533 4946 1565 5006; x_wconf 91' lang='lat' dir='ltr'>et</span> <span class='ocrx_word' id='word_1_565' title='bbox 1594 4944 1767 5005; x_wconf 86' lang='lat' dir='ltr'>audientes</span> <span class='ocrx_word' id='word_1_566' title='bbox 1877 4930 1884 4937; x_wconf 75' lang='grc'><strong><em>’</em></strong></span> 
     </span>
    </p>
   </div>
   <div class='ocr_carea' id='block_1_21' title="bbox 971 5042 1768 5514">
    <p class='ocr_par' dir='ltr' id='par_1_22' title="bbox 971 5042 1768 5514">
     <span class='ocr_line' id='line_1_101' title="bbox 971 5042 1768 5122; baseline -0.003 -17"><span class='ocrx_word' id='word_1_567' title='bbox 971 5045 1181 5122; x_wconf 87' lang='lat' dir='ltr'>nequivimus</span> <span class='ocrx_word' id='word_1_568' title='bbox 1208 5060 1274 5103; x_wconf 91' lang='lat' dir='ltr'>non</span> <span class='ocrx_word' id='word_1_569' title='bbox 1296 5042 1422 5113; x_wconf 87' lang='lat' dir='ltr'>mirari,</span> <span class='ocrx_word' id='word_1_570' title='bbox 1440 5042 1526 5119; x_wconf 91' lang='lat' dir='ltr'>quod</span> <span class='ocrx_word' id='word_1_571' title='bbox 1544 5058 1605 5102; x_wconf 87' lang='lat' dir='ltr'>rex</span> <span class='ocrx_word' id='word_1_572' title='bbox 1629 5042 1702 5119; x_wconf 89' lang='lat' dir='ltr'>ipse</span> <span class='ocrx_word' id='word_1_573' title='bbox 1717 5043 1768 5103; x_wconf 92' lang='grc'>10-</span> 
     </span>
     <span class='ocr_line' id='line_1_102' title="bbox 971 5140 1768 5217; baseline -0.005 -13"><span class='ocrx_word' id='word_1_574' title='bbox 971 5159 1046 5205; x_wconf 90' lang='lat' dir='ltr'>cum</span> <span class='ocrx_word' id='word_1_575' title='bbox 1057 5144 1089 5204; x_wconf 93' lang='lat' dir='ltr'>et</span> <span class='ocrx_word' id='word_1_576' title='bbox 1102 5158 1175 5204; x_wconf 91' lang='lat' dir='ltr'>cum</span> <span class='ocrx_word' id='word_1_577' title='bbox 1190 5141 1265 5202; x_wconf 88' lang='lat' dir='ltr'>aliis</span> <span class='ocrx_word' id='word_1_578' title='bbox 1276 5140 1429 5201; x_wconf 84' lang='lat' dir='ltr'>fidelibus</span> <span class='ocrx_word' id='word_1_579' title='bbox 1443 5140 1682 5217; x_wconf 90' lang='lat' dir='ltr'>sulsimpeudit</span> <span class='ocrx_word' id='word_1_580' title='bbox 1692 5157 1768 5201; x_wconf 95' lang='lat' dir='ltr'>con-</span> 
     </span>
     <span class='ocr_line' id='line_1_103' title="bbox 971 5238 1768 5318; baseline -0.003 -17"><span class='ocrx_word' id='word_1_581' title='bbox 971 5241 1083 5302; x_wconf 91' lang='lat' dir='ltr'>silium</span> <span class='ocrx_word' id='word_1_582' title='bbox 1096 5242 1129 5302; x_wconf 89' lang='lat' dir='ltr'>et</span> <span class='ocrx_word' id='word_1_583' title='bbox 1145 5243 1304 5318; x_wconf 86' lang='lat' dir='ltr'>juvamen</span> <span class='ocrx_word' id='word_1_584' title='bbox 1325 5238 1454 5299; x_wconf 89' lang='lat' dir='ltr'>civibus</span> <span class='ocrx_word' id='word_1_585' title='bbox 1475 5239 1660 5309; x_wconf 88' lang='lat' dir='ltr'>Tolosanis,</span> <span class='ocrx_word' id='word_1_586' title='bbox 1688 5238 1768 5300; x_wconf 89' lang='lat' dir='ltr'>sub-</span> 
     </span>
     <span class='ocr_line' id='line_1_104' title="bbox 973 5337 1766 5413; baseline -0.004 -13"><span class='ocrx_word' id='word_1_587' title='bbox 973 5341 1100 5401; x_wconf 89' lang='lat' dir='ltr'>vertere</span> <span class='ocrx_word' id='word_1_588' title='bbox 1115 5337 1328 5399; x_wconf 89' lang='lat' dir='ltr'>molientibus</span> <span class='ocrx_word' id='word_1_589' title='bbox 1345 5337 1420 5398; x_wconf 89' lang='lat' dir='ltr'>fidei</span> <span class='ocrx_word' id='word_1_590' title='bbox 1436 5339 1469 5397; x_wconf 91' lang='lat' dir='ltr'>et</span> <span class='ocrx_word' id='word_1_591' title='bbox 1482 5338 1573 5413; x_wconf 89' lang='lat' dir='ltr'>pacis</span> <span class='ocrx_word' id='word_1_592' title='bbox 1598 5338 1766 5413; x_wconf 89' lang='lat' dir='ltr'>negotium</span> 
     </span>
     <span class='ocr_line' id='line_1_105' title="bbox 971 5435 1766 5514; baseline -0.006 -15"><span class='ocrx_word' id='word_1_593' title='bbox 971 5439 1005 5499; x_wconf 94' lang='lat' dir='ltr'>in</span> <span class='ocrx_word' id='word_1_594' title='bbox 1021 5436 1168 5514; x_wconf 88' lang='lat' dir='ltr'>partibus</span> <span class='ocrx_word' id='word_1_595' title='bbox 1180 5435 1367 5508; x_wconf 85' lang='lat' dir='ltr'>illis,tantis</span> <span class='ocrx_word' id='word_1_596' title='bbox 1378 5451 1595 5511; x_wconf 87' lang='lat' dir='ltr'>personarum</span> <span class='ocrx_word' id='word_1_597' title='bbox 1611 5438 1644 5497; x_wconf 90' lang='lat' dir='ltr'>et</span> <span class='ocrx_word' id='word_1_598' title='bbox 1655 5450 1766 5496; x_wconf 86' lang='lat' dir='ltr'>rerum</span> 
     </span>
    </p>
   </div>
   <div class='ocr_carea' id='block_1_22' title="bbox 970 5567 1765 5787">
    <p class='ocr_par' dir='ltr' id='par_1_23' title="bbox 970 5567 1765 5787">
     <span class='ocr_line' id='line_1_106' title="bbox 970 5567 1711 5696; baseline -0.008 -67"><span class='ocrx_word' id='word_1_599' title='bbox 970 5568 1095 5629; x_wconf 87' lang='lat' dir='ltr'>dendum</span> <span class='ocrx_word' id='word_1_600' title='bbox 1112 5584 1208 5642; x_wconf 81' lang='lat' dir='ltr'>supro,</span> <span class='ocrx_word' id='word_1_601' title='bbox 1225 5585 1252 5642; x_wconf 90' lang='lat' dir='ltr'>p.</span> <span class='ocrx_word' id='word_1_602' title='bbox 1265 5568 1299 5626; x_wconf 79' lang='lat'>93</span> <span class='ocrx_word' id='word_1_603' title='bbox 1315 5575 1342 5650; x_wconf 77' lang='lat' dir='ltr'>ct</span> <span class='ocrx_word' id='word_1_604' title='bbox 1361 5584 1422 5640; x_wconf 86' lang='lat' dir='ltr'>seq.</span> <span class='ocrx_word' id='word_1_605' title='bbox 1438 5567 1602 5696; x_wconf 50' lang='lat' dir='ltr'>(bouquet.)</span> <span class='ocrx_word' id='word_1_606' title='bbox 1702 5640 1711 5651; x_wconf 83' lang='lat'>‚</span> 
     </span>
     <span class='ocr_line' id='line_1_107' title="bbox 1007 5638 1765 5787; baseline -0.004 -89"><span class='ocrx_word' id='word_1_607' title='bbox 1007 5640 1222 5787; x_wconf 52' lang='lat' dir='ltr'>Xgfflrliflfmo&#39;</span> <span class='ocrx_word' id='word_1_608' title='bbox 1252 5638 1765 5714; x_wconf 65' lang='grc' dir='ltr'><strong>(1)1ἰι1000οι·0,ζ112,8011111111</strong></span> 
     </span>
    </p>
   </div>
   <div class='ocr_carea' id='block_1_23' title="bbox 0 0 1914 6164">
    <p class='ocr_par' dir='ltr' id='par_1_24' title="bbox 0 0 1914 6164">
     <span class='ocr_line' id='line_1_108' title="bbox 0 0 1914 6164; baseline 0 0"><span class='ocrx_word' id='word_1_609' title='bbox 0 0 1914 6164; x_wconf 95' lang='lat' dir='ltr'> </span> 
     </span>
    </p>
   </div>
  </div>
 </body>
</html>
