3802 6166
754 295 1149 359 aristomenen.
1193 254 1196 259 ¹

124 298 181 361 ost
1717 304 1778 365 ⁸382

124 458 330 532 scandalum,
345 457 390 521 sit
403 456 533 538 punitio
547 457 583 521 ln
598 456 798 536 exemplum.
809 458 923 521 Testes
978 456 1149 521 humiliter
1162 457 1382 537 supplicatum
1398 462 1434 523 nt
1448 460 1523 527 usui
1543 462 1776 541 supersederet

123 560 246 630 autem,
259 559 322 619 etc.
334 556 443 619 Nullis
455 556 576 619 litteris
586 555 792 620 obstantibus
804 555 923 620 barum
978 556 1123 629 illarum,
1136 556 1240 621 donec
1255 572 1315 637 per
1335 572 1528 623 communes
1553 562 1688 624 nuntios
1706 563 1776 627 tam

124 658 240 718 tenore
257 656 356 717 tacito
380 672 400 716 a
418 654 502 717 Sede
518 655 708 734 apostolica
726 655 921 732 impetratis.
977 654 1102 717 eaedem
1122 656 1350 733 indulgentiae,
1366 674 1466 736 quam
1481 658 1627 739 antiquae
1640 659 1775 725 illorum

124 754 216 827 Quod
233 754 343 815 sinon
359 770 484 827 omnes,
507 753 746 827 duorestrum,
763 754 825 815 etc.
848 753 923 815 Non
978 769 1052 815 cum
1084 755 1285 833 transcripto
1324 756 1450 833 regulae
1490 758 1696 823 munimento
1733 760 1775 823 ad
1883 778 1890 791 ·

125 852 277 914 obstante
306 851 542 915 constitutione
577 852 716 914 concilii
743 851 920 927 generalis,
979 852 1096 914 sedem
1111 854 1335 932 apostolicam
1357 856 1579 923 mitterentur,
1604 858 1640 920 ut
1663 860 1775 921 utrum

124 966 188 1027 qua
200 951 347 1023 cavetur,
362 966 403 1012 ne
414 951 487 1027 quis
498 951 588 1013 ultra
600 950 683 1012 duas
696 951 813 1012 diaetas
827 951 923 1012 extra
978 949 1061 1012 bene
1082 952 1135 1014 rel
1154 953 1241 1013 male
1257 952 1400 1015 obtentae
1419 952 1560 1016 fuissent
1578 954 1777 1019 decernere-

125 1064 220 1109 suam
236 1047 403 1109 dioecesim
420 1048 461 1110 ad
472 1049 634 1126 judicium
654 1049 741 1111 trahi
757 1049 872 1127 possit.
978 1048 1173 1123 turibidem,
1184 1053 1217 1112 et
1227 1067 1322 1112 secus
1338 1050 1450 1127 fieret;
1466 1053 1700 1131 appellationis
1713 1054 1775 1117 fuit

978 1147 1184 1209 obstaculum
1200 1149 1422 1227 interjectum.
1440 1150 1534 1213 Unde
1550 1151 1578 1211 si
1594 1151 1672 1228 quid
1689 1152 1777 1215 esset

978 1248 1051 1322 post
1067 1246 1323 1324 appeliationem
1350 1248 1540 1326 hujusmodi
1566 1250 1773 1324 attentatum,

977 1343 1109 1405 irritum
1122 1345 1303 1408 dicebatur.
1321 1347 1389 1407 Nos
1408 1346 1521 1424 itaque
1542 1362 1643 1424 super
1664 1347 1708 1409 tis
1733 1364 1777 1409 ex

978 1440 1090 1503 officio
1107 1445 1220 1505 nostro
1240 1444 1388 1505 volentes
1412 1445 1582 1522 inquirere
1601 1444 1777 1508 veritatem

978 1538 1123 1613 illorum,
1138 1541 1194 1618 qui
1209 1544 1344 1619 propter
1358 1542 1421 1604 hoc
1433 1542 1475 1603 ad
1497 1543 1615 1604 sedem
1634 1545 1778 1620 Aposto-

978 1637 1078 1698 licam
1096 1642 1268 1711 venerant,
1286 1640 1425 1701 fecimus
1442 1642 1633 1717 juramenta
1658 1641 1773 1719 recipi,

978 1738 1145 1797 eteorum
1169 1737 1258 1799 dicta
1279 1737 1456 1799 conscribi.
1482 1738 1545 1799 Sed
1572 1752 1652 1815 pars
1672 1739 1776 1801 cieri-

979 1848 1093 1895 oorum
1113 1835 1232 1898 dooere
1252 1836 1369 1898 volens
1389 1836 1521 1913 plenius
1537 1835 1578 1898 de
1592 1837 1774 1915 predictis,

979 1930 1081 1995 ibide
1101 1932 1143 1995 iis
1164 1932 1219 1995 ubi
1235 1933 1399 1996 malornm
1419 1933 1617 1997 estsuborta
1632 1934 1774 1999 materia

978 2031 1158 2108 postulavit
1179 2032 1315 2109 inquiri.
1342 2032 1535 2111 Eapropter,
1563 2034 1778 2111 praesentium

978 2127 1072 2191 robis
1099 2130 1298 2192 auctoritate
1321 2130 1528 2204 mandamus,
1549 2122 1711 2208 qnatenus
1734 2133 1776 2194 ad

979 2227 1249 2290 orandimonten.
1282 2230 1522 2290 monasterium
1556 2230 1778 2306 personaliter

978 2326 1183 2398 accedentes,
1211 2326 1344 2403 proviso
1367 2327 1509 2411 prirnurn
1533 2328 1714 2405 prudenter
1736 2328 1778 2391 de

979 2421 1065 2483 statu
1093 2422 1225 2499 prioris,
1255 2422 1374 2484 deinde
1400 2410 1502 2500 super
1534 2424 1716 2501 praemissis
1744 2426 1779 2487 et

164 1148 282 1207 Datum
303 1147 458 1207 Laterani
481 1147 578 1208 nonis
602 1146 764 1225 januarii,
790 1144 925 1224 pontifi-

124 1245 218 1305 catus
236 1244 341 1305 nostri
360 1261 449 1306 anno
465 1245 621 1307 secunde.

167 1391 204 1449 lu
218 1388 369 1450 eumdem
379 1387 512 1450 modum
522 1387 788 1462 Cluamfertensi‚
800 1387 924 1451 Euech-

123 1486 267 1547 ‹luneusi
289 1489 321 1549 et
340 1487 588 1549 Fumwarrensi
614 1486 778 1567 episcopis
798 1503 858 1567 pro
884 1490 920 1548 G.

122 1601 213 1657 cam,
229 1584 446 1647 Artfertensis
461 1585 624 1649 ecclesiae.

503 1756 552 1843 ul

123 1901 176 1959 Ad
203 1898 359 1959 sobolem
385 1900 689 1961 Pontiniuoensem
705 1898 924 1961 autosiodo-

162 1999 279 2058 rensis
300 1999 456 2059 dloecesis
479 1997 512 2059 et
533 1999 692 2072 priorem
708 1997 827 2060 Sorroti
845 2000 922 2059 Vio-

167 2094 255 2155 toris
267 2097 491 2156 Portsicnsis.

419 2217 517 2290 span.
543 2216 621 2274 mis.

135 2331 258 2396 Ilionam,
272 2330 318 2382 lib.
331 2331 362 2387 ll.
375 2332 448 2396 epist.
459 2332 513 2382 iss.
528 2334 587 2383 llss.
598 2333 634 2383 La
645 2332 722 2383 Parte
732 2331 766 2383 du
776 2332 862 2392 ‘l‘lreil;
875 2332 907 2383 rt.

276 2413 416 2477 Maurique,
425 2413 493 2463 Anu.
507 2412 579 2476 (list,
589 2417 607 2463 t.
619 2414 662 2468 iv.
673 2427 698 2477 p.
706 2412 772 2477 lta]

169 2519 214 2578 Ad
230 2520 465 2579 Grandimonten.
480 2521 685 2578 monasterium
701 2519 881 2592 aecedentes,

307 2609 345 2668 de
359 2608 563 2667 reformatione
578 2610 732 2682 inquirant.

162 2719 341 2787 Honorius,
364 2720 440 2792 etc,
453 2718 585 2781 dilectis
602 2718 680 2779 filiis
696 2718 809 2781 abbati
828 2722 922 2781 Pon-

121 2816 280 2879 tiniaoen.
291 2817 482 2880 Cistercien.
497 2817 637 2889 ordinis,
652 2816 924 2879 Autissiodoren-

124 2914 171 2976 sis
184 2915 349 2989 dioecesis,
366 2916 399 2979 et
414 2915 516 2992 priori
530 2916 643 2978 Sancti
659 2915 805 2977 Victoris
821 2917 921 2978 Pari·
977 2914 1208 2986 terminentur,
1235 2930 1309 2991 quae
1331 2914 1361 2974 si
1389 2912 1475 2975 forte
1501 2915 1678 2991 provenire
1707 2928 1776 2977 non

124 3014 259 3075 siensis.
978 3012 1112 3088 poterit,
1149 3011 1332 3089 injungatis
1364 3012 1508 3088 clericis,
1538 3013 1625 3090 quod
1663 3030 1706 3075 ex
1738 3016 1785 3075 se'

166 3112 301 3175 bilectis
327 3111 406 3173 filiis
438 3112 609 3174 Willelmo
637 3113 677 3174 de
704 3112 920 3186 Chaumonte,
978 3108 1070 3180 duos,
1088 3110 1121 3170 et
1135 3110 1306 3171 conversis
1325 3111 1416 3171 uter
1431 3126 1467 3171 se
1483 3110 1618 3171 totidem
1640 3112 1774 3189 plenum

123 3213 159 3274 et
172 3212 271 3273 Petro
293 3210 333 3272 de
355 3213 511 3272 Brunanc
537 3210 750 3288 presbyteris,
777 3210 921 3273 clerico·
978 3207 1169 3270 mundatum
1183 3208 1344 3269 habentes
1359 3224 1460 3285 super
1473 3210 1640 3287 praedictis
1662 3212 1775 3273 omni-

123 3326 218 3381 rum,
248 3311 282 3371 et
311 3308 454 3370 (luidoni
487 3308 528 3370 de
562 3309 717 3382 Brizanc,
746 3309 923 3381 (inillelmo
977 3304 1048 3378 bus,
1066 3320 1140 3383 quae
1152 3305 1194 3366 ad
1206 3306 1476 3368 reformationem
1491 3307 1684 3384 respiciunt,
1702 3308 1774 3371 sive

121 3407 294 3482 Lespinaz,
317 3405 452 3467 (liraldo
478 3404 518 3466 de
536 3405 706 3477 Beiraure,
733 3406 766 3466 et
786 3404 924 3467 (liraldo
978 3403 1013 3463 iu
1027 3404 1154 3479 regula,
1172 3404 1242 3465 sive
1257 3405 1455 3481 privilegiis,
1471 3404 1523 3466 vel
1544 3405 1773 3483 indulgentiis,

121 3502 216 3565 Colat
246 3503 353 3576 laicis,
388 3518 624 3565 conversorum
647 3501 920 3565 Grandimouteu.
977 3503 1164 3573 etcaeteris,
1181 3518 1256 3579 quse
1279 3501 1437 3580 praedicta
1457 3504 1664 3580 contingunt,
1687 3504 1777 3567 inira

120 3601 249 3663 ordinis
265 3601 547 3680 procuratoribus,
564 3601 600 3662 in
613 3602 729 3663 nostra
744 3602 923 3678 praeseutia
978 3601 1105 3661 certum
1129 3600 1258 3677 tempus
1296 3600 1570 3678 praetigeudnma
1600 3602 1705 3675 vobis,
1733 3603 1776 3665 ad

978 2518 1066 2592 aliis,
1082 2535 1156 2597 quae
1179 2520 1220 2581 ad
1245 2519 1516 2583 reformationem
1538 2522 1665 2583 ordinis
1680 2538 1780 2600 speo-

977 2620 1050 2679 tere
1088 2621 1283 2691 noscuntur,
1324 2618 1515 2697 inquiratis,
1553 2620 1777 2697 appellatione

977 2718 1115 2789 remota,
1133 2715 1263 2793 plenius
1276 2717 1463 2789 veritatem,
1481 2733 1576 2794 opem
1590 2720 1623 2780 et
1641 2734 1777 2795 operam

977 2813 1183 2888 adhibentes,
1198 2816 1234 2877 ut
1248 2814 1321 2877 haec
1337 2814 1460 2876 ibidem
1482 2831 1543 2893 per
1564 2817 1776 2879 concordiam

119 3700 318 3771 corastitutis,
332 3700 394 3761 fuit
406 3716 465 3777 pro
477 3714 714 3761 conversorum
729 3699 824 3776 parte
844 3700 924 3776 peti·
978 3699 1189 3774 praesentiam
1204 3701 1353 3762 nostram
1368 3715 1442 3761 cum
1458 3701 1685 3779 inquisitionis
1701 3716 1777 3779 pro·
1858 3746 1861 3753 .

120 3800 190 3861 tum
216 3798 376 3875 quasdam
408 3801 540 3860 nostras
563 3797 788 3874 indulgentias
819 3814 922 3860 revo-
977 3812 1073 3857 oessu
1088 3797 1323 3868 transmittant,
1336 3797 1502 3874 recepturi
1518 3815 1577 3875 per
1586 3799 1677 3876 ipsos
1688 3798 1776 3878 quod

120 3897 204 3968 cari,
229 3913 302 3975 quae
325 3896 594 3974 proponebantur
614 3911 673 3974 per
695 3895 922 3973 obreptionem
977 3910 1078 3971 super
1112 3895 1155 3955 iis
1187 3895 1372 3972 inspirante
1407 3896 1547 3957 Domino
1582 3898 1777 3959 duxerimus

120 3995 226 4056 nimia
244 3996 360 4056 contra
383 3994 532 4072 ipsorum
551 3994 712 4070 regulam,
734 3993 920 4072 privilegia,
977 3992 1226 4070 providendum.
1243 3996 1361 4055 Datum
1374 3994 1530 4056 Laterani
1544 3996 1642 4056 nouis
1651 3998 1777 4073 janua-

120 4094 154 4157 el
168 4092 394 4169 indulgentias
410 4092 716 4169 sedisapostolicae
732 4092 920 4169 impetrata.
976 4091 1019 4151 rii
1034 4090 1246 4169 pontificatus
1261 4092 1366 4154 nostri
1385 4108 1475 4154 anno
1497 4094 1653 4156 secundo.

119 4193 244 4253 Verum
259 4206 336 4270 pars
347 4191 454 4252 altera
477 4206 534 4252 eos
554 4191 718 4269 repellere
741 4189 919 4264 nitebatur,

120 4289 270 4366 allegans
291 4289 384 4366 ipsos
411 4304 470 4366 per
488 4289 680 4350 eorumdem
705 4289 862 4364 priorem,
889 4290 923 4352 et

119 4386 344 4449 venerabilem
353 4386 489 4448 fratrem
505 4388 696 4448 nostrum...
709 4387 919 4449 Lemovicen.

118 4486 310 4565 episcopum
325 4485 525 4547 auctoritate
537 4484 728 4562 apostolica
751 4501 826 4546 esse
846 4487 923 4547 vln-

119 4584 195 4646 culo
211 4583 567 4645 excommunicationis
582 4583 772 4656 adstrictos,
782 4599 823 4646 eo
834 4585 920 4661 quod

119 4682 229 4760 ipsum
245 4682 390 4759 priorem
415 4682 448 4744 et
466 4682 625 4760 quosdam
644 4681 785 4744 clericos
808 4682 921 4745 multis

119 4780 254 4858 injuriis
282 4780 477 4853 affecerunt,
506 4780 540 4842 et
568 4779 701 4843 eosdem
741 4780 921 4843 detinendo

1342 4280 1412 4366 ulf

1030 4424 1082 4484 Ad
1095 4423 1249 4483 abietem
1265 4422 1298 4483 ct
1309 4424 1515 4483 cortorulum
1536 4422 1719 4484 Voltcrion.

1168 4522 1324 4583 dioecesis
1345 4521 1582 4596 Ltupoucnsis.

1284 4642 1372 4716 djun.
1388 4643 1466 4701 isis.

1007 4758 1115 4821 [Repest.
1130 4756 1175 4808 lib.
1187 4758 1218 4817 ll,
1233 4757 1308 4823 epist.
1318 4758 1374 4808 ΒΗ.
1388 4759 1445 4809 tiss.
1465 4758 1500 4808 La
1511 4758 1587 4809 Porte
1598 4757 1634 4808 du
1647 4758 1740 4822 Thali]
1835 4764 1841 4777 '

119 4879 269 4957 captivos
284 4877 457 4956 fregerunt
471 4877 623 4956 quaedam
645 4878 918 4941 (mmmmm,
974 4865 1214 4938 Compositlotlelii
1228 4863 1411 4923 demandato
1437 4865 1595 4924 innocentii
1611 4864 1771 4925 [Uilleium

119 4978 237 5039 domus
252 4976 338 5039 ostia
352 4976 526 5048 violenter,
543 4977 736 5039 amoventes
757 4976 920 5038 officiales
1290 4955 1450 5013 ⁰⁰¹¹ss¹¹¹¹³b

119 5074 221 5137 certis
237 5090 295 5151 per
310 5074 455 5151 priorem
468 5072 589 5135 officiis
605 5074 790 5152 deputatos,
805 5075 838 5136 et
850 5074 920 5136 tire
1014 5071 1192 5143 Honorius,
1209 5074 1285 5144 eto,
1307 5071 1436 5133 dilectis
1457 5071 1573 5132 filiis...
1599 5070 1710 5134 abbati
1738 5074 1772 5137 et

118 5189 219 5236 sauro
230 5172 382 5235 ecclesiae
392 5173 563 5249 occupato,
576 5171 710 5234 domum
724 5172 919 5234 monasterii
974 5170 1150 5232 conventui
1166 5170 1337 5232 Volterian
1354 5215 1361 5242 ,
1380 5170 1562 5245 Lingones.
1577 5169 1741 5232 dioecesis.

118 5272 311 5334 munierunt
334 5270 486 5348 personis
514 5269 729 5333 saecularibus
751 5273 785 5331 et
807 5286 920 5332 arma-
1013 5269 1097 5341 Quia
1111 5266 1293 5331 labentium
1310 5270 1496 5345 temporum
1515 5282 1633 5329 cursus
1655 5284 1769 5331 eorum

118 5372 178 5446 tis;
189 5369 257 5431 alia
272 5369 489 5430 nihilomiuus
499 5368 649 5431 enormia
664 5368 914 5431 committentes.
973 5384 1047 5445 quae
1061 5367 1223 5443 geruntur
1234 5366 1429 5429 memoriam
1443 5381 1556 5428 secum
1573 5367 1671 5445 rapit,
1688 5384 1771 5430 con-

117 5472 198 5530 llaec
211 5469 322 5529 autem
338 5484 414 5544 pars
430 5467 571 5530 adversa
584 5465 737 5543 negabat,
756 5466 917 5545 adjiciens
972 5468 1024 5527 tra
1059 5465 1236 5527 oblivionis
1263 5465 1506 5526 incommodum
1541 5466 1770 5527 necessarium

119 5565 205 5643 quod
218 5566 395 5643 antequam
410 5564 502 5642 prior
516 5564 686 5643 praedictis
701 5564 918 5642 indulgentiis
972 5566 1022 5625 est
1033 5563 1215 5626 remedium
1231 5564 1482 5640 scripturarum,
1499 5580 1540 5625 ue
1554 5563 1630 5625 lites
1641 5561 1770 5639 judicio

119 5664 280 5736 uteretur,
315 5679 359 5725 ex
385 5664 481 5741 parte
519 5678 755 5725 conversorum
788 5662 851 5726 fuit
883 5664 915 5726 ei
972 5663 1023 5725 rel
1036 5662 1214 5725 concordia
1224 5662 1423 5735 terminatae,
1437 5662 1472 5723 iu
1484 5660 1641 5725 recidivae
1653 5676 1768 5737 quaes-
