3802 6166
12 336 18 347 .
78 276 81 281 ’
181 290 242 357 loa
740 292 1267 355 111111111111111.
1770 298 1830 357 404

181 452 297 515 llberls
311 451 484 515 defunctus
497 452 558 515 est
574 451 978 515 Atl’etrumAntisslodo-
1031 451 1218 514 tonlcorum
1257 452 1400 515 militum
1445 451 1717 532 (instructissima
1756 455 1831 517 acie

158 580 161 587 ·
180 567 313 613 rensem
334 565 488 628 proceres
504 549 699 627 delegerunt
712 549 845 628 (Anton.
859 550 909 612 tit.
927 551 975 623 13,
1032 548 1244 629 procedente)
1257 566 1396 613 numero
1411 571 1418 611 ε
1434 550 1583 613 Aderant
1596 552 1830 613 Nivernieasis

181 665 210 711 c.
225 651 257 722 3,
274 651 293 725 §
309 651 337 710 1.
359 646 566 727 Bergomas).
587 649 651 711 Hic
671 648 775 725 igitur
790 650 920 721 Petrus,
935 664 979 709 ex
1032 662 1142 709 comes
1166 649 1199 711 11
1212 648 1410 710 Walcberus
1429 650 1633 711 Francorum
1660 650 1749 725 regis
1772 666 1832 712 ca-

182 748 310 809 11111111
324 746 442 807 tertius
458 746 602 807 Orientis
621 746 811 823 imperator,
827 761 979 824 111111-
1032 745 1196 807 merarius
1220 744 1353 824 (Anton.
1372 746 1423 809 tit.
1440 747 1489 819 19,
1506 763 1535 808 1.
1550 748 1581 818 3,
1598 749 1617 824 5
1633 748 1666 821 1;
1686 748 1830 821 Platlna,

179 845 268 907 taret
282 861 321 906 eo
336 844 466 906 felicius
482 844 546 905 sibi
570 844 716 905 futurum
731 843 895 915 diadema,
912 861 976 920 quo
1032 844 1150 905 Naucl.
1166 859 1279 920 gener.
1294 844 1360 921 11).
1382 844 1445 906 Sed
1468 846 1501 907 et
1518 845 1590 922 ipse
1604 848 1835 908 Romanorum·

180 943 378 1021 Apostollcae
396 943 491 1003 Sedis
506 943 736 1005 auctoritatem
752 942 902 1004 devotius
918 942 979 1003 ad·
1031 941 1213 1018 imperator
1234 942 1436 1015 Eridericus,
1460 943 1518 1020 qui
1543 944 1658 1004 Crucis
1687 943 1750 1004 sibi
1776 945 1830 1005 si-

181 1040 354 1113 bibulsset,
370 1039 979 1117 111111111111111111111111111111-
1032 1055 1133 1115 gnum
1179 1040 1380 1116 affigendum
1419 1040 1650 1111 constituerat,
1690 1044 1830 1104 Romam

180 1139 370 1210 irationem,
386 1140 524 1200 Romam
535 1138 576 1199 ad
589 1139 784 1210 Honorium,
799 1138 978 1200 conflrma—
1032 1136 1211 1213 proiectus.
1236 1137 1377 1199 Honorii
1398 1139 1497 1216 jussu
1521 1139 1695 1214 Augustali
1715 1138 1832 1201 diade-

179 1235 281 1299 tionis
314 1252 427 1308 causa,
455 1235 693 1314 protectionem
722 1236 867 1312 suscepit
902 1251 977 1297 cum
1032 1237 1119 1296 mate
1154 1235 1385 1311 inauguratus,
1422 1234 1464 1297 ad
1499 1234 1738 1313 perficiendum
1767 1237 1832 1299 iter

180 1350 287 1396 uxore
307 1350 348 1395 ac
367 1334 498 1395 illiabus
520 1334 656 1411 aliquot.
679 1334 842 1410 Exceptus
865 1334 977 1410 itaque
1032 1333 1371 1410 Hierosolymitanam
1400 1348 1476 1395 sese
1498 1333 1647 1396 accinxit
1669 1332 1827 1414 (Usperg.

180 1432 376 1494 aPontiilce
388 1448 515 1493 summa
527 1432 749 1508 gratulatione
760 1432 859 1509 atque
871 1431 979 1492 bono-
1032 1444 1087 1491 en.
1105 1433 1198 1491 Dom.
1214 1432 1310 1506 1220,
1326 1434 1447 1494 Anton.
1461 1431 1512 1493 tit.
1535 1433 1584 1504 19,
1597 1448 1626 1493 1.
1639 1434 1670 1504 3,
1692 1430 1829 1511 princ).

180 1528 356 1602 riflceutia,
385 1531 421 1592 in
443 1530 587 1592 Basilica
621 1532 654 1591 S.
680 1529 852 1591 Laurentii
882 1528 977 1591 11111
1034 1527 1097 1590 Sed
1116 1527 1158 1589 de
1178 1529 1341 1590 Eriderici
1367 1530 1583 1591 coronatione
1605 1529 1706 1607 paulo
1732 1530 1832 1607 plura

182 1642 294 1688 muros
309 1643 433 1689 corona
453 1627 628 1703 Augustali
651 1628 805 1699 donatur,
818 1627 854 1689 ut
867 1630 978 1703 Egna-
1031 1625 1183 1687 interius.

180 1724 429 1789 tiusmemorat.
447 1726 678 1798 Quamobrem,
703 1728 740 1787 ut
761 1724 977 1787 1101111111
1072 1723 1216 1785 Profecti
1231 1723 1333 1799 igitur
1345 1723 1379 1784 11
1390 1725 1503 1786 hostes
1517 1726 1703 1787 Saracenos
1714 1725 1833 1787 cbris-

179 1822 337 1901 traJicere
347 1824 610 1887 Christianorum
621 1824 787 1886 exercitus
800 1824 921 1901 posset,
937 1839 976 1884 eo
1031 1820 1114 1882 tiani
1129 1821 1264 1894 milites,
1277 1822 1373 1884 irrito
1389 1822 1459 1884 sere
1469 1821 1584 1884 labore
1598 1822 1703 1883 adniti
1716 1824 1832 1885 omnia

181 1920 466 2000 feliciusquojam
479 1920 976 2000 constantinopolitanuslatino
1031 1918 1095 1981 rlsi
1121 1921 1209 1992 sunt,
1234 1919 1275 1981 ob
1295 1936 1395 1981 unam
1414 1936 1527 1982 rerum
1545 1921 1692 1982 omnium
1716 1922 1832 1998 perni-

180 2032 303 2095 genere
317 2021 498 2097 imperator
509 2020 717 2098 profecturus
728 2018 974 2098 expectabatur,
1032 2016 1127 2089 ciem,
1144 2017 1345 2080 discordiam
1360 2018 1509 2080 scilicet:
1535 2020 1569 2080 et
1591 2034 1630 2080 ea
1646 2018 1779 2095 quidem
1794 2020 1832 2080 ut

181 2115 400 2181 deliberatum
411 2121 462 2181 est
471 2122 585 2181 Romae
595 2119 631 2180 ut
639 2121 786 2180 loannes
796 2117 837 2178 de
845 2118 978 2179 Colum·
1031 2115 1237 2192 pertinacior
1253 2116 1351 2187 esset,
1381 2116 1504 2193 duplex
1524 2114 1596 2178 luit.
1617 2116 1831 2193 Hungaricus

182 2229 226 2277 aa
246 2215 428 2277 cardinalis
445 2216 601 2278 Asiaticas
613 2215 835 2293 expeditionis
848 2216 976 2290 legatus
1032 2228 1093 2273 111
1112 2213 1285 2275 diuturnos
1310 2229 1513 2290 magnosque
1542 2214 1704 2290 pertaesus
1732 2213 1831 2276 labo-

179 2311 387 2375 decernetur.
403 2316 474 2375 Hoc
488 2315 591 2390 igitur
603 2314 723 2376 comite
738 2316 856 2377 Petrus
871 2313 978 2390 impe·
1030 2324 1102 2379 res,
1125 2310 1306 2373 dissidebat
1330 2328 1349 2372 a
1373 2314 1501 2373 ioanne
1520 2312 1837 2388 Hierosolymorum·

179 2411 273 2473 rator
295 2427 371 2472 cum
386 2428 491 2474 uxore
510 2427 550 2474 ac
574 2412 717 2484 filiabus,
733 2411 977 2474 tantummodo-
1030 2424 1120 2485 rege,
1139 2409 1238 2486 atque
1258 2425 1278 2470 a
1297 2409 1426 2486 reliquo
1447 2409 1539 2471 illius
1561 2410 1723 2471 exercitu.
1752 2413 1833 2471 Om-

159 2511 386 2585 ·quecentum
401 2525 440 2570 ac
455 2510 631 2587 sexaginta
653 2510 787 2571 selectis
802 2509 974 2581 militibus,
1031 2506 1128 2567 nibus
1152 2508 1255 2583 igitur
1275 2507 1424 2569 collectis
1450 2509 1590 2569 seorsim
1615 2508 1684 2568 suis
1710 2508 1829 2585 copiis,

179 2604 215 2666 in
229 2605 344 2667 Asiam
355 2606 593 2683 prosectionem
607 2610 713 2685 parat.
736 2609 859 2683 Legato
873 2606 977 2683 igitur
1031 2605 1130 2681 atque
1155 2605 1281 2681 ingenti
1316 2606 1568 2682 peregrinorum
1603 2605 1830 2677 multitudine,

180 2717 255 2764 cum
268 2703 480 2780 imperatrice
494 2721 533 2765 ac
547 2705 687 2783 reliquis
700 2705 977 2780 Constantinopo-
1031 2701 1065 2762 in
1077 2704 1241 2779 Europam
1254 2703 1340 2764 redit
1356 2725 1363 2762 :
1381 2703 1467 2764 unde
1483 2705 1650 2780 permotus
1665 2704 1830 2765 Hieroso-

180 2798 238 2861 iim
264 2803 356 2863 recta
383 2802 614 2878 pergentibus,
644 2803 714 2879 ipse
743 2801 974 2879 Dyrrachium,
1031 2799 1211 2876 lymitanus
1238 2801 1427 2877 patriarcha
1456 2803 1489 2864 et
1507 2801 1707 2877 Apostolicae
1733 2802 1831 2862 Sedis

179 2896 363 2959 obsidionis
378 2915 480 2961 causa
499 2899 676 2976 profectus,
702 2900 809 2961 irritis
824 2899 976 2960 omnibus
1031 2896 1159 2973 legatus
1183 2898 1349 2974 Pelagius,
1382 2899 1468 2975 quod
1494 2900 1586 2961 tanta
1610 2898 1747 2960 levitate
1776 2915 1831 2960 res

179 2994 353 3058 conatibus
369 2999 442 3073 post
456 2996 627 3058 biennium
641 2997 734 3069 obiit,
751 2996 894 3059 lieberto
907 2996 976 3058 filio
1032 2995 1214 3056 christiana
1237 2997 1345 3073 coepta
1371 2996 1656 3069 intermitteretur,
1685 2999 1835 3074 votaque-

181 3092 358 3169 imperium
371 3095 574 3173 relinquens,
588 3095 692 3157 Gallis
704 3095 894 3172 Latinisque
905 3112 979 3172 pro·
1031 3093 1333 3167 contemnerentur,
1360 3094 1394 3155 in
1423 3110 1536 3171 regem
1555 3094 1665 3172 ipsum
1690 3098 1830 3170 Hunga-

180 3191 312 3253 ceribus
326 3193 611 3271 applaudentibus.
626 3191 736 3273 (Vino.
747 3194 840 3255 11111.
856 3192 912 3254 lib.
924 3195 974 3265 30,
1031 3205 1116 3263 rum,
1132 3206 1171 3252 ac
1184 3191 1329 3268 reliquos
1342 3192 1399 3268 qui
1414 3193 1581 3254 bominem
1594 3194 1825 3270 sequerentur,

179 3303 209 3351 c.
236 3291 267 3362 7,
286 3291 325 3366 8;
348 3294 469 3353 Anton.
496 3292 549 3354 tit.
573 3293 621 3364 19,
646 3307 676 3353 1.
698 3293 729 3363 3,
755 3292 832 3367 §13
856 3291 974 3352 Naucl.
1032 3289 1253 3350 anathematis
1272 3288 1435 3366 judicium
1459 3290 1596 3367 protulit
1617 3288 1752 3369 (Antan.
1774 3291 1824 3352 111.

179 3402 293 3462 gener.
315 3390 371 3464 413
395 3389 526 3451 Bonlln.
551 3393 683 3453 lterum
706 3392 824 3467 Hrcnq.
847 3391 924 3451 Dec.
943 3391 975 3462 2,
1032 3387 1081 3458 19,
1094 3403 1122 3447 1.
1142 3388 1173 3459 3,
1184 3388 1204 3463 ἓ
1220 3389 1255 3462 1;
1279 3388 1396 3450 Ν1111.
1415 3403 1529 3465 gener.
1545 3388 1610 3468 11).
1623 3389 1666 3449 At
1679 3390 1827 3450 ioannes

180 3483 237 3544 lib.
255 3483 301 3563 7).
1031 3484 1337 3563 Hierosolymorum
1358 3502 1420 3548 rex
1438 3487 1635 3562 Apostolicae
1656 3487 1753 3549 Sedis
1777 3487 1831 3549 le·

219 3584 388 3646 Honorius
400 3585 503 3661 igitur
513 3587 549 3647 11
560 3601 691 3648 omnem
701 3586 816 3649 orbem
826 3601 980 3663 quaqua·
1031 3584 1108 3659 gato
1133 3598 1173 3644 eo
1196 3583 1331 3645 nomine
1359 3582 1551 3656 dissidebat,
1573 3583 1659 3661 quod
1679 3585 1735 3646 bic
1759 3600 1833 3662 pro·

179 3696 309 3752 versus,
323 3682 435 3743 missis
459 3684 577 3759 legatis
596 3684 637 3744 de
658 3683 867 3761 suscipiendo
888 3686 975 3744 Cru-
1031 3678 1207 3742 lectionem
1231 3696 1391 3759 armaque
1410 3681 1546 3743 serenda
1574 3683 1610 3743 iu
1630 3683 1831 3744 Sullbanum

179 3777 351 3855 eissigno,
370 3780 406 3841 ut
421 3781 589 3857 expeditio
603 3781 662 3842 illa
681 3780 921 3853 absolveretur,
937 3797 976 3842 ac
1031 3776 1269 3855 Babylonicum
1297 3778 1501 3853 decerneret,
1529 3780 1585 3842 ille
1609 3781 1831 3844 differendum

180 3874 351 3938 Eriderico
381 3878 579 3954 imperatore
611 3877 695 3940 duce
730 3879 834 3955 copiae
863 3894 977 3940 omnes
1032 3876 1249 3952 opportunius
1264 3878 1481 3940 existimaret.
1510 3881 1583 3941 Rex
1600 3879 1712 3940 tamen
1730 3880 1831 3942 rebus

179 3971 384 4049 traJicerent,
398 3975 641 4038 deliberaverat
661 3975 834 4055 (Tritbem.
851 3978 975 4038 Cicron.
1031 3973 1161 4035 bellicis
1184 3975 1295 4051 legato
1309 3976 1460 4052 peritior,
1483 3978 1695 4054 arrogantius
1731 3995 1829 4039 suam

180 4069 365 4151 Hirsouy.)
383 4073 488 4134 Aaixit
514 4076 754 4136 Germanorum
782 4074 912 4135 animos
939 4074 974 4135 in
1032 4073 1165 4134 secutus
1189 4075 1400 4146 sententiam,
1422 4075 1521 4151 legati
1538 4076 1733 4153 Apostolici,
1753 4093 1830 4138 cum

182 4181 256 4227 eam
267 4169 504 4244 profectionem
515 4171 689 4232 Pontificis
698 4171 828 4248 prolata
838 4173 978 4250 propbe-
1032 4187 1096 4249 quo
1118 4171 1219 4233 etiam
1232 4175 1466 4248 ilungarorum
1485 4190 1547 4234 rex
1561 4176 1723 4247 senserat,
1734 4175 1830 4252 judi-

180 4264 247 4326 1111
261 4267 436 4340 sententia,
450 4266 596 4330 futurum
611 4271 647 4332 ut
659 4285 760 4346 prope
773 4269 860 4331 diem
874 4273 976 4332 Terra
1032 4270 1120 4331 cium
1135 4268 1271 4332 difficile
1288 4270 1459 4347 probabat.
1483 4273 1673 4334 Secesserat
1690 4273 1779 4333 enim
1794 4274 1830 4334 in

182 4364 303 4424 Sancta
323 4364 522 4427 Christianis
541 4382 677 4428 cessura
691 4368 790 4430 esset.
808 4367 974 4446 (Usperg,
1033 4367 1175 4444 Syriam.
1195 4367 1258 4428 Sed
1274 4370 1389 4444 postea
1406 4384 1426 4431 a
1444 4368 1554 4444 legato
1575 4372 1744 4443 evocatus,
1768 4388 1830 4449 pa-

179 4474 236 4520 11.
263 4462 519 4542 Domini1217).
550 4465 589 4527 Et
609 4466 699 4527 certe
729 4465 977 4542 praedictionem
1032 4466 1111 4538 ruit,
1148 4466 1346 4544 tandemque
1379 4466 1429 4527 illi
1469 4466 1606 4546 obsequi
1641 4468 1827 4541 constituit,

179 4558 977 4638 111111111ᾳηί1111111111111111111111111111
1031 4563 1163 4625 tametsi
1191 4564 1326 4641 plurimi
1349 4564 1491 4626 militum
1515 4565 1617 4626 duces
1641 4565 1831 4628 1111111111-

181 4655 295 4719 urbem
321 4659 506 4720 Damlatam
532 4660 639 4721 nostri
664 4674 808 4737 coepere.
834 4660 896 4722 Sed
918 4661 977 4723 bei
1031 4660 1098 4721 iarn
1122 4660 1167 4722 in·
1182 4661 1380 4722 Sultlianum
1406 4661 1560 4723 bellicam
1588 4662 1829 4740 prosectionem

180 4755 296 4815 nutum
312 4757 978 4836 111111111111110111111111111111
1031 4758 1273 4830 dissuaderent,
1297 4776 1380 4837 quos
1404 4760 1533 4836 legatus
1553 4761 1644 4822 velut
1669 4762 1832 4823 consilio-

179 4851 318 4914 dissidia
333 4855 463 4927 avertit,
476 4856 513 4918 ut
524 4872 602 4918 mox
617 4855 775 4918 dicemus.
1031 4872 1105 4917 rum
1120 4856 1307 4919 turbatores
1319 4859 1628 4921 excomunicatione
1643 4859 1828 4922 mulctavit.

220 4952 393 5014 Exercitus
425 4953 538 5032 itaque
571 4955 679 5015 omnis
710 4955 976 5017 Christianorum
1032 4952 1168 5032 (Anton.
1187 4956 1238 5017 tit.
1267 4957 1315 5028 19,
1346 4959 1430 5018 1.,3.
1456 4959 1529 5033 §35
1550 4957 1679 5020 Bonlln.
1695 4962 1831 5021 Rerum

177 5048 248 5123 jam
268 5050 391 5110 sensim
413 5053 626 5125 conveniens,
644 5053 777 5115 tandem
797 5053 832 5113 in
850 5052 974 5124 Asiam,
1030 5056 1205 5130 11111111,
1217 5056 1294 5114 Dec.
1310 5055 1344 5126 2,
1358 5054 1415 5117 lib.
1431 5053 1477 5133 7).

181 5143 335 5208 hortante
354 5149 514 5222 Honorio,
539 5151 727 5227 trajecerat.
753 5152 833 5212 Erat
861 5151 896 5211 in
918 5151 976 5214 illo
1070 5153 1188 5212 Actum
1216 5151 1318 5227 igitur
1343 5168 1365 5213 a
1383 5155 1513 5214 loanne
1539 5168 1617 5229 rege
1641 5154 1703 5227 est,
1729 5156 1767 5216 ut
1787 5171 1831 5217 ex

181 5243 363 5319 Hungariae
377 5261 439 5307 rex
453 5247 613 5319 Andreas,
627 5251 774 5311 loannes
788 5248 830 5311 de
842 5250 975 5311 Brenna
1030 5248 1212 5327 Apostolici
1227 5248 1330 5325 legati
1344 5250 1510 5327 praecepto
1524 5266 1619 5312 arma
1640 5251 1676 5311 11
1693 5252 1831 5316 Sultba-

181 5342 280 5403 antea
312 5343 511 5406 Viennensis
540 5345 620 5420 dux,
652 5346 976 5425 Hierosolymitanus
1032 5364 1110 5408 num
1126 5350 1348 5419 sumerentur,
1364 5364 1404 5409 ac
1418 5349 1455 5410 ut
1468 5349 1679 5410 numerosior
1693 5365 1831 5428 compa-

180 5452 253 5510 rex,
279 5440 336 5501 sed
362 5442 396 5503 et
418 5442 517 5519 Cypri
550 5459 681 5521 quoque
711 5460 773 5506 rex
804 5444 976 5507 Amerinus
1031 5446 1163 5507 raretur
1177 5446 1355 5519 exercitus,
1371 5446 1479 5508 edicta
1499 5446 1714 5523 proponenda
1730 5464 1831 5510 cura·

180 5552 256 5600 cum
271 5537 462 5614 ingentibus
486 5540 627 5602 militum
642 5542 763 5619 copiis3
789 5542 929 5607 aderant
945 5545 978 5629 et
1031 5543 1094 5615 rit,
1123 5543 1159 5605 ut
1186 5543 1260 5621 ipsa
1292 5544 1519 5623 apostolorum
1553 5544 1645 5606 Petri
1670 5548 1706 5608 et
1732 5547 1830 5607 Pauli

180 5636 323 5699 Austriee
338 5636 534 5700 etBarariae
546 5637 647 5703 duces
662 5655 736 5701 cum
750 5640 878 5717 ingenti
889 5643 977 5704 Teu·
1031 5641 1171 5705 solemni
1185 5642 1251 5713 die,
1271 5641 1421 5721 quisquis
1436 5641 1523 5705 bello
1539 5641 1736 5721 militiaeque
1755 5644 1832 5707 ido-
