3802 6166
119 291 177 352 681

119 466 205 521 rere,
223 448 300 511 licet
313 464 366 511 res
376 450 511 527 propria
524 450 572 511 sic
587 450 716 526 agatur.
734 452 817 524 Quia
834 468 915 515 uero

119 549 204 609 talia
226 563 293 609 non
313 550 391 609 stunt
411 547 656 626 quomodolibet
675 548 859 623 toleranda,
874 566 916 611 ne

120 647 295 708 transeant
315 645 628 723 presumptionibus
651 646 687 707 in
708 647 912 723 exemplum3

121 743 255 804 noveris
265 745 309 814 te,
323 744 352 804 si
367 759 421 805 res
434 743 480 805 ita
492 759 528 804 se
543 741 651 815 habet,
666 744 795 805 tamdiu
805 743 915 806 officio

121 839 349 917 beneficioque
370 856 583 917 suspensum,
614 840 718 903 donec
747 842 859 903 nostro
884 842 915 904 te

120 938 313 1014 conspectui
325 939 544 1015 personaliter
564 942 795 1016 repraesentes,
816 939 918 1001 satis·

121 1035 301 1096 factionem
328 1036 489 1112 superbis
502 1052 681 1113 congruam
693 1038 914 1114 impensurus.

162 1134 281 1194 Datum
296 1134 452 1195 Laterani
468 1136 511 1195 IV
523 1133 684 1195 kalendas
692 1133 821 1213 aprilis,
834 1150 918 1211 pou-

121 1229 266 1292 tilicatus
281 1231 387 1293 nostri
402 1247 490 1292 011110
505 1231 662 1293 secundo.

405 1382 634 1469 CLXXVIII

168 1518 220 1576 Ad
237 1518 442 1589 episcopum,
458 1518 625 1578 decanum
640 1516 674 1578 et
685 1516 872 1591 capitulum

447 1616 586 1676 Semela.

406 1728 440 1785 19
455 1735 538 1785 mart.
554 1729 632 1786 1118.

121 1832 253 1897 [wilkins
264 1832 377 1883 Consilia
387 1847 484 1897 pinguae
496 1834 632 1885 Britannia
643 1839 668 1885 et
675 1834 809 1893 Hiberniae,
820 1834 917 1899 1111]

136 1932 294 1988 Licentiam
310 1931 441 1990 concedit
456 1931 615 1991 edificandi
629 1933 781 1991 ecclesiam
798 1932 829 1990 ln
844 1934 908 1990 loco

423 2022 621 2079 commodiori.

163 2121 331 2181 Honorius
364 2120 555 2198 episeopus,
590 2136 707 2183 servus
746 2135 918 2183 seruorum

122 2218 195 2288 bei,
225 2233 337 2278 vener.
368 2218 501 2279 fratri...
527 2218 700 2295 episcopo,
730 2220 764 2280 et
788 2217 919 2279 dilectis

123 2314 203 2375 filiis
218 2315 356 2387 decane,
374 2318 407 2377 et
421 2316 566 2391 capitulo
585 2318 715 2388 Sarum,
732 2315 920 2378 salutemet

121 2413 338 2489 apostolicam
352 2413 627 2475 benedictionem.

164 2513 213 2571 Ex
228 2511 321 2587 parte
336 2514 458 2582 vestra,
470 2511 660 2582 tilidecaue,
677 2512 710 2573 et
725 2510 916 2588 capitulum,

123 2606 187 2669 fuit
202 2608 281 2668 olim
295 2609 499 2686 propositum
513 2622 624 2670 coram
640 2608 748 2680 nobis,
765 2607 850 2685 quod
864 2623 920 2669 eo-

123 2705 227 2766 elesia
238 2708 360 2778 uestra,
376 2722 419 2766 ex
431 2722 471 2767 eo
484 2706 568 2782 quod
583 2706 669 2767 iufra
682 2709 800 2767 Sarum
814 2705 920 2766 muni·

122 2802 225 2863 tlouis
245 2802 404 2864 ambitum
425 2806 477 2865 est
498 2804 686 2865 constructa
706 2804 754 2865 tot
772 2802 921 2880 subjacet

124 2899 449 2961 incommoditatibus
465 2902 499 2960 et
513 2900 690 2977 pressuris,
708 2900 822 2961 utnon
837 2915 918 2976 pos-

123 2996 198 3058 sitis
213 2997 301 3058 inea
317 2998 390 3057 siue
403 3014 522 3073 magno
538 2997 687 3075 corporis
700 2997 847 3074 periculo
864 3011 920 3058 re-

123 3095 245 3155 sidere.
265 3097 369 3167 Quum
388 3096 476 3155 euim
496 3096 532 3155 iu
553 3095 625 3155 loco
650 3095 693 3157 sit
711 3095 817 3171 posita
837 3093 921 3156 emi-

122 3192 230 3263 nenti,
255 3193 351 3269 quasi
375 3193 531 3254 continua
551 3193 725 3253 remorum
745 3191 919 3252 collisione

124 3290 322 3361 concutitur,
340 3290 386 3351 ita
401 3290 486 3366 quod
499 3290 620 3366 praeter
637 3288 683 3361 id,
701 3288 786 3366 quod
807 3288 921 3349 divina

125 3386 333 3448 celebrantes
355 3387 464 3448 officia
488 3387 546 3447 vix
570 3386 707 3463 potestis
730 3387 843 3449 mutuo
862 3402 921 3447 uos

125 3484 255 3557 audire,
268 3484 350 3546 adeo
364 3485 407 3546 sit
421 3485 573 3545 ruinatus
584 3484 677 3545 locus
690 3484 772 3560 ipse,
789 3486 922 3545 11100111-

124 3584 293 3645 morantes
315 3583 349 3643 in
365 3598 404 3644 eo
423 3582 628 3659 frequentius
650 3582 825 3643 incurrant
840 3597 920 3659 per-

124 3681 242 3757 petuas
258 3680 441 3758 passiones,
459 3680 581 3756 uixque
596 3678 764 3741 sufficiant
779 3679 819 3740 ad
834 3680 921 3741 tecta

123 3776 277 3839 ecclesiae
292 3777 489 3854 reparanda,
506 3793 579 3855 quae
599 3776 792 3855 frequenter
812 3776 921 3839 uentis

124 3874 407 3936 invalescentibus
420 3874 636 3951 dissipantur.
653 3879 780 3951 Aquam
791 3890 921 3952 quoque

124 3972 921 4050 saepecogunturtantapecuniaoompararequae

124 4070 210 4131 alias
224 4073 331 4146 potest
344 4070 499 4133 sufficere
510 4070 550 4131 ad
567 4071 766 4147 emptionem
781 4085 923 4131 commu·

124 4168 178 4230 nis
205 4169 301 4245 potus
324 4168 472 4245 regionis
489 4167 592 4239 illius,
620 4183 682 4228 nec
709 4167 799 4244 patet
822 4166 926 4227 etiam.

124 4265 236 4326 aditus
256 4264 297 4325 ad
317 4266 466 4327 eamdem
487 4265 561 4325 slue
581 4264 716 4327 licentia
735 4263 919 4336 castellani,

125 4363 242 4439 sicque
271 4363 449 4439 contingit,
479 4361 564 4440 quod
593 4362 629 4422 iu
658 4360 766 4438 capite
788 4360 927 4438 jejunii,

125 4476 221 4521 coena
232 4461 374 4532 Domini,
386 4459 522 4537 synodis
531 4459 563 4519 et
572 4457 724 4519 fidelibus
733 4457 922 4520 uolentibus

125 4559 233 4635 ipsam
247 4558 421 4619 ecclesiam
436 4557 585 4627 visitare,
601 4556 783 4631 denegatur
796 4556 923 4632 ingres·

125 4672 202 4725 sus,
231 4655 492 4733 proponentibus
518 4653 709 4715 custodibus
733 4654 835 4714 castri
863 4669 923 4730 per

125 4753 189 4813 boc
205 4753 380 4813 munitioni
398 4752 582 4829 periculum
604 4752 793 4824 imminere;
807 4750 921 4811 domos

126 4852 300 4929 praeterea,
319 4866 393 4927 quae
408 4848 502 4911 uobis
516 4849 694 4919 sufficiant,
711 4864 777 4909 11011
793 4846 922 4909 habetis

125 4948 266 5021 ibidem,
296 4948 382 5009 unde
405 4947 592 5022 complures
618 4946 778 5007 laicorum
808 4947 922 5007 domos

126 5046 312 5107 conducere
323 5043 803 5121 compellantempropterlraec
814 5044 846 5105 et
855 5042 922 5103 alia

125 5143 336 5204 incommoda
356 5143 450 5204 multi
470 5142 511 5203 ab
531 5142 636 5219 ipsius
657 5141 807 5202 ecclesiae
826 5140 924 5202 obse-

126 5240 252 5318 duriose
266 5240 453 5302 alisentant.
464 5241 533 5299 Nos
547 5240 649 5315 igitur
659 5254 757 5315 super
768 5238 830 5299 hoc
845 5254 924 5317 pro-

125 5338 241 5400 uidere
264 5339 425 5409 uolentes,
447 5337 568 5399 dilecto
590 5337 658 5397 tilio
678 5336 791 5397 nostro
813 5338 850 5397 G.
871 5336 921 5398 tit.

128 5436 242 5498 Sancti
257 5436 392 5497 Martini
414 5434 604 5513 presbytero
620 5433 799 5499 cardinali.
813 5438 923 5510 Apos-

125 5533 237 5595 tolicae
265 5534 359 5595 Sedis
384 5533 505 5608 legato,
535 5548 594 5609 por
618 5533 750 5592 nostras
774 5532 923 5592 dedimus

127 5630 257 5694 litteras
273 5632 306 5691 iu
323 5630 497 5701 mandatis,
516 5634 552 5691 111
562 5645 621 5707 per
640 5645 675 5690 se
691 5628 742 5691 vel
754 5644 813 5705 per
827 5630 921 5702 alios,

743 292 974 357 EPISTOLAE.
996 294 1074 357 LlB.
1099 293 1140 356 11.

970 470 1052 531 quos
1077 453 1234 531 expedire
1259 454 1366 527 uidet,
1394 470 1494 531 super
1522 453 1703 531 praemissis
1731 456 1765 517 et
1871 434 1874 439 ¹

970 550 1763 629 aliisiuquiretdiligenteretsolliciteveritatem,

970 648 1003 709 et
1015 649 1100 725 quod
1118 649 1295 718 inveniret,
1311 649 1406 713 nobis
1421 650 1564 711 fideliter
1582 650 1762 712 intimaret.
1867 686 1872 695 ι

971 746 1033 819 Qui
1046 762 1121 807 cum
1136 747 1359 824 depositiones
1370 749 1505 810 testium
1521 764 1622 825 super
1639 747 1763 807 111110-

970 844 1140 920 ceptorum
1151 844 1246 906 uobis
1259 846 1319 906 sub
1333 846 1442 921 sigillo
1454 862 1514 907 suo
1525 844 1766 907 transmisisset

970 940 1118 1003 inclusas
1133 942 1224 1019 ipsas
1241 959 1300 1019 per
1315 944 1510 1018 magistrum
1525 948 1635 1005 Gram.
1652 943 1766 1019 capel-

971 1039 1083 1100 lanum
1099 1042 1266 1112 nostrum,
1289 1040 1426 1102 fecimus
1444 1041 1562 1118 inspici
1578 1041 1765 1117 diligenter,

971 1137 1027 1215 qui
1042 1137 1166 1213 reperit
1174 1153 1214 1199 ea
1222 1138 1580 1216 sufficienterprobata,
1593 1155 1666 1215 quae
1672 1138 1769 1200 nobis

971 1235 1122 1311 exposita
1153 1234 1284 1297 fuerant
1315 1252 1416 1314 super
1445 1236 1768 1298 incommoditatibus

972 1332 1157 1395 antedictis.
1168 1334 1341 1410 Comperta
1353 1334 1456 1409 igitur
1469 1350 1528 1411 per
1537 1334 1666 1395 fidelem
1679 1333 1769 1395 rela-

971 1430 1095 1492 tionem
1112 1430 1217 1508 ipsius
1232 1431 1362 1508 plenius
1377 1432 1528 1504 veritate,
1544 1431 1767 1493 transferendi

972 1527 1149 1589 ecclesiam
1168 1530 1274 1606 ipsam
1294 1528 1336 1591 ad
1356 1531 1463 1592 locum
1486 1530 1589 1591 alium
1608 1531 1768 1607 opportu-

973 1641 1062 1698 num,
1077 1626 1216 1687 liberam
1233 1627 1328 1688 vobIs
1346 1627 1557 1689 concedimus
1573 1628 1770 1689 auctoritate

972 1723 1188 1799 praesentium
1204 1723 1394 1785 facultatem
1405 1747 1413 1799 3
1426 1725 1518 1785 saluo
1529 1724 1686 1785 nimirum
1698 1724 1771 1784 cui-

972 1818 1053 1882 libet
1067 1836 1231 1897 personae,
1243 1821 1310 1883 tam
1326 1823 1480 1882 saeculari
1490 1822 1770 1899 quamacclesias·

971 1918 1058 1990 ticae,
1068 1920 1145 1995 jnre
1156 1935 1228 1991 suo,
1245 1921 1278 1981 et
1288 1919 1394 1995 ipsius
1409 1920 1559 1981 ecclesiae
1571 1919 1766 1996 privilegiis,

973 2015 1199 2091 dignitatibus,
1214 2032 1253 2077 ac
1268 2016 1476 2079 libertatibus
1489 2018 1642 2079 omnibus
1656 2018 1692 2077 in
1707 2033 1768 2079 suo

973 2113 1061 2174 statu
1071 2129 1111 2175 ac
1121 2114 1240 2175 robore
1249 2114 1429 2176 duraturis.
1444 2114 1535 2176 Nulli
1544 2131 1623 2191 ergo
1634 2114 1769 2176 0111111110

974 2211 1144 2272 bominum
1160 2211 1260 2273 liceat
1278 2212 1364 2273 hanc
1379 2212 1535 2289 paginam
1550 2214 1673 2274 nostrae
1688 2228 1770 2273 con-

973 2308 1136 2371 cessionis
1155 2309 1350 2386 infringere,
1366 2310 1419 2371 uel
1441 2310 1572 2372 clausu
1590 2310 1769 2371 temerario

973 2406 1151 2469 contraire.
1165 2407 1200 2469 Si
1215 2408 1289 2485 quis
1302 2409 1413 2470 autem
1423 2408 1486 2470 1100
1497 2408 1660 2471 attentare
1682 2423 1771 2486 prae-

974 2504 1162 2581 sumpserit,
1174 2505 1436 2581 indignationem
1449 2506 1684 2583 omnipotontis
1696 2505 1768 2578 Dei,

973 2604 1006 2665 et
1020 2601 1192 2663 beatorum
1202 2603 1292 2664 Petri
1302 2605 1335 2665 et
1345 2604 1442 2665 Pauli
1450 2604 1673 2682 apostolorum
1683 2606 1766 2681 ejus,

974 2715 1010 2761 se
1038 2700 1169 2762 nouerit
1192 2700 1415 2762 incursurum.
1445 2702 1564 2762 batum
1591 2701 1767 2774 Laterani,

973 2800 993 2858 1
1007 2796 1168 2859 kalendas
1185 2798 1313 2875 aprilis,
1332 2798 1542 2876 pontificatus
1556 2799 1664 2861 nostri
1680 2814 1769 2861 anuo
1873 2836 1877 2843 -

974 2895 1129 2957 secundo.

1280 3020 1469 3107 CLXXIX

1007 3154 1060 3213 Ad
1080 3156 1256 3215 Simonem
1276 3154 1456 3216 curatorem
1468 3155 1734 3217 Bituriccusem.

1255 3266 1291 3325 30
1309 3274 1393 3324 mart.
1411 3268 1490 3325 1218.

1007 3362 1182 3428 [Regost.,lib.
1193 3364 1225 3423 11,
1236 3364 1311 3428 epist.
1326 3363 1381 3413 988.
1394 3364 1450 3413 llss.
1463 3366 1499 3415 La
1514 3365 1587 3415 Porta
1599 3364 1634 3415 du
1644 3364 1739 3427 Theti]

976 3469 1184 3528 Beneficiorum
1204 3471 1394 3543 pluralitatem
1407 3470 1538 3529 coneedit
1559 3472 1621 3529 viro
1635 3471 1768 3529 litterato.

1016 3579 1194 3652 Honorius,
1218 3580 1294 3651 etc„
1310 3579 1431 3642 dilecto
1448 3578 1517 3640 filio
1539 3579 1666 3642 Simoni
1685 3595 1770 3641 oau-

976 3677 1233 3740 toriBituricen.

1018 3775 1110 3836 Sicut
1128 3774 1190 3835 soli
1215 3790 1343 3837 summo
1363 3774 1516 3836 Pontifici
1535 3775 1614 3837 licet
1625 3777 1702 3851 jura
1717 3774 1774 3835 iu-

977 3872 1152 3948 terpretari
1167 3874 1200 3934 et
1217 3872 1360 3933 condere
1379 3872 1420 3934 de
1443 3874 1598 3949 suscepta
1623 3872 1771 3949 plenitu-

976 3966 1053 4028 dine
1078 3966 1321 4043 potestatis,sic
1335 3983 1397 4029 nec
1415 3967 1487 4045 J'uri
1507 3966 1588 4030 facit
1600 3968 1770 4045 injuriam,

976 4080 1037 4125 nec
1052 4063 1093 4126 ab
1108 4064 1175 4127 alio
1187 4064 1331 4126 faciendi
1345 4065 1468 4126 similia
1484 4065 1609 4142 praebet
1619 4067 1771 4133 formam.

977 4162 1007 4223 si
1021 4162 1280 4239 disponsationis
1291 4162 1439 4225 habenas
1448 4164 1560 4226 taliter
1570 4164 1770 4237 moderetur,

976 4260 1063 4337 quod
1076 4260 1234 4322 sublimes
1247 4262 1280 4322 et
1290 4261 1443 4322 litteratae
1458 4277 1609 4337 personae
1619 4262 1771 4339 pluribus

976 4357 1110 4420 ualeant
1147 4356 1318 4419 beneflciis
1361 4358 1531 4420 honorari.
1570 4361 1769 4435 Eapropter,

977 4455 1769 4528 dilecteiuDomiuofuli,uobilitatistuaetitulum,

976 4554 1010 4614 et
1023 4553 1191 4630 praecelsae
1204 4552 1373 4629 fastigium
1389 4554 1583 4625 honestatis,
1600 4570 1665 4631 qua
1680 4554 1773 4615 dice-

977 4652 1024 4712 ris
1047 4651 1256 4728 praepollere,
1279 4652 1476 4729 propensius
1506 4652 1713 4713 attendentes
1732 4668 1772 4714 ac
1806 4674 1809 4681 ·

977 4748 1770 4826 tuisetdilectorumfiliorumcapitulivastinen,

977 4846 1075 4922 quite
1087 4846 1122 4906 in
1146 4862 1242 4906 suum
1259 4847 1382 4923 eligere
1398 4848 1541 4923 priorem
1551 4846 1703 4923 precibus
1717 4848 1773 4909 iu-

978 4944 1103 5016 clinati‚
1126 4943 1322 5005 electionem
1351 4945 1446 5006 dete
1470 4944 1590 5006 factam
1615 4944 1770 5007 duximus

977 5040 1212 5103 admittendam
1243 5042 1439 5104 auctoritate
1469 5042 1529 5103 tibi
1558 5044 1771 5119 praesentium

978 5139 1208 5211 concedentes,
1226 5142 1262 5200 111
1273 5156 1347 5200 cum
1361 5140 1438 5201 aliis
1453 5140 1669 5215 dignitatibus
1688 5158 1771 5219 quas

979 5253 1065 5298 nuuc
1088 5237 1211 5298 habere
1228 5238 1435 5313 dignosceris
1455 5239 1638 5314 prioratum
1659 5240 1772 5300 Vasti-

979 5351 1067 5407 uen.,
1084 5335 1124 5395 de
1137 5335 1384 5411 dispensatione
1404 5337 1517 5398 nostra
1538 5335 1643 5397 libere
1657 5338 1771 5398 valeas

979 5433 1133 5494 retinere.
1151 5432 1242 5494 Nulli
1264 5449 1344 5507 ergo
1366 5434 1453 5495 lrauo
1469 5434 1624 5510 paginam
1648 5436 1769 5494 nostra)

979 5530 1214 5602 concessionis,
1229 5534 1304 5605 etc.;
1320 5530 1434 5609 siquis
1450 5534 1640 5603 autem,etc.
1652 5533 1770 5591 batum

981 5628 1135 5691 Laterani
1149 5628 1249 5715 tertio
1275 5628 1344 5693 kal.
1360 5630 1478 5709 aprilis
1500 5645 1589 5692 auno
1611 5628 1768 5691 secundo.

1703 292 1765 357 1182
