3802 6166
137 249 179 311 oe
424 214 427 223 ’
535 247 645 312 ua·
666 250 710 315 111
720 250 1024 314 assunrrron's
1044 250 1196 313 suarm
1217 251 1380 314 urana
1746 255 1787 315 ro

143 411 226 471 aooi
248 410 293 481 to,
307 411 341 471 et
363 409 550 485 aerisonum
574 414 695 474 exires
718 413 761 473 cic
792 411 934 484 veratro,
990 411 1059 474 ista
1076 426 1157 486 quor
1165 412 1319 474 amomis
1335 412 1377 474 de
1400 406 1672 485 desertorooasi
1688 412 1784 475 dice-

136 508 404 583 sowtipoooiie
417 505 498 587 (iar.
514 525 537 581 1,
551 507 597 588 5).
991 509 1090 570 rent:
1110 507 1193 571 Aliae
1216 508 1375 571 mulieres
1398 508 1641 572 descenderunt
1664 510 1705 572 de
1726 510 1787 573 de·

182 606 279 670 Unde
301 622 367 670 non
383 609 434 670 est
447 606 662 670 dubitandum
681 608 838 671 debeata
859 609 937 671 Vir·
991 608 1080 668 serto
1098 606 1141 669 ad
1161 605 1339 678 internum,
1358 606 1423 669 ista
1438 608 1549 671 autem
1572 607 1724 671 ascendit
1742 609 1784 671 de

137 704 229 783 gine,
245 704 325 766 licet
345 704 386 767 de
416 704 488 783 ipsa
512 705 575 768 hoc
601 722 668 768 non
692 706 855 769 habeatur
875 722 938 769 ex·
991 703 1401 768 desertoadooelum.hliae
1416 705 1786 770 mulieresaiiluxerunt

137 819 310 882 pressum3
327 802 404 864 tiliae
421 803 514 873 Sion,
535 802 630 877 idest,
653 803 774 867 animae
798 805 935 867 sancto·
991 801 1136 887 delictis,
1153 802 1218 864 ista
1241 802 1350 864 affluit
1367 802 1509 865 deliciis.
1527 805 1564 866 Si
1585 821 1659 882 quie
1673 806 1785 867 tamon

136 900 274 962 rnmrel
291 900 453 977 angelicae
469 916 620 978 personae
631 901 787 964 viderunt
800 904 936 965 Beatam
990 894 1148 987 mulieres
1164 901 1217 962 vol
1235 900 1355 962 animae
1371 901 1495 963 sanctae
1510 902 1732 964 ascenderunt
1743 902 1786 965 ad

138 997 285 1060 Mariam
298 998 533 1061 ascendentem
547 1000 589 1062 ad
609 1000 711 1061 coelos
725 1017 800 1061 cum
815 1001 934 1077 gloria,
991 998 1122 1071 oculum,
1137 999 1277 1077 portatae
1298 999 1376 1060 sunt
1389 999 1430 1060 ab
1446 999 1586 1076 angelis,
1603 1001 1786 1063 secundum

137 1096 228 1158 sicut
255 1095 355 1159 hodie
378 1097 469 1159 canit
495 1096 662 1159 Ecclesia:
678 1098 862 1161 ‹Exultata
887 1100 936 1160 est
990 1094 1074 1157 illud
1092 1096 1363 1173 :Affcrcnturim
1376 1098 1543 1160 ioetitiuet
1555 1099 1786 1162 exultatione:

138 1195 263 1256 Sancta
290 1193 349 1255 Dei
375 1193 530 1255 <ianitrix
551 1209 652 1272 super
665 1194 786 1257 choros
798 1196 937 1272 angelo-
991 1195 1206 1257 adducentur
1219 1198 1257 1257 in
1272 1194 1437 1271 tempium
1455 1200 1550 1272 repis
1564 1195 1634 1276 (Pe.
1651 1200 1701 1269 il,
1719 1196 1783 1278 16).

138 1308 215 1352 rum
243 1290 285 1352 ad
319 1290 468 1365 coelestia
508 1307 621 1369 regna.
656 1295 734 1355 »st
767 1295 936 1371 assumpta
991 1293 1058 1355 Ista
1082 1307 1162 1355 vero
1183 1308 1250 1354 non
1272 1293 1423 1371 portatur
1446 1292 1486 1355 ab
1502 1295 1642 1371 angelis,
1660 1295 1717 1356 sed
1733 1295 1788 1357 de·

137 1390 189 1452 esi
202 1388 313 1451 Maria
329 1389 364 1451 in
377 1389 508 1462 coelum,
524 1389 670 1466 gaudent
686 1390 797 1468 angeli
812 1391 845 1453 et
860 1391 936 1453 ideo
991 1390 1124 1453 ducitur
1137 1406 1158 1451 a
1178 1390 1350 1452 beisino.
1367 1391 1407 1453 st
1420 1390 1483 1453 hoc
1498 1392 1649 1469 estquod
1664 1392 1787 1455 dicitur

138 1487 493 1568 predicaverumoam
514 1486 752 1561 beatissimam,
768 1488 846 1550 dum
866 1490 936 1553 tota
990 1488 1108 1550 innixa
1131 1503 1232 1565 super
1258 1488 1416 1550 dilectum
1438 1505 1545 1562 suum,
1562 1489 1649 1567 quod
1663 1490 1787 1553 virtute

140 1584 316 1647 devotione
342 1599 379 1646 se
399 1585 435 1646 in
464 1586 537 1663 ejus
559 1585 657 1647 laude
678 1584 844 1659 fuderunt,
874 1587 937 1649 fuit
991 1587 1023 1649 et
1037 1586 1209 1663 majestate
1224 1585 1285 1647 lilii
1298 1585 1448 1648 ascendit
1465 1586 1499 1648 in
1515 1587 1630 1650 altum.

141 1684 174 1745 et
199 1682 267 1745 alia
288 1697 390 1743 causa
411 1681 656 1756 admirationis,
670 1685 829 1761 quantum
847 1685 936 1747 enim
1030 1683 1107 1747 suit
1121 1684 1156 1746 et
1175 1683 1276 1746 tertia
1290 1700 1392 1746 causa
1413 1683 1645 1747 admirationis
1664 1685 1705 1747 de
1726 1687 1788 1749 ad·

141 1779 229 1842 cradi
244 1779 296 1841 ias
310 1780 371 1841 est
389 1781 463 1858 lpse
477 1782 565 1843 Deus
580 1781 640 1843 Dei
658 1781 746 1843 tilius
758 1781 813 1860 qui
827 1783 933 1846 dixit:
991 1781 1235 1845 ministratione
1247 1782 1426 1845 muliorum
1445 1783 1639 1859 angelorum
1654 1784 1687 1847 et
1706 1770 1788 1847 oon?-

139 1881 286 1940 Houoro
312 1879 461 1941 Patrem
479 1878 579 1941 tuum
605 1879 640 1942 ct
664 1882 816 1943 notram
839 1882 936 1943 tuam
991 1879 1121 1943 fusione
1140 1879 1338 1943 daemonum.
1359 1881 1444 1942 Nam
1474 1898 1549 1943 cnm
1575 1880 1610 1942 in
1632 1897 1788 1960 assump-

142 1974 260 2055 (lixod.
275 1992 334 2048 xx,
353 1973 417 2055 12).
433 1975 540 2039 littam
564 1976 599 2039 in
626 1976 690 2040 hac
712 1980 805 2055 parte
829 1979 937 2041 hono-
990 1978 1081 2041 tione
1103 1976 1290 2039 animarum
1312 1978 1346 2040 et
1367 1977 1446 2041 boni
1461 1979 1574 2056 angeli
1592 1979 1787 2057 delegentur
1839 1984 1842 1989 '

139 2089 208 2136 rem
224 2074 381 2153 praestitit
394 2074 495 2137 matri
507 2091 589 2146 suae,
606 2079 641 2137 ut
655 2075 691 2137 in
706 2078 840 2155 propria
859 2094 937 2155 pcr-
991 2076 1024 2138 et
1038 2075 1205 2138 daemones
1219 2092 1240 2137 a
1254 2074 1386 2138 diaholo
1409 2077 1593 2150 mittantur,
1611 2079 1647 2140 ut
1662 2078 1691 2138 si
1707 2078 1786 2156 quid

141 2187 222 2234 sona
243 2171 440 2248 dignaretur
466 2173 676 2236 descendere.
706 2174 742 2236 Si
763 2176 872 2248 enim,
900 2176 937 2238 ut
991 2188 1088 2234 suum
1100 2171 1290 2234 invenerint
1299 2173 1443 2251 rapiant,
1455 2173 1519 2246 vel,
1535 2173 1565 2234 si
1580 2190 1646 2235 non
1658 2175 1788 2237 calum-

141 2269 188 2332 ait
215 2270 397 2346 Gregorius
417 2269 454 2331 in
479 2269 566 2333 libro
594 2272 810 2350 Dialogorum
826 2295 834 2336 z
853 2273 935 2335 ‹ad
991 2270 1146 2346 nientur3
1174 2269 1209 2331 in
1228 2270 1454 2346 assumptione
1475 2272 1586 2333 seara
1610 2273 1725 2334 Mariae
1754 2274 1787 2339 et

142 2367 302 2445 quasdam
317 2367 447 2430 animas
462 2370 606 2442 sanctas,
620 2386 696 2451 oum
710 2386 812 2433 earne
826 2372 937 2434 solve-
990 2364 1085 2427 multi
1105 2363 1216 2442 angeli
1238 2365 1271 2427 et
1295 2364 1409 2440 magni
1432 2367 1512 2427 sunt
1535 2364 1569 2427 in
1590 2368 1663 2444 ejus
1689 2367 1790 2429 obse-

143 2468 269 2538 rentur,
289 2465 478 2539 descendit,
499 2469 534 2529 ot
564 2466 741 2530 adventum
763 2484 859 2530 suum
880 2470 935 2531 vel
990 2463 1104 2541 quium
1128 2462 1292 2540 deputati.
1320 2463 1354 2525 ei
1380 2462 1547 2524 daefflones
1576 2464 1661 2525 nihil
1689 2481 1786 2528 suum

144 2563 278 2625 luminis
293 2565 466 2641 majestate
476 2564 529 2626 vel
540 2563 651 2626 odoris
666 2566 830 2628 suavitate
840 2584 937 2630 mon·
989 2561 1194 2638 reperientes
1204 2560 1296 2633 inea,
1307 2560 1440 2638 penitus
1451 2560 1528 2623 sunt
1540 2560 1680 2624 contusi.
1694 2564 1787 2627 Unde

137 2661 271 2734 stravit,
285 2678 304 2721 11
318 2662 422 2723 multo
438 2663 544 2741 magis
558 2662 759 2725 credendum
773 2665 835 2736 est,
847 2664 934 2743 quod
989 2657 1111 2720 dicitur
1125 2674 1185 2736 per
1206 2658 1401 2735 mysterium
1424 2657 1462 2720 in
1482 2658 1617 2721 cantico
1638 2661 1788 2724 candoe·

134 2758 203 2823 hoc
218 2759 273 2821 die
292 2761 431 2822 matrem
443 2760 479 2821 in
496 2773 638 2838 persona
655 2762 789 2840 propria
814 2763 933 2826 visita·
989 2773 1083 2820 rum:
1097 2756 1273 2818 Moluium
1295 2758 1488 2819 Salomonis
1510 2758 1698 2835 seoeaointa
1714 2761 1787 2834 sor·

136 2858 241 2930 uerit,
256 2859 291 2920 et
302 2873 375 2920 eam
388 2874 463 2919 cum
473 2858 581 2935 gloria
589 2859 632 2919 ad
647 2875 787 2936 regnum
802 2861 935 2923 coeleste
989 2855 1042 2918 tes
1063 2853 1220 2917 ambiunt
1239 2867 1287 2916 ss
1304 2854 1509 2930 fortissimis
1523 2858 1650 2928 lsrael,
1668 2871 1788 2921 omnes

129 2955 352 3034 perduxerit,
386 2955 434 3017 ita
460 2957 497 3018 ut
525 2955 598 3034 ipsa
623 2957 749 3034 gratias
785 2958 935 3022 reterens
990 2952 1146 3015 tenentes
1174 2953 1305 3029 alodios
1339 2952 1375 3014 et
1407 2955 1453 3014 aci
1487 2953 1572 3017 betia
1597 2955 1787 3019 doctissimi

127 3053 265 3116 dixerit
284 3054 464 3116 :remisisti
490 3069 635 3117 manum
659 3056 817 3119 docteres
835 3073 932 3130 mcoe,
990 3049 1098 3131 (Cant.
1112 3066 1163 3123 1112
1180 3048 1227 3130 7)-

118 3151 170 3214 et
185 3155 224 3214 iu
246 3151 500 3215 voluntatatem
518 3152 694 3215 1141111111
712 3169 779 3227 me,
802 3156 836 3217 et
856 3171 935 3217 cum
1028 3148 1183 3212 Lectulus
1202 3146 1388 3210 Salomonis
1403 3149 1454 3210 est
1468 3149 1574 3211 Mater
1591 3150 1785 3227 salvatoris,

119 3252 251 3323 oiorta
266 3249 487 3323 assumpsisti
505 3264 562 3311 nae
577 3249 647 3329 (Ps.
662 3253 713 3323 73,
727 3250 792 3331 24).
988 3246 1066 3326 quia
1089 3247 1125 3309 in
1148 3260 1189 3307 ea
1208 3246 1377 3323 tamquam
1397 3245 1434 3306 in
1457 3245 1577 3310 lectulo
1596 3249 1697 3311 etiam
1711 3268 1789 3314 cor-

175 3345 275 3409 Unde
303 3362 457 3424 supernas
492 3347 632 3410 virtutes
663 3349 865 3412 admirantes
893 3351 934 3412 do
988 3345 1147 3424 poraliter
1161 3343 1334 3422 requievit.
1359 3343 1515 3406 Salomon
1531 3346 1662 3422 quidem
1682 3348 1788 3412 inter-

126 3444 243 3507 Beaia
263 3443 383 3517 Maria,
400 3443 486 3522 quod
508 3460 583 3506 cum
595 3446 687 3508 tanta
707 3447 815 3524 gloria
829 3448 934 3511 duce·
988 3443 1137 3522 pretatur
1165 3441 1333 3520 pacificus,
1363 3440 1449 3502 idest
1474 3441 1637 3517 Christus,
1662 3445 1787 3525 dequo

121 3543 230 3605 retur
248 3557 270 3604 a
285 3541 354 3604 illio
375 3540 534 3604 dixerunt
556 3543 639 3605 illud
665 3544 794 3606 Cantici
818 3546 934 3608 canti·
987 3541 1069 3603 dicit
1088 3538 1264 3617 Apostolus
1287 3559 1295 3598 :
1319 3542 1399 3611 ipse
1420 3539 1473 3600 est
1489 3554 1566 3614 pum
1586 3543 1707 3604 ametro
1728 3549 1788 3620 qui

124 3655 252 3703 corum
277 3640 390 3706 aouoe
415 3640 565 3703 esitato
600 3656 678 3715 quos
712 3644 866 3705 ascendit
892 3646 934 3705 de
986 3639 1067 3715 sccii
1091 3639 1239 3712 utraque
1264 3632 1560 3714 ursum(Eph.11,
1589 3637 1653 3718 14).
1681 3642 1789 3704 Sexa-

126 3737 286 3809 uexato,
302 3739 432 3801 reticita
449 3738 610 3813 affluens,
621 3741 748 3801 tunimo
761 3755 868 3816 super·
881 3744 935 3803 di-
987 3736 1079 3815 ginta
1092 3733 1193 3797 iories
1205 3734 1283 3796 sunt
1294 3731 1408 3808 magni
1422 3732 1626 3811 archangeli,
1635 3737 1786 3815 virtutes,

132 3836 264 3899 Maon
286 3848 392 3897 suum
415 3831 522 3915 (Cant.
547 3851 621 3909 11111,
645 3834 692 3916 5).
719 3837 794 3899 Non
820 3837 934 3901 dicunt
988 3833 1194 3914 principatus
1221 3831 1255 3893 et
1277 3830 1467 3909 potestates.
1488 3832 1550 3904 Qui
1570 3834 1624 3895 vel
1643 3852 1717 3914 guae
1736 3838 1789 3900 di·

135 3933 233 4012 quasi
256 3932 461 4009 ignorantes,
479 3932 537 3995 sed
570 3933 665 4012 quasi
696 3934 932 4000 admirantes:
988 3928 1789 4007 cuntursexaginta,quodhicnumerusconsistit

137 4034 215 4104 Quae
241 4032 295 4092 est
321 4029 401 4104 ista,
430 4047 530 4108 quam
557 4031 674 4108 digna,
703 4049 802 4110 quam
828 4034 931 4112 justa,
986 4048 1031 4094 ex
1053 4029 1191 4092 denario
1215 4028 1248 4090 et
1271 4025 1414 4100 senario,
1436 4028 1522 4104 quod
1543 4029 1654 4092 sexies
1673 4032 1787 4097 decem

139 4144 235 4207 quam
251 4129 379 4201 sancta,
400 4144 499 4205 quam
527 4129 666 4206 pulchra
687 4130 720 4192 et
739 4131 788 4192 sic
811 4131 852 4192 de
866 4148 935 4195 cae·
988 4128 1113 4191 iaciunt
1125 4125 1310 4203 sexaginta.
1318 4126 1358 4187 Et
1367 4124 1520 4186 senarius
1533 4127 1665 4204 quidem
1677 4131 1786 4209 signi-

140 4227 228 4297 teris‚
246 4224 342 4304 quasi
359 4225 505 4289 diceret:
520 4228 599 4299 Quae
623 4228 674 4290 est
698 4226 762 4290 ista
775 4244 849 4305 qiraa
874 4246 933 4291 as·
988 4228 1064 4290 licat
1083 4224 1317 4304 perlectionem
1331 4222 1484 4297 virtutis,
1508 4223 1675 4301 denarius,
1699 4231 1786 4307 quod

140 4324 248 4386 cendit
287 4323 328 4385 de
362 4324 512 4396 deserto,
554 4323 659 4397 idest,
700 4325 741 4388 de
789 4328 933 4389 mundot
987 4338 1200 4387 numerorum
1214 4322 1265 4382 est
1275 4320 1448 4394 terminus,
1461 4321 1699 4398 plenitudinem
1713 4344 1788 4405 gra·

140 4420 282 4484 blundus
294 4419 416 4484 dicitur
428 4420 578 4484 desertus
592 4422 726 4500 propter
743 4424 931 4488 infructuo·
988 4424 1042 4487 tiae
1056 4420 1213 4485 coelestis.
1237 4418 1328 4490 Quod
1344 4434 1423 4494 ergo
1437 4418 1594 4483 dicuntur
1610 4425 1785 4501 sexaginta

140 4520 271 4583 sitatom
303 4520 337 4581 et
375 4517 564 4581 ariditatem
592 4519 645 4582 vel
671 4521 757 4597 quod
786 4523 932 4600 quotidie
986 4522 1105 4593 fortes,
1127 4519 1193 4581 tale
1217 4517 1268 4578 est
1290 4532 1330 4578 ac
1349 4516 1378 4577 si
1397 4515 1564 4579 diceretur
1581 4540 1588 4579 ε
1604 4519 1705 4582 sortes
1726 4539 1785 4585 ar-

138 4616 311 4680 desaratur
337 4631 358 4679 a
376 4615 606 4679 morientibus.
633 4617 726 4679 Unde
749 4620 905 4683 Salomon
922 4642 930 4681 ε
987 4617 1152 4696 changeii,
1169 4614 1384 4694 principatus,
1401 4614 1540 4677 virtutes
1556 4616 1589 4678 et
1605 4619 1784 4693 potestates

136 4718 248 4777 b'cmo
261 4714 314 4776 est
328 4716 388 4789 qut
406 4729 547 4790 semper
565 4716 672 4788 vivat,
692 4716 728 4779 ct
746 4720 805 4791 poi
829 4722 932 4791 imas
986 4716 1123 4797 perlecti
1146 4715 1182 4776 in
1205 4714 1338 4785 virtute,
1361 4712 1450 4789 pleni
1474 4713 1646 4790 mau’estate
1666 4716 1783 4792 gloriae

136 4814 189 4874 ret
201 4811 326 4874 habeat
341 4812 503 4885 fiduciam
519 4809 622 4890 (Eccl.
642 4828 689 4885 rx,
706 4811 751 4892 1).
770 4814 863 4876 Unde
878 4814 930 4875 le·
985 4814 1136 4879 ambiunt
1153 4811 1310 4874 lectulum
1336 4808 1531 4880 Salomonis,
1553 4808 1648 4884 idest,
1666 4816 1781 4891 prote-

136 4908 225 4985 gitur
257 4908 293 4969 in
317 4907 401 4970 libro
425 4911 568 4985 Regum,
588 4910 674 4987 quod
696 4910 846 4988 quaedam
875 4929 932 4974 sa·
985 4916 1067 4992 gunt
1081 4916 1113 4975 et
1130 4910 1296 4973 honorant
1309 4907 1445 4969 Beatam
1458 4907 1599 4969 Mariam
1614 4910 1650 4973 ut
1664 4913 1697 4974 et
1710 4917 1780 4977 Do-

134 5006 232 5084 piens
247 5005 368 5068 mulier
382 5005 468 5068 dixit
484 5005 526 5068 ad
541 5006 645 5069 David
662 5030 670 5068 s
685 5010 810 5071 Ossam
821 5014 931 5073 111011-
985 5014 1074 5076 mino
1089 5025 1149 5072 suo
1164 5010 1236 5086 eius
1256 5004 1340 5068 Filio
1353 5005 1575 5067 reverentiam
1589 5008 1779 5087 exhibeant,

133 5119 216 5166 111111·
232 5103 267 5166 ct
283 5103 373 5166 sicat
395 5120 496 5179 opuoe
512 5107 697 5168 ditabimur
719 5109 757 5168 in
782 5107 927 5182 terram,
983 5114 1016 5174 et
1043 5111 1209 5172 daemones
1238 5102 1369 5182 penitus
1397 5101 1609 5167 confundant.
1636 5109 1677 5170 st
1702 5113 1780 5175 nota

131 5218 210 5278 qum
223 5216 294 5263 sion
310 5201 540 5264 revertuntur
559 5201 603 5283 (11
618 5205 700 5279 Reg.
716 5219 785 5277 xiv,
803 5203 867 5284 17).
983 5208 1068 5288 quod
1083 5204 1205 5267 dicitur
1217 5201 1327 5278 sortes
1340 5215 1388 5262 em
1405 5200 1618 5276 fortissimis,
1635 5207 1721 5282 quod
1736 5225 1779 5272 ex

173 5298 332 5377 Sequitur
345 5299 495 5361 :deliciis
508 5299 849 5364 affluensbehciaein
865 5303 928 5367 hoc
983 5302 1171 5371 fortissimis
1185 5297 1407 5375 archangelis,
1421 5298 1660 5376 principatibus
1672 5304 1704 5366 et
1718 5323 1780 5382 po-
1796 5346 1799 5351 -

129 5397 204 5461 rooo
232 5395 390 5458 dicuntur
405 5396 642 5459 delectationes
668 5398 831 5472 ociosus,
852 5403 928 5478 aui-
981 5402 1154 5468 tostanuus
1177 5397 1310 5477 quidam
1335 5395 1488 5457 tortiores
1509 5398 1542 5457 ot
1562 5398 1777 5474 gloriosiores

129 5494 308 5559 busBeaia
322 5493 429 5557 Maria
442 5493 477 5557 in
496 5494 658 5557 hodierna
672 5495 727 5558 die
740 5495 804 5560 suit
814 5499 928 5562 multi·
982 5502 1059 5566 sunt
1080 5501 1116 5562 in
1134 5497 1244 5561 Beatae
1268 5493 1384 5557 Mariae
1403 5492 1595 5571 obsequium
1622 5496 1775 5575 delegati.

129 5593 265 5672 pliciter
288 5590 462 5657 delectata.
490 5592 609 5656 Dicunt
636 5608 716 5670 ergo
737 5616 745 5656 ε
770 5598 853 5664 oiim
875 5600 927 5662 cst
981 5603 1050 5664 Nec
1064 5598 1195 5669 mirum,
1210 5610 1284 5657 cum
1298 5591 1583 5671 dicatApostoius‚
1600 5595 1684 5671 quod
1701 5613 1778 5661 0111-
