<?xml version="1.0" encoding="UTF-8"?>
<!DOCTYPE html PUBLIC "-//W3C//DTD XHTML 1.0 Transitional//EN"
    "http://www.w3.org/TR/xhtml1/DTD/xhtml1-transitional.dtd">
<html xmlns="http://www.w3.org/1999/xhtml" xml:lang="en" lang="en">
 <head>
  <title>
</title>
<meta http-equiv="Content-Type" content="text/html;charset=utf-8" />
  <meta name='ocr-system' content='tesseract 3.04.00' />
  <meta name='ocr-capabilities' content='ocr_page ocr_carea ocr_par ocr_line ocrx_word'/>
</head>
<body>
  <div class='ocr_page' id='page_1' title='image "./mediiaevibiblio02horogoog_0030.png"; bbox 0 0 3794 6166; ppageno 0'>
   <div class='ocr_carea' id='block_1_1' title="bbox 80 262 87 379">
    <p class='ocr_par' dir='ltr' id='par_1_1' title="bbox 80 262 87 379">
     <span class='ocr_line' id='line_1_1' title="bbox 80 262 87 379; baseline 0 -108"><span class='ocrx_word' id='word_1_1' title='bbox 80 262 87 379; x_wconf 36' lang='grc' dir='ltr'>ᾗ</span> 
     </span>
    </p>
   </div>
   <div class='ocr_carea' id='block_1_2' title="bbox 139 306 1863 393">
    <p class='ocr_par' dir='ltr' id='par_1_2' title="bbox 139 306 1863 393">
     <span class='ocr_line' id='line_1_2' title="bbox 139 306 1863 393; baseline 0 -18"><span class='ocrx_word' id='word_1_2' title='bbox 139 314 171 375; x_wconf 77' lang='lat' dir='ltr'>lr</span> <span class='ocrx_word' id='word_1_3' title='bbox 402 309 443 371; x_wconf 88' lang='lat'>11.</span> <span class='ocrx_word' id='word_1_4' title='bbox 461 338 504 355; x_wconf 94' lang='lat'><em>-</em></span> <span class='ocrx_word' id='word_1_5' title='bbox 522 308 569 373; x_wconf 83' lang='lat' dir='ltr'>IN</span> <span class='ocrx_word' id='word_1_6' title='bbox 589 309 919 373; x_wconf 77' lang='lat' dir='ltr'>PURIFICATIONE</span> <span class='ocrx_word' id='word_1_7' title='bbox 938 306 1090 372; x_wconf 73' lang='lat' dir='ltr'><strong>BEATAE</strong></span> <span class='ocrx_word' id='word_1_8' title='bbox 1109 307 1262 371; x_wconf 80' lang='lat' dir='ltr'>MARIAE</span> <span class='ocrx_word' id='word_1_9' title='bbox 1283 309 1484 373; x_wconf 79' lang='lat' dir='ltr'>VIRGINIS.</span> <span class='ocrx_word' id='word_1_10' title='bbox 1727 314 1767 375; x_wconf 87' lang='grc'>18</span> <span class='ocrx_word' id='word_1_11' title='bbox 1860 388 1863 393; x_wconf 28' lang='lat'><strong><em>¹</em></strong></span> 
     </span>
    </p>
   </div>
   <div class='ocr_carea' id='block_1_3' title="bbox 80 436 1768 744">
    <p class='ocr_par' dir='ltr' id='par_1_3' title="bbox 80 436 1768 744">
     <span class='ocr_line' id='line_1_3' title="bbox 80 436 1768 550; baseline 0.003 -21"><span class='ocrx_word' id='word_1_12' title='bbox 80 436 82 467; x_wconf 72' lang='lat'>⁵</span> <span class='ocrx_word' id='word_1_13' title='bbox 138 466 392 531; x_wconf 87' lang='lat' dir='ltr'>luitmundataa</span> <span class='ocrx_word' id='word_1_14' title='bbox 408 469 543 548; x_wconf 88' lang='lat' dir='ltr'>peccato</span> <span class='ocrx_word' id='word_1_15' title='bbox 561 470 768 550; x_wconf 90' lang='lat' dir='ltr'>postmodum</span> <span class='ocrx_word' id='word_1_16' title='bbox 781 472 819 533; x_wconf 91' lang='lat' dir='ltr'>in</span> <span class='ocrx_word' id='word_1_17' title='bbox 833 487 916 534; x_wconf 91' lang='lat' dir='ltr'>con·</span> <span class='ocrx_word' id='word_1_18' title='bbox 971 468 1050 532; x_wconf 84' lang='lat' dir='ltr'>tecit</span> <span class='ocrx_word' id='word_1_19' title='bbox 1069 464 1159 530; x_wconf 79' lang='lat' dir='ltr'>Deud</span> <span class='ocrx_word' id='word_1_20' title='bbox 1185 469 1218 530; x_wconf 91' lang='lat' dir='ltr'>et</span> <span class='ocrx_word' id='word_1_21' title='bbox 1241 483 1308 531; x_wconf 92' lang='lat' dir='ltr'>non</span> <span class='ocrx_word' id='word_1_22' title='bbox 1331 469 1449 546; x_wconf 73' lang='lat' dir='ltr'>homo,</span> <span class='ocrx_word' id='word_1_23' title='bbox 1480 468 1662 532; x_wconf 88' lang='lat' dir='ltr'>secundum</span> <span class='ocrx_word' id='word_1_24' title='bbox 1687 469 1768 534; x_wconf 85' lang='lat' dir='ltr'>iecit</span> 
     </span>
     <span class='ocr_line' id='line_1_4' title="bbox 80 565 1766 646; baseline 0.002 -20"><span class='ocrx_word' id='word_1_25' title='bbox 80 606 83 613; x_wconf 89' lang='lat'>-</span> <span class='ocrx_word' id='word_1_26' title='bbox 139 565 276 643; x_wconf 72' lang='lat' dir='ltr'>ceptione</span> <span class='ocrx_word' id='word_1_27' title='bbox 296 566 458 629; x_wconf 90' lang='lat' dir='ltr'>mundata</span> <span class='ocrx_word' id='word_1_28' title='bbox 479 569 529 630; x_wconf 91' lang='grc' dir='ltr'>θεῖ</span> <span class='ocrx_word' id='word_1_29' title='bbox 546 570 620 631; x_wconf 92' lang='lat' dir='ltr'>eta</span> <span class='ocrx_word' id='word_1_30' title='bbox 643 568 756 632; x_wconf 83' lang='lat' dir='ltr'><strong>fomite</strong></span> <span class='ocrx_word' id='word_1_31' title='bbox 776 568 914 646; x_wconf 91' lang='lat' dir='ltr'>peccati,</span> <span class='ocrx_word' id='word_1_32' title='bbox 971 583 1038 627; x_wconf 90' lang='lat' dir='ltr'>non</span> <span class='ocrx_word' id='word_1_33' title='bbox 1064 569 1151 628; x_wconf 86' lang='lat' dir='ltr'>Deus</span> <span class='ocrx_word' id='word_1_34' title='bbox 1179 565 1235 628; x_wconf 87' lang='lat' dir='ltr'>sed</span> <span class='ocrx_word' id='word_1_35' title='bbox 1263 566 1379 641; x_wconf 83' lang='lat' dir='ltr'>hom03</span> <span class='ocrx_word' id='word_1_36' title='bbox 1408 566 1543 628; x_wconf 87' lang='lat' dir='ltr'>tertium</span> <span class='ocrx_word' id='word_1_37' title='bbox 1569 567 1650 630; x_wconf 84' lang='lat' dir='ltr'>facit</span> <span class='ocrx_word' id='word_1_38' title='bbox 1678 571 1766 630; x_wconf 85' lang='lat' dir='ltr'>Deus</span> 
     </span>
     <span class='ocr_line' id='line_1_5' title="bbox 80 661 1767 744; baseline 0.002 -21"><span class='ocrx_word' id='word_1_39' title='bbox 80 666 82 673; x_wconf 89' lang='lat'>&#39;</span> <span class='ocrx_word' id='word_1_40' title='bbox 138 664 179 725; x_wconf 84' lang='lat' dir='ltr'>lta</span> <span class='ocrx_word' id='word_1_41' title='bbox 199 661 280 739; x_wconf 93' lang='lat' dir='ltr'>quod</span> <span class='ocrx_word' id='word_1_42' title='bbox 302 665 420 741; x_wconf 86' lang='lat' dir='ltr'>postea</span> <span class='ocrx_word' id='word_1_43' title='bbox 443 681 581 743; x_wconf 90' lang='lat' dir='ltr'>peccare</span> <span class='ocrx_word' id='word_1_44' title='bbox 605 683 671 728; x_wconf 89' lang='lat' dir='ltr'>non</span> <span class='ocrx_word' id='word_1_45' title='bbox 691 667 807 744; x_wconf 92' lang='lat' dir='ltr'>potuit,</span> <span class='ocrx_word' id='word_1_46' title='bbox 833 666 919 727; x_wconf 89' lang='lat' dir='ltr'>sicut</span> <span class='ocrx_word' id='word_1_47' title='bbox 971 665 1085 738; x_wconf 84' lang='lat' dir='ltr'>bomo;</span> <span class='ocrx_word' id='word_1_48' title='bbox 1102 664 1254 741; x_wconf 90' lang='lat' dir='ltr'>quartum</span> <span class='ocrx_word' id='word_1_49' title='bbox 1267 662 1347 725; x_wconf 85' lang='lat' dir='ltr'>iacit</span> <span class='ocrx_word' id='word_1_50' title='bbox 1359 665 1498 741; x_wconf 92' lang='lat' dir='ltr'>quisque</span> <span class='ocrx_word' id='word_1_51' title='bbox 1510 665 1546 725; x_wconf 92' lang='lat' dir='ltr'>in</span> <span class='ocrx_word' id='word_1_52' title='bbox 1559 666 1680 742; x_wconf 90' lang='lat' dir='ltr'>seipso.</span> <span class='ocrx_word' id='word_1_53' title='bbox 1695 666 1767 728; x_wconf 88' lang='lat' dir='ltr'>Pri·</span> 
     </span>
    </p>
   </div>
   <div class='ocr_carea' id='block_1_4' title="bbox 138 760 1768 1036">
    <p class='ocr_par' dir='ltr' id='par_1_4' title="bbox 138 760 1768 1036">
     <span class='ocr_line' id='line_1_6' title="bbox 138 760 1764 841; baseline 0.002 -21"><span class='ocrx_word' id='word_1_54' title='bbox 138 760 266 837; x_wconf 88' lang='lat' dir='ltr'>quodam</span> <span class='ocrx_word' id='word_1_55' title='bbox 280 761 378 823; x_wconf 92' lang='lat' dir='ltr'>modo</span> <span class='ocrx_word' id='word_1_56' title='bbox 393 777 456 823; x_wconf 89' lang='lat' dir='ltr'>nec</span> <span class='ocrx_word' id='word_1_57' title='bbox 471 762 559 823; x_wconf 85' lang='lat' dir='ltr'>tilius</span> <span class='ocrx_word' id='word_1_58' title='bbox 573 766 659 840; x_wconf 79' lang='lat' dir='ltr'>eJus.</span> <span class='ocrx_word' id='word_1_59' title='bbox 677 763 770 825; x_wconf 84' lang='lat' dir='ltr'>Unde</span> <span class='ocrx_word' id='word_1_60' title='bbox 786 764 918 840; x_wconf 90' lang='lat' dir='ltr'>propter</span> <span class='ocrx_word' id='word_1_61' title='bbox 971 778 1061 823; x_wconf 91' lang='lat' dir='ltr'>mum</span> <span class='ocrx_word' id='word_1_62' title='bbox 1075 761 1126 824; x_wconf 91' lang='lat' dir='ltr'>est</span> <span class='ocrx_word' id='word_1_63' title='bbox 1140 777 1183 823; x_wconf 79' lang='lat' dir='ltr'>ex</span> <span class='ocrx_word' id='word_1_64' title='bbox 1197 761 1337 836; x_wconf 89' lang='lat' dir='ltr'>angelis,</span> <span class='ocrx_word' id='word_1_65' title='bbox 1355 762 1534 822; x_wconf 91' lang='lat' dir='ltr'>secundum</span> <span class='ocrx_word' id='word_1_66' title='bbox 1552 778 1595 825; x_wconf 84' lang='lat' dir='ltr'>ex</span> <span class='ocrx_word' id='word_1_67' title='bbox 1612 763 1764 841; x_wconf 89' lang='lat' dir='ltr'>pellibus,</span> 
     </span>
     <span class='ocr_line' id='line_1_7' title="bbox 138 856 1768 937; baseline 0.003 -20"><span class='ocrx_word' id='word_1_68' title='bbox 138 857 194 918; x_wconf 87' lang='lat' dir='ltr'>hoc</span> <span class='ocrx_word' id='word_1_69' title='bbox 213 856 292 919; x_wconf 91' lang='lat' dir='ltr'>dicit</span> <span class='ocrx_word' id='word_1_70' title='bbox 313 857 466 919; x_wconf 88' lang='lat' dir='ltr'>Psalmus</span> <span class='ocrx_word' id='word_1_71' title='bbox 479 861 740 937; x_wconf 76' lang='lat' dir='ltr'>consequenter:</span> <span class='ocrx_word' id='word_1_72' title='bbox 763 864 856 922; x_wconf 82' lang='lat' dir='ltr'>Deus</span> <span class='ocrx_word' id='word_1_73' title='bbox 880 864 917 921; x_wconf 82' lang='lat' dir='ltr'>ia</span> <span class='ocrx_word' id='word_1_74' title='bbox 970 859 1104 921; x_wconf 87' lang='lat' dir='ltr'>tertium</span> <span class='ocrx_word' id='word_1_75' title='bbox 1129 875 1172 920; x_wconf 85' lang='lat' dir='ltr'>ex</span> <span class='ocrx_word' id='word_1_76' title='bbox 1192 858 1392 929; x_wconf 90' lang='lat' dir='ltr'>hominibus,</span> <span class='ocrx_word' id='word_1_77' title='bbox 1419 863 1572 937; x_wconf 89' lang='lat' dir='ltr'>quartum</span> <span class='ocrx_word' id='word_1_78' title='bbox 1597 878 1641 921; x_wconf 77' lang='lat' dir='ltr'>ex</span> <span class='ocrx_word' id='word_1_79' title='bbox 1658 860 1768 923; x_wconf 84' lang='lat' dir='ltr'>uirtu-</span> 
     </span>
     <span class='ocr_line' id='line_1_8' title="bbox 138 955 1768 1036; baseline 0.002 -21"><span class='ocrx_word' id='word_1_80' title='bbox 138 956 237 1015; x_wconf 82' lang='lat' dir='ltr'>medto</span> <span class='ocrx_word' id='word_1_81' title='bbox 248 958 681 1027; x_wconf 72' lang='lat' dir='ltr'>ar&#39;asaoncommooadttar</span> <span class='ocrx_word' id='word_1_82' title='bbox 692 955 794 1035; x_wconf 90' lang='lat' dir='ltr'>(Psal.</span> <span class='ocrx_word' id='word_1_83' title='bbox 808 958 857 1027; x_wconf 76' lang='lat'>45,</span> <span class='ocrx_word' id='word_1_84' title='bbox 869 955 914 1035; x_wconf 82' lang='lat'>5).</span> <span class='ocrx_word' id='word_1_85' title='bbox 972 955 1070 1017; x_wconf 76' lang='lat' dir='ltr'>tibus</span> <span class='ocrx_word' id='word_1_86' title='bbox 1095 956 1243 1017; x_wconf 91' lang='lat' dir='ltr'>Primum</span> <span class='ocrx_word' id='word_1_87' title='bbox 1272 956 1457 1020; x_wconf 79' lang='lat' dir='ltr'>sanctificat</span> <span class='ocrx_word' id='word_1_88' title='bbox 1484 960 1572 1018; x_wconf 84' lang='lat' dir='ltr'>Deus</span> <span class='ocrx_word' id='word_1_89' title='bbox 1596 974 1656 1035; x_wconf 87' lang='lat' dir='ltr'>per</span> <span class='ocrx_word' id='word_1_90' title='bbox 1676 959 1768 1036; x_wconf 86' lang='lat' dir='ltr'>seip-</span> 
     </span>
    </p>
   </div>
   <div class='ocr_carea' id='block_1_5' title="bbox 80 1049 1767 1141">
    <p class='ocr_par' dir='ltr' id='par_1_5' title="bbox 80 1049 1767 1141">
     <span class='ocr_line' id='line_1_9' title="bbox 80 1049 1767 1141; baseline 0.003 -29"><span class='ocrx_word' id='word_1_91' title='bbox 80 1076 82 1141; x_wconf 31' lang='grc' dir='ltr'><strong>ὲ</strong></span> <span class='ocrx_word' id='word_1_92' title='bbox 139 1052 171 1112; x_wconf 90' lang='lat' dir='ltr'>lu</span> <span class='ocrx_word' id='word_1_93' title='bbox 191 1049 258 1111; x_wconf 88' lang='lat' dir='ltr'>sola</span> <span class='ocrx_word' id='word_1_94' title='bbox 282 1052 385 1114; x_wconf 82' lang='lat' dir='ltr'>Beata</span> <span class='ocrx_word' id='word_1_95' title='bbox 408 1053 546 1128; x_wconf 81' lang='lat' dir='ltr'>Virgine</span> <span class='ocrx_word' id='word_1_96' title='bbox 571 1054 645 1131; x_wconf 91' lang='lat' dir='ltr'>post</span> <span class='ocrx_word' id='word_1_97' title='bbox 670 1053 917 1131; x_wconf 72' lang='lat' dir='ltr'>conceptionem</span> <span class='ocrx_word' id='word_1_98' title='bbox 972 1070 1056 1126; x_wconf 89' lang='lat' dir='ltr'>sum,</span> <span class='ocrx_word' id='word_1_99' title='bbox 1077 1053 1258 1115; x_wconf 84' lang='lat' dir='ltr'>secundum</span> <span class='ocrx_word' id='word_1_100' title='bbox 1280 1069 1339 1130; x_wconf 93' lang='lat' dir='ltr'>per</span> <span class='ocrx_word' id='word_1_101' title='bbox 1357 1053 1528 1124; x_wconf 80' lang='lat' dir='ltr'>famulum,</span> <span class='ocrx_word' id='word_1_102' title='bbox 1552 1056 1767 1134; x_wconf 83' lang='lat' dir='ltr'>tertiumper</span> 
     </span>
    </p>
   </div>
   <div class='ocr_carea' id='block_1_6' title="bbox 138 1145 1767 1324">
    <p class='ocr_par' dir='ltr' id='par_1_6' title="bbox 138 1145 1767 1324">
     <span class='ocr_line' id='line_1_10' title="bbox 139 1145 1764 1228; baseline 0.004 -20"><span class='ocrx_word' id='word_1_103' title='bbox 139 1145 242 1210; x_wconf 88' lang='lat' dir='ltr'>habuit</span> <span class='ocrx_word' id='word_1_104' title='bbox 254 1147 405 1211; x_wconf 84' lang='lat' dir='ltr'>Christus</span> <span class='ocrx_word' id='word_1_105' title='bbox 417 1149 598 1227; x_wconf 82' lang='lat' dir='ltr'>hospitium</span> <span class='ocrx_word' id='word_1_106' title='bbox 609 1150 740 1227; x_wconf 90' lang='lat' dir='ltr'>quietis,</span> <span class='ocrx_word' id='word_1_107' title='bbox 756 1152 834 1228; x_wconf 92' lang='lat' dir='ltr'>qula</span> <span class='ocrx_word' id='word_1_108' title='bbox 847 1152 918 1212; x_wconf 91' lang='lat' dir='ltr'>nul·</span> <span class='ocrx_word' id='word_1_109' title='bbox 971 1151 1096 1222; x_wconf 82' lang='lat' dir='ltr'>illium,</span> <span class='ocrx_word' id='word_1_110' title='bbox 1126 1151 1279 1227; x_wconf 88' lang='lat' dir='ltr'>quartum</span> <span class='ocrx_word' id='word_1_111' title='bbox 1311 1167 1370 1228; x_wconf 88' lang='lat' dir='ltr'>per</span> <span class='ocrx_word' id='word_1_112' title='bbox 1408 1152 1565 1228; x_wconf 88' lang='lat' dir='ltr'>Spiritum</span> <span class='ocrx_word' id='word_1_113' title='bbox 1596 1153 1764 1215; x_wconf 85' lang='lat' dir='ltr'>Sanctum.</span> 
     </span>
     <span class='ocr_line' id='line_1_11' title="bbox 138 1244 1767 1324; baseline 0.004 -19"><span class='ocrx_word' id='word_1_114' title='bbox 138 1244 196 1306; x_wconf 90' lang='lat' dir='ltr'>lum</span> <span class='ocrx_word' id='word_1_115' title='bbox 211 1244 338 1308; x_wconf 84' lang='lat' dir='ltr'>inuenit</span> <span class='ocrx_word' id='word_1_116' title='bbox 359 1246 396 1308; x_wconf 92' lang='lat' dir='ltr'>in</span> <span class='ocrx_word' id='word_1_117' title='bbox 420 1262 460 1308; x_wconf 89' lang='lat' dir='ltr'>ea</span> <span class='ocrx_word' id='word_1_118' title='bbox 477 1249 663 1324; x_wconf 89' lang='lat' dir='ltr'>peccatum,</span> <span class='ocrx_word' id='word_1_119' title='bbox 689 1264 751 1310; x_wconf 86' lang='lat' dir='ltr'>nec</span> <span class='ocrx_word' id='word_1_120' title='bbox 770 1248 917 1311; x_wconf 86' lang='lat' dir='ltr'>tomitem</span> <span class='ocrx_word' id='word_1_121' title='bbox 972 1249 1119 1310; x_wconf 90' lang='lat' dir='ltr'>Primum</span> <span class='ocrx_word' id='word_1_122' title='bbox 1146 1248 1332 1310; x_wconf 79' lang='lat' dir='ltr'>sanctificat</span> <span class='ocrx_word' id='word_1_123' title='bbox 1360 1248 1445 1310; x_wconf 90' lang='lat' dir='ltr'>visio</span> <span class='ocrx_word' id='word_1_124' title='bbox 1479 1250 1556 1319; x_wconf 85' lang='lat' dir='ltr'>Uei,</span> <span class='ocrx_word' id='word_1_125' title='bbox 1585 1251 1767 1311; x_wconf 86' lang='lat' dir='ltr'>secundum</span> 
     </span>
    </p>
   </div>
   <div class='ocr_carea' id='block_1_7' title="bbox 138 1342 1767 1425">
    <p class='ocr_par' dir='ltr' id='par_1_7' title="bbox 80 1326 1767 1425">
     <span class='ocr_line' id='line_1_12' title="bbox 138 1342 1767 1425; baseline 0.002 -21.862"><span class='ocrx_word' id='word_1_126' title='bbox 138 1342 263 1420; x_wconf 84' lang='lat' dir='ltr'>peccati.</span> <span class='ocrx_word' id='word_1_127' title='bbox 280 1345 317 1404; x_wconf 93' lang='lat' dir='ltr'>ln</span> <span class='ocrx_word' id='word_1_128' title='bbox 336 1344 415 1405; x_wconf 89' lang='lat' dir='ltr'>aliis</span> <span class='ocrx_word' id='word_1_129' title='bbox 432 1344 560 1407; x_wconf 86' lang='lat' dir='ltr'>invenit</span> <span class='ocrx_word' id='word_1_130' title='bbox 577 1346 756 1423; x_wconf 84' lang='lat' dir='ltr'>hospitium</span> <span class='ocrx_word' id='word_1_131' title='bbox 772 1362 919 1409; x_wconf 90' lang='lat' dir='ltr'>commo-</span> <span class='ocrx_word' id='word_1_132' title='bbox 972 1344 1084 1406; x_wconf 90' lang='lat' dir='ltr'>unctio</span> <span class='ocrx_word' id='word_1_133' title='bbox 1104 1343 1180 1413; x_wconf 91' lang='lat' dir='ltr'>olei,</span> <span class='ocrx_word' id='word_1_134' title='bbox 1201 1345 1335 1405; x_wconf 89' lang='lat' dir='ltr'>tertium</span> <span class='ocrx_word' id='word_1_135' title='bbox 1351 1343 1481 1406; x_wconf 87' lang='lat' dir='ltr'>devotio</span> <span class='ocrx_word' id='word_1_136' title='bbox 1502 1345 1594 1421; x_wconf 84' lang='lat' dir='ltr'>fldei3</span> <span class='ocrx_word' id='word_1_137' title='bbox 1612 1347 1767 1425; x_wconf 92' lang='lat' dir='ltr'>quartum</span> 
     </span>
    </p>
   </div>
   <div class='ocr_carea' id='block_1_8' title="bbox 80 1438 85 1617">
    <p class='ocr_par' dir='ltr' id='par_1_8' title="bbox 80 1438 85 1617">
     <span class='ocr_line' id='line_1_13' title="bbox 80 1438 85 1617; baseline 0 0"><span class='ocrx_word' id='word_1_138' title='bbox 80 1438 85 1617; x_wconf 86' lang='lat' dir='ltr'>l</span> 
     </span>
    </p>
   </div>
   <div class='ocr_carea' id='block_1_9' title="bbox 138 1439 1769 2394">
    <p class='ocr_par' dir='ltr' id='par_1_9' title="bbox 138 1439 1769 2394">
     <span class='ocr_line' id='line_1_14' title="bbox 138 1439 1768 1521; baseline 0.002 -21"><span class='ocrx_word' id='word_1_139' title='bbox 138 1439 225 1501; x_wconf 82' lang='lat' dir='ltr'>honis</span> <span class='ocrx_word' id='word_1_140' title='bbox 244 1441 278 1501; x_wconf 89' lang='grc' dir='ltr'>εῖ</span> <span class='ocrx_word' id='word_1_141' title='bbox 295 1440 533 1514; x_wconf 87' lang='lat' dir='ltr'>tribulationis,</span> <span class='ocrx_word' id='word_1_142' title='bbox 556 1442 643 1521; x_wconf 93' lang='lat' dir='ltr'>quod</span> <span class='ocrx_word' id='word_1_143' title='bbox 662 1443 789 1505; x_wconf 86' lang='lat' dir='ltr'>invenit</span> <span class='ocrx_word' id='word_1_144' title='bbox 811 1444 846 1504; x_wconf 90' lang='lat' dir='ltr'>in</span> <span class='ocrx_word' id='word_1_145' title='bbox 867 1445 917 1505; x_wconf 85' lang='lat' dir='ltr'>eis</span> <span class='ocrx_word' id='word_1_146' title='bbox 972 1441 1095 1504; x_wconf 81' lang='lat' dir='ltr'>infusio</span> <span class='ocrx_word' id='word_1_147' title='bbox 1122 1442 1264 1518; x_wconf 86' lang='lat' dir='ltr'>Spiritus</span> <span class='ocrx_word' id='word_1_148' title='bbox 1292 1442 1415 1504; x_wconf 88' lang='lat' dir='ltr'>Sancti.</span> <span class='ocrx_word' id='word_1_149' title='bbox 1451 1444 1550 1505; x_wconf 87' lang='lat' dir='ltr'>Beata</span> <span class='ocrx_word' id='word_1_150' title='bbox 1577 1444 1679 1520; x_wconf 88' lang='lat' dir='ltr'>Virgo</span> <span class='ocrx_word' id='word_1_151' title='bbox 1707 1460 1768 1521; x_wconf 87' lang='lat' dir='ltr'>per</span> 
     </span>
     <span class='ocr_line' id='line_1_15' title="bbox 139 1536 1764 1617; baseline 0.002 -20"><span class='ocrx_word' id='word_1_152' title='bbox 139 1537 242 1599; x_wconf 84' lang='lat' dir='ltr'>saltem</span> <span class='ocrx_word' id='word_1_153' title='bbox 259 1536 408 1600; x_wconf 81' lang='lat' dir='ltr'>tomitem</span> <span class='ocrx_word' id='word_1_154' title='bbox 430 1539 568 1616; x_wconf 89' lang='lat' dir='ltr'>peccati.</span> <span class='ocrx_word' id='word_1_155' title='bbox 589 1542 667 1602; x_wconf 85' lang='lat' dir='ltr'>Haeo</span> <span class='ocrx_word' id='word_1_156' title='bbox 688 1543 739 1602; x_wconf 97' lang='grc' dir='ltr'>θεῖ</span> <span class='ocrx_word' id='word_1_157' title='bbox 759 1556 838 1602; x_wconf 89' lang='lat' dir='ltr'>arca</span> <span class='ocrx_word' id='word_1_158' title='bbox 860 1540 917 1602; x_wconf 91' lang='lat' dir='ltr'>illa</span> <span class='ocrx_word' id='word_1_159' title='bbox 972 1555 1089 1601; x_wconf 87' lang='lat' dir='ltr'>novem</span> <span class='ocrx_word' id='word_1_160' title='bbox 1104 1555 1235 1600; x_wconf 88' lang='lat' dir='ltr'>menses</span> <span class='ocrx_word' id='word_1_161' title='bbox 1254 1540 1429 1600; x_wconf 88' lang='lat' dir='ltr'>Dominum</span> <span class='ocrx_word' id='word_1_162' title='bbox 1446 1541 1591 1617; x_wconf 88' lang='lat' dir='ltr'>portavit</span> <span class='ocrx_word' id='word_1_163' title='bbox 1608 1539 1643 1602; x_wconf 91' lang='lat' dir='ltr'>in</span> <span class='ocrx_word' id='word_1_164' title='bbox 1658 1541 1764 1603; x_wconf 91' lang='lat' dir='ltr'>utero.</span> 
     </span>
     <span class='ocr_line' id='line_1_16' title="bbox 138 1634 1768 1715; baseline 0.003 -20"><span class='ocrx_word' id='word_1_165' title='bbox 138 1634 207 1707; x_wconf 81' lang='lat' dir='ltr'>Noe,</span> <span class='ocrx_word' id='word_1_166' title='bbox 226 1650 400 1713; x_wconf 83' lang='lat' dir='ltr'>perquam</span> <span class='ocrx_word' id='word_1_167' title='bbox 419 1636 583 1699; x_wconf 86' lang='lat' dir='ltr'>salvatum</span> <span class='ocrx_word' id='word_1_168' title='bbox 602 1637 654 1699; x_wconf 89' lang='lat' dir='ltr'>est</span> <span class='ocrx_word' id='word_1_169' title='bbox 671 1652 775 1714; x_wconf 90' lang='lat' dir='ltr'>genus</span> <span class='ocrx_word' id='word_1_170' title='bbox 794 1639 917 1699; x_wconf 90' lang='lat' dir='ltr'>huma-</span> <span class='ocrx_word' id='word_1_171' title='bbox 1014 1637 1169 1714; x_wconf 88' lang='lat' dir='ltr'>Legimus</span> <span class='ocrx_word' id='word_1_172' title='bbox 1182 1637 1251 1699; x_wconf 87' lang='lat' dir='ltr'>tres</span> <span class='ocrx_word' id='word_1_173' title='bbox 1263 1637 1493 1715; x_wconf 82' lang='lat' dir='ltr'>principaliter</span> <span class='ocrx_word' id='word_1_174' title='bbox 1505 1639 1680 1699; x_wconf 84' lang='lat' dir='ltr'>Dominum</span> <span class='ocrx_word' id='word_1_175' title='bbox 1695 1654 1768 1715; x_wconf 92' lang='lat' dir='ltr'>por·</span> 
     </span>
     <span class='ocr_line' id='line_1_17' title="bbox 140 1733 1768 1812; baseline 0.002 -19"><span class='ocrx_word' id='word_1_176' title='bbox 140 1748 215 1793; x_wconf 90' lang='lat' dir='ltr'>num.</span> <span class='ocrx_word' id='word_1_177' title='bbox 230 1734 310 1795; x_wconf 84' lang='lat' dir='ltr'>llaeo</span> <span class='ocrx_word' id='word_1_178' title='bbox 326 1735 379 1795; x_wconf 88' lang='grc' dir='ltr'>θεῖ</span> <span class='ocrx_word' id='word_1_179' title='bbox 400 1733 495 1810; x_wconf 87' lang='lat' dir='ltr'>virga</span> <span class='ocrx_word' id='word_1_180' title='bbox 509 1736 631 1807; x_wconf 82' lang='lat' dir='ltr'>Aaron,</span> <span class='ocrx_word' id='word_1_181' title='bbox 650 1751 724 1812; x_wconf 89' lang='lat' dir='ltr'>quae</span> <span class='ocrx_word' id='word_1_182' title='bbox 745 1736 822 1798; x_wconf 90' lang='lat' dir='ltr'>licet</span> <span class='ocrx_word' id='word_1_183' title='bbox 845 1734 920 1797; x_wconf 82' lang='lat' dir='ltr'>iue-</span> <span class='ocrx_word' id='word_1_184' title='bbox 972 1735 1071 1797; x_wconf 85' lang='lat' dir='ltr'>tasse.</span> <span class='ocrx_word' id='word_1_185' title='bbox 1096 1736 1199 1795; x_wconf 88' lang='lat' dir='ltr'>Beata</span> <span class='ocrx_word' id='word_1_186' title='bbox 1218 1735 1325 1796; x_wconf 88' lang='lat' dir='ltr'>Maria</span> <span class='ocrx_word' id='word_1_187' title='bbox 1349 1735 1495 1811; x_wconf 86' lang='lat' dir='ltr'>portavit</span> <span class='ocrx_word' id='word_1_188' title='bbox 1523 1736 1559 1796; x_wconf 94' lang='lat' dir='ltr'>in</span> <span class='ocrx_word' id='word_1_189' title='bbox 1581 1736 1686 1807; x_wconf 90' lang='lat' dir='ltr'>utero,</span> <span class='ocrx_word' id='word_1_190' title='bbox 1713 1736 1768 1797; x_wconf 89' lang='lat' dir='ltr'>Si-</span> 
     </span>
     <span class='ocr_line' id='line_1_18' title="bbox 141 1829 1766 1909; baseline 0.001 -18"><span class='ocrx_word' id='word_1_191' title='bbox 141 1831 174 1891; x_wconf 86' lang='lat' dir='ltr'>rit</span> <span class='ocrx_word' id='word_1_192' title='bbox 193 1830 287 1891; x_wconf 86' lang='lat' dir='ltr'>arida</span> <span class='ocrx_word' id='word_1_193' title='bbox 311 1829 353 1891; x_wconf 89' lang='lat' dir='ltr'>ab</span> <span class='ocrx_word' id='word_1_194' title='bbox 377 1831 516 1894; x_wconf 93' lang='lat' dir='ltr'>humore</span> <span class='ocrx_word' id='word_1_195' title='bbox 539 1831 644 1904; x_wconf 90' lang='lat' dir='ltr'>virili,</span> <span class='ocrx_word' id='word_1_196' title='bbox 673 1832 780 1894; x_wconf 93' lang='lat' dir='ltr'>subito</span> <span class='ocrx_word' id='word_1_197' title='bbox 806 1835 918 1895; x_wconf 90' lang='lat' dir='ltr'>tamen</span> <span class='ocrx_word' id='word_1_198' title='bbox 972 1846 1057 1893; x_wconf 91' lang='lat' dir='ltr'>neon</span> <span class='ocrx_word' id='word_1_199' title='bbox 1073 1832 1109 1892; x_wconf 93' lang='lat' dir='ltr'>in</span> <span class='ocrx_word' id='word_1_200' title='bbox 1121 1833 1221 1903; x_wconf 89' lang='lat' dir='ltr'>ulnis,</span> <span class='ocrx_word' id='word_1_201' title='bbox 1242 1831 1366 1909; x_wconf 84' lang='lat' dir='ltr'>loseph</span> <span class='ocrx_word' id='word_1_202' title='bbox 1392 1833 1428 1892; x_wconf 91' lang='lat' dir='ltr'>in</span> <span class='ocrx_word' id='word_1_203' title='bbox 1447 1832 1606 1894; x_wconf 87' lang='lat' dir='ltr'>humeris.</span> <span class='ocrx_word' id='word_1_204' title='bbox 1627 1833 1766 1909; x_wconf 82' lang='lat' dir='ltr'>Signifi-</span> 
     </span>
     <span class='ocr_line' id='line_1_19' title="bbox 142 1928 1768 2008; baseline 0.003 -21"><span class='ocrx_word' id='word_1_205' title='bbox 142 1942 260 2003; x_wconf 88' lang='lat' dir='ltr'>germon</span> <span class='ocrx_word' id='word_1_206' title='bbox 275 1928 426 2005; x_wconf 91' lang='lat' dir='ltr'>protulit,</span> <span class='ocrx_word' id='word_1_207' title='bbox 442 1929 476 1990; x_wconf 89' lang='lat' dir='ltr'>et</span> <span class='ocrx_word' id='word_1_208' title='bbox 486 1928 523 1989; x_wconf 92' lang='lat' dir='ltr'>in</span> <span class='ocrx_word' id='word_1_209' title='bbox 538 1929 681 1991; x_wconf 80' lang='lat' dir='ltr'>trucium</span> <span class='ocrx_word' id='word_1_210' title='bbox 695 1928 831 1991; x_wconf 90' lang='lat' dir='ltr'>uberius</span> <span class='ocrx_word' id='word_1_211' title='bbox 844 1931 920 2008; x_wconf 91' lang='lat' dir='ltr'>pul-</span> <span class='ocrx_word' id='word_1_212' title='bbox 973 1931 1049 1991; x_wconf 89' lang='lat' dir='ltr'>cant</span> <span class='ocrx_word' id='word_1_213' title='bbox 1060 1931 1128 1991; x_wconf 87' lang='lat' dir='ltr'>tres</span> <span class='ocrx_word' id='word_1_214' title='bbox 1141 1930 1197 1991; x_wconf 89' lang='lat' dir='ltr'>isti</span> <span class='ocrx_word' id='word_1_215' title='bbox 1210 1930 1279 1992; x_wconf 85' lang='lat' dir='ltr'>tres</span> <span class='ocrx_word' id='word_1_216' title='bbox 1299 1930 1432 1992; x_wconf 89' lang='lat' dir='ltr'>ordines</span> <span class='ocrx_word' id='word_1_217' title='bbox 1452 1931 1643 1993; x_wconf 89' lang='lat' dir='ltr'>electorum.</span> <span class='ocrx_word' id='word_1_218' title='bbox 1660 1931 1768 1992; x_wconf 87' lang='lat' dir='ltr'>Maria</span> 
     </span>
     <span class='ocr_line' id='line_1_20' title="bbox 143 2023 1767 2105; baseline 0.002 -22"><span class='ocrx_word' id='word_1_219' title='bbox 143 2023 251 2086; x_wconf 81' lang='lat' dir='ltr'>lulavit.</span> <span class='ocrx_word' id='word_1_220' title='bbox 272 2025 336 2087; x_wconf 87' lang='lat' dir='ltr'>Ilio</span> <span class='ocrx_word' id='word_1_221' title='bbox 354 2027 406 2087; x_wconf 88' lang='lat' dir='ltr'>est</span> <span class='ocrx_word' id='word_1_222' title='bbox 424 2026 526 2087; x_wconf 91' lang='lat' dir='ltr'>rubus</span> <span class='ocrx_word' id='word_1_223' title='bbox 546 2026 581 2086; x_wconf 94' lang='lat' dir='ltr'>in</span> <span class='ocrx_word' id='word_1_224' title='bbox 600 2042 665 2103; x_wconf 90' lang='lat' dir='ltr'>quo</span> <span class='ocrx_word' id='word_1_225' title='bbox 684 2026 839 2104; x_wconf 90' lang='lat' dir='ltr'>apparuit</span> <span class='ocrx_word' id='word_1_226' title='bbox 852 2030 920 2089; x_wconf 86' lang='lat' dir='ltr'>Do·</span> <span class='ocrx_word' id='word_1_227' title='bbox 974 2026 1139 2103; x_wconf 86' lang='lat' dir='ltr'>significat</span> <span class='ocrx_word' id='word_1_228' title='bbox 1162 2028 1412 2105; x_wconf 65' lang='lat' dir='ltr'>praedicatorem</span> <span class='ocrx_word' id='word_1_229' title='bbox 1439 2030 1496 2105; x_wconf 92' lang='lat' dir='ltr'>qui</span> <span class='ocrx_word' id='word_1_230' title='bbox 1517 2029 1605 2089; x_wconf 90' lang='lat' dir='ltr'>enim</span> <span class='ocrx_word' id='word_1_231' title='bbox 1629 2027 1767 2089; x_wconf 84' lang='lat' dir='ltr'>uerbum</span> 
     </span>
     <span class='ocr_line' id='line_1_21' title="bbox 144 2110 1769 2204; baseline 0.002 -23"><span class='ocrx_word' id='word_1_232' title='bbox 144 2122 233 2183; x_wconf 89' lang='lat' dir='ltr'>ninus</span> <span class='ocrx_word' id='word_1_233' title='bbox 258 2123 379 2199; x_wconf 72' lang='lat' dir='ltr'>Moysi,</span> <span class='ocrx_word' id='word_1_234' title='bbox 405 2121 462 2198; x_wconf 94' lang='lat' dir='ltr'>qui</span> <span class='ocrx_word' id='word_1_235' title='bbox 485 2122 659 2186; x_wconf 85' lang='lat' dir='ltr'>videbatur</span> <span class='ocrx_word' id='word_1_236' title='bbox 682 2125 815 2200; x_wconf 86' lang='lat' dir='ltr'>ardere;</span> <span class='ocrx_word' id='word_1_237' title='bbox 841 2125 918 2203; x_wconf 89' lang='lat' dir='ltr'>quia</span> <span class='ocrx_word' id='word_1_238' title='bbox 972 2126 1033 2186; x_wconf 89' lang='lat' dir='ltr'>Dei</span> <span class='ocrx_word' id='word_1_239' title='bbox 1048 2125 1217 2202; x_wconf 83' lang='lat' dir='ltr'>praedicat,</span> <span class='ocrx_word' id='word_1_240' title='bbox 1234 2127 1329 2204; x_wconf 87' lang='lat' dir='ltr'>quasi</span> <span class='ocrx_word' id='word_1_241' title='bbox 1352 2126 1517 2187; x_wconf 86' lang='lat' dir='ltr'>Christum</span> <span class='ocrx_word' id='word_1_242' title='bbox 1532 2110 1676 2187; x_wconf 82' lang='lat' dir='ltr'>inutero</span> <span class='ocrx_word' id='word_1_243' title='bbox 1689 2142 1769 2203; x_wconf 90' lang='lat' dir='ltr'>por-</span> 
     </span>
     <span class='ocr_line' id='line_1_22' title="bbox 146 2219 1768 2302; baseline 0.002 -23"><span class='ocrx_word' id='word_1_244' title='bbox 146 2219 261 2294; x_wconf 82' lang='lat' dir='ltr'>grarida</span> <span class='ocrx_word' id='word_1_245' title='bbox 274 2220 409 2297; x_wconf 88' lang='lat' dir='ltr'>quidem</span> <span class='ocrx_word' id='word_1_246' title='bbox 422 2221 578 2298; x_wconf 87' lang='lat' dir='ltr'>apparuit</span> <span class='ocrx_word' id='word_1_247' title='bbox 591 2222 705 2300; x_wconf 87' lang='lat' dir='ltr'>Virga,</span> <span class='ocrx_word' id='word_1_248' title='bbox 722 2223 853 2302; x_wconf 88' lang='lat' dir='ltr'>quando</span> <span class='ocrx_word' id='word_1_249' title='bbox 866 2222 920 2284; x_wconf 92' lang='lat' dir='ltr'>in·</span> <span class='ocrx_word' id='word_1_250' title='bbox 972 2222 1031 2291; x_wconf 88' lang='lat' dir='ltr'>tat,</span> <span class='ocrx_word' id='word_1_251' title='bbox 1046 2224 1082 2284; x_wconf 91' lang='lat' dir='ltr'>ut</span> <span class='ocrx_word' id='word_1_252' title='bbox 1096 2239 1170 2284; x_wconf 91' lang='lat' dir='ltr'>cum</span> <span class='ocrx_word' id='word_1_253' title='bbox 1197 2223 1273 2284; x_wconf 89' lang='lat' dir='ltr'>aliis</span> <span class='ocrx_word' id='word_1_254' title='bbox 1296 2223 1351 2285; x_wconf 87' lang='lat' dir='ltr'>vel</span> <span class='ocrx_word' id='word_1_255' title='bbox 1375 2223 1459 2285; x_wconf 91' lang='lat' dir='ltr'>alios</span> <span class='ocrx_word' id='word_1_256' title='bbox 1481 2224 1512 2284; x_wconf 92' lang='lat' dir='ltr'>ei</span> <span class='ocrx_word' id='word_1_257' title='bbox 1532 2224 1651 2301; x_wconf 86' lang='lat' dir='ltr'>pariat.</span> <span class='ocrx_word' id='word_1_258' title='bbox 1673 2223 1768 2285; x_wconf 86' lang='lat' dir='ltr'>Unde</span> 
     </span>
     <span class='ocr_line' id='line_1_23' title="bbox 147 2317 1766 2394; baseline 0.004 -19"><span class='ocrx_word' id='word_1_259' title='bbox 147 2318 222 2377; x_wconf 81' lang='lat' dir='ltr'>ronta</span> <span class='ocrx_word' id='word_1_260' title='bbox 242 2317 294 2380; x_wconf 91' lang='lat' dir='ltr'>est</span> <span class='ocrx_word' id='word_1_261' title='bbox 313 2317 348 2379; x_wconf 94' lang='lat' dir='ltr'>in</span> <span class='ocrx_word' id='word_1_262' title='bbox 368 2318 463 2381; x_wconf 86' lang='lat' dir='ltr'>utero</span> <span class='ocrx_word' id='word_1_263' title='bbox 484 2318 612 2383; x_wconf 88' lang='lat' dir='ltr'>habens</span> <span class='ocrx_word' id='word_1_264' title='bbox 628 2342 637 2383; x_wconf 74' lang='lat' dir='ltr'><em>z</em></span> <span class='ocrx_word' id='word_1_265' title='bbox 654 2321 717 2382; x_wconf 88' lang='lat' dir='ltr'>Sed</span> <span class='ocrx_word' id='word_1_266' title='bbox 741 2337 809 2383; x_wconf 92' lang='lat' dir='ltr'>non</span> <span class='ocrx_word' id='word_1_267' title='bbox 828 2335 919 2383; x_wconf 86' lang='lat' dir='ltr'>com·</span> <span class='ocrx_word' id='word_1_268' title='bbox 973 2319 1117 2381; x_wconf 89' lang='lat' dir='ltr'>Paulus:</span> <span class='ocrx_word' id='word_1_269' title='bbox 1134 2324 1245 2382; x_wconf 79' lang='lat' dir='ltr'>Filioli</span> <span class='ocrx_word' id='word_1_270' title='bbox 1257 2324 1336 2391; x_wconf 82' lang='lat' dir='ltr'>mat,</span> <span class='ocrx_word' id='word_1_271' title='bbox 1353 2336 1437 2394; x_wconf 82' lang='lat' dir='ltr'>qnos</span> <span class='ocrx_word' id='word_1_272' title='bbox 1451 2322 1579 2381; x_wconf 78' lang='lat' dir='ltr'>iterum</span> <span class='ocrx_word' id='word_1_273' title='bbox 1591 2322 1766 2394; x_wconf 73' lang='lat' dir='ltr'>portento,</span> 
     </span>
    </p>
   </div>
   <div class='ocr_carea' id='block_1_10' title="bbox 128 2512 1771 3467">
    <p class='ocr_par' dir='ltr' id='par_1_10' title="bbox 128 2512 1771 3467">
     <span class='ocr_line' id='line_1_24' title="bbox 152 2512 1766 2593; baseline 0.001 -22"><span class='ocrx_word' id='word_1_274' title='bbox 152 2514 265 2588; x_wconf 83' lang='lat' dir='ltr'>nupta,</span> <span class='ocrx_word' id='word_1_275' title='bbox 282 2514 421 2590; x_wconf 90' lang='lat' dir='ltr'>eoquod</span> <span class='ocrx_word' id='word_1_276' title='bbox 437 2513 478 2576; x_wconf 91' lang='lat' dir='ltr'>de</span> <span class='ocrx_word' id='word_1_277' title='bbox 495 2515 620 2593; x_wconf 87' lang='lat' dir='ltr'>Spiritu</span> <span class='ocrx_word' id='word_1_278' title='bbox 634 2516 755 2576; x_wconf 87' lang='lat' dir='ltr'>Sancto</span> <span class='ocrx_word' id='word_1_279' title='bbox 770 2515 918 2592; x_wconf 88' lang='lat' dir='ltr'>estquod</span> <span class='ocrx_word' id='word_1_280' title='bbox 974 2514 1038 2593; x_wconf 83' lang='lat' dir='ltr'>lo).</span> <span class='ocrx_word' id='word_1_281' title='bbox 1067 2514 1201 2575; x_wconf 86' lang='lat' dir='ltr'>Simeon</span> <span class='ocrx_word' id='word_1_282' title='bbox 1234 2513 1400 2590; x_wconf 86' lang='lat' dir='ltr'>significat</span> <span class='ocrx_word' id='word_1_283' title='bbox 1431 2512 1535 2575; x_wconf 86' lang='lat' dir='ltr'>bonos</span> <span class='ocrx_word' id='word_1_284' title='bbox 1563 2515 1766 2591; x_wconf 85' lang='lat' dir='ltr'>operatores.</span> 
     </span>
     <span class='ocr_line' id='line_1_25' title="bbox 148 2606 1768 2689; baseline 0.002 -21"><span class='ocrx_word' id='word_1_285' title='bbox 148 2606 225 2669; x_wconf 87' lang='lat' dir='ltr'>hoa</span> <span class='ocrx_word' id='word_1_286' title='bbox 255 2609 371 2671; x_wconf 88' lang='lat' dir='ltr'>natum</span> <span class='ocrx_word' id='word_1_287' title='bbox 399 2613 460 2673; x_wconf 89' lang='lat' dir='ltr'>est.</span> <span class='ocrx_word' id='word_1_288' title='bbox 489 2613 552 2673; x_wconf 85' lang='lat' dir='ltr'>Hic</span> <span class='ocrx_word' id='word_1_289' title='bbox 574 2611 625 2675; x_wconf 93' lang='lat' dir='ltr'>est</span> <span class='ocrx_word' id='word_1_290' title='bbox 651 2612 792 2673; x_wconf 86' lang='lat' dir='ltr'>thronus</span> <span class='ocrx_word' id='word_1_291' title='bbox 821 2628 919 2689; x_wconf 91' lang='lat' dir='ltr'>quem</span> <span class='ocrx_word' id='word_1_292' title='bbox 974 2612 1036 2685; x_wconf 90' lang='lat' dir='ltr'>Qui</span> <span class='ocrx_word' id='word_1_293' title='bbox 1049 2613 1137 2672; x_wconf 93' lang='lat' dir='ltr'>enim</span> <span class='ocrx_word' id='word_1_294' title='bbox 1153 2610 1277 2686; x_wconf 81' lang='lat' dir='ltr'>trangit</span> <span class='ocrx_word' id='word_1_295' title='bbox 1291 2626 1409 2687; x_wconf 89' lang='lat' dir='ltr'>panem</span> <span class='ocrx_word' id='word_1_296' title='bbox 1422 2610 1594 2682; x_wconf 87' lang='lat' dir='ltr'>esurienti,</span> <span class='ocrx_word' id='word_1_297' title='bbox 1611 2612 1644 2672; x_wconf 91' lang='lat' dir='ltr'>et</span> <span class='ocrx_word' id='word_1_298' title='bbox 1657 2609 1768 2672; x_wconf 86' lang='lat' dir='ltr'>omnia</span> 
     </span>
     <span class='ocr_line' id='line_1_26' title="bbox 146 2705 1767 2787; baseline 0.001 -22"><span class='ocrx_word' id='word_1_299' title='bbox 146 2718 188 2766; x_wconf 85' lang='lat' dir='ltr'>rex</span> <span class='ocrx_word' id='word_1_300' title='bbox 200 2705 355 2768; x_wconf 88' lang='lat' dir='ltr'>Salomon</span> <span class='ocrx_word' id='word_1_301' title='bbox 379 2706 458 2769; x_wconf 83' lang='lat' dir='ltr'>fecit</span> <span class='ocrx_word' id='word_1_302' title='bbox 480 2709 543 2770; x_wconf 92' lang='lat' dir='ltr'>sibi</span> <span class='ocrx_word' id='word_1_303' title='bbox 563 2709 603 2770; x_wconf 90' lang='lat' dir='ltr'>de</span> <span class='ocrx_word' id='word_1_304' title='bbox 625 2708 725 2771; x_wconf 91' lang='lat' dir='ltr'>ebore</span> <span class='ocrx_word' id='word_1_305' title='bbox 746 2709 917 2786; x_wconf 88' lang='lat' dir='ltr'>grandem,</span> <span class='ocrx_word' id='word_1_306' title='bbox 974 2724 1075 2787; x_wconf 88' lang='lat' dir='ltr'>opera</span> <span class='ocrx_word' id='word_1_307' title='bbox 1088 2709 1326 2770; x_wconf 74' lang='lat' dir='ltr'>misericordiae</span> <span class='ocrx_word' id='word_1_308' title='bbox 1341 2708 1421 2770; x_wconf 88' lang='lat' dir='ltr'>lacit</span> <span class='ocrx_word' id='word_1_309' title='bbox 1434 2708 1554 2784; x_wconf 85' lang='lat' dir='ltr'>egenti,</span> <span class='ocrx_word' id='word_1_310' title='bbox 1570 2707 1767 2769; x_wconf 90' lang='lat' dir='ltr'>rectevide-</span> 
     </span>
     <span class='ocr_line' id='line_1_27' title="bbox 144 2803 1768 2884; baseline 0 -20"><span class='ocrx_word' id='word_1_311' title='bbox 144 2803 254 2877; x_wconf 84' lang='lat' dir='ltr'>quando</span> <span class='ocrx_word' id='word_1_312' title='bbox 273 2803 453 2866; x_wconf 87' lang='lat' dir='ltr'>candorem</span> <span class='ocrx_word' id='word_1_313' title='bbox 475 2806 663 2883; x_wconf 83' lang='lat' dir='ltr'>virgineum</span> <span class='ocrx_word' id='word_1_314' title='bbox 681 2807 744 2868; x_wconf 91' lang='lat' dir='ltr'>sibi</span> <span class='ocrx_word' id='word_1_315' title='bbox 762 2807 799 2869; x_wconf 92' lang='lat' dir='ltr'>in</span> <span class='ocrx_word' id='word_1_316' title='bbox 818 2807 919 2869; x_wconf 90' lang='lat' dir='ltr'>habi·</span> <span class='ocrx_word' id='word_1_317' title='bbox 973 2807 1114 2869; x_wconf 88' lang='lat' dir='ltr'>turcum</span> <span class='ocrx_word' id='word_1_318' title='bbox 1128 2808 1261 2884; x_wconf 86' lang='lat' dir='ltr'>portare</span> <span class='ocrx_word' id='word_1_319' title='bbox 1281 2805 1315 2867; x_wconf 92' lang='lat' dir='ltr'>in</span> <span class='ocrx_word' id='word_1_320' title='bbox 1330 2807 1430 2877; x_wconf 89' lang='lat' dir='ltr'>ulnis,</span> <span class='ocrx_word' id='word_1_321' title='bbox 1456 2805 1575 2883; x_wconf 91' lang='lat' dir='ltr'>quibus</span> <span class='ocrx_word' id='word_1_322' title='bbox 1596 2805 1768 2882; x_wconf 87' lang='lat' dir='ltr'>injudicio</span> 
     </span>
     <span class='ocr_line' id='line_1_28' title="bbox 142 2898 1769 2982; baseline 0.003 -23"><span class='ocrx_word' id='word_1_323' title='bbox 142 2898 269 2960; x_wconf 82' lang='lat' dir='ltr'>taculum</span> <span class='ocrx_word' id='word_1_324' title='bbox 284 2900 466 2976; x_wconf 82' lang='lat' dir='ltr'>dedicavit3</span> <span class='ocrx_word' id='word_1_325' title='bbox 485 2904 518 2964; x_wconf 91' lang='lat' dir='ltr'>et</span> <span class='ocrx_word' id='word_1_326' title='bbox 532 2904 682 2966; x_wconf 89' lang='lat' dir='ltr'>introivit</span> <span class='ocrx_word' id='word_1_327' title='bbox 696 2919 755 2982; x_wconf 91' lang='lat' dir='ltr'>per</span> <span class='ocrx_word' id='word_1_328' title='bbox 772 2905 919 2968; x_wconf 89' lang='lat' dir='ltr'>clausam</span> <span class='ocrx_word' id='word_1_329' title='bbox 974 2905 1137 2967; x_wconf 90' lang='lat' dir='ltr'>diciturus</span> <span class='ocrx_word' id='word_1_330' title='bbox 1149 2904 1380 2967; x_wconf 84' lang='lat' dir='ltr'>estbominus:</span> <span class='ocrx_word' id='word_1_331' title='bbox 1391 2907 1552 2971; x_wconf 73' lang='lat' dir='ltr'>oreada-nt</span> <span class='ocrx_word' id='word_1_332' title='bbox 1563 2905 1769 2965; x_wconf 67' lang='lat' dir='ltr'>cacainbocte</span> 
     </span>
     <span class='ocr_line' id='line_1_29' title="bbox 139 2996 1767 3080; baseline 0.002 -22"><span class='ocrx_word' id='word_1_333' title='bbox 139 2996 252 3073; x_wconf 89' lang='lat' dir='ltr'>portam</span> <span class='ocrx_word' id='word_1_334' title='bbox 285 2997 346 3059; x_wconf 85' lang='lat' dir='ltr'>lux</span> <span class='ocrx_word' id='word_1_335' title='bbox 381 3000 415 3060; x_wconf 92' lang='lat' dir='ltr'>et</span> <span class='ocrx_word' id='word_1_336' title='bbox 448 3000 548 3061; x_wconf 92' lang='lat' dir='ltr'>decus</span> <span class='ocrx_word' id='word_1_337' title='bbox 586 3002 750 3064; x_wconf 86' lang='lat' dir='ltr'>universae</span> <span class='ocrx_word' id='word_1_338' title='bbox 783 3002 918 3065; x_wconf 79' lang='lat' dir='ltr'>fabricae</span> <span class='ocrx_word' id='word_1_339' title='bbox 973 3007 1060 3065; x_wconf 81' lang='lat' dir='ltr'>meto</span> <span class='ocrx_word' id='word_1_340' title='bbox 1075 3004 1216 3077; x_wconf 81' lang='lat' dir='ltr'>scctstts,</span> <span class='ocrx_word' id='word_1_341' title='bbox 1240 3006 1325 3065; x_wconf 76' lang='lat' dir='ltr'>matht</span> <span class='ocrx_word' id='word_1_342' title='bbox 1345 3003 1511 3076; x_wconf 76' lang='lat' dir='ltr'>fecistis...</span> <span class='ocrx_word' id='word_1_343' title='bbox 1538 3000 1669 3080; x_wconf 89' lang='lat' dir='ltr'>(Matth.</span> <span class='ocrx_word' id='word_1_344' title='bbox 1688 3016 1767 3072; x_wconf 81' lang='lat' dir='ltr'>xxv,</span> 
     </span>
     <span class='ocr_line' id='line_1_30' title="bbox 137 3094 1769 3179; baseline 0.002 -26"><span class='ocrx_word' id='word_1_345' title='bbox 137 3094 249 3155; x_wconf 91' lang='lat' dir='ltr'>mundi.</span> <span class='ocrx_word' id='word_1_346' title='bbox 270 3096 352 3157; x_wconf 85' lang='lat' dir='ltr'>Haec</span> <span class='ocrx_word' id='word_1_347' title='bbox 369 3097 421 3158; x_wconf 89' lang='lat' dir='ltr'>est</span> <span class='ocrx_word' id='word_1_348' title='bbox 441 3098 535 3174; x_wconf 88' lang='lat' dir='ltr'>porta</span> <span class='ocrx_word' id='word_1_349' title='bbox 550 3115 623 3176; x_wconf 90' lang='lat' dir='ltr'>quae</span> <span class='ocrx_word' id='word_1_350' title='bbox 639 3099 819 3162; x_wconf 87' lang='lat' dir='ltr'>secundum</span> <span class='ocrx_word' id='word_1_351' title='bbox 838 3103 921 3163; x_wconf 80' lang='lat' dir='ltr'>Uze-</span> <span class='ocrx_word' id='word_1_352' title='bbox 973 3099 1038 3179; x_wconf 82' lang='lat' dir='ltr'>lo).</span> <span class='ocrx_word' id='word_1_353' title='bbox 1051 3100 1175 3176; x_wconf 86' lang='lat' dir='ltr'>Joseph</span> <span class='ocrx_word' id='word_1_354' title='bbox 1199 3099 1366 3175; x_wconf 84' lang='lat' dir='ltr'>significat</span> <span class='ocrx_word' id='word_1_355' title='bbox 1386 3098 1465 3159; x_wconf 86' lang='lat' dir='ltr'>fidei</span> <span class='ocrx_word' id='word_1_356' title='bbox 1488 3097 1689 3159; x_wconf 80' lang='lat' dir='ltr'>defensores.</span> <span class='ocrx_word' id='word_1_357' title='bbox 1707 3098 1769 3168; x_wconf 90' lang='lat' dir='ltr'>Qui</span> 
     </span>
     <span class='ocr_line' id='line_1_31' title="bbox 134 3189 1771 3274; baseline 0.002 -23"><span class='ocrx_word' id='word_1_358' title='bbox 134 3189 264 3253; x_wconf 87' lang='lat' dir='ltr'>chielem</span> <span class='ocrx_word' id='word_1_359' title='bbox 293 3192 328 3253; x_wconf 90' lang='lat' dir='ltr'>in</span> <span class='ocrx_word' id='word_1_360' title='bbox 360 3193 458 3255; x_wconf 93' lang='lat' dir='ltr'>domo</span> <span class='ocrx_word' id='word_1_361' title='bbox 487 3196 618 3257; x_wconf 91' lang='lat' dir='ltr'>Domini</span> <span class='ocrx_word' id='word_1_362' title='bbox 644 3213 775 3274; x_wconf 92' lang='lat' dir='ltr'>semper</span> <span class='ocrx_word' id='word_1_363' title='bbox 805 3199 918 3259; x_wconf 89' lang='lat' dir='ltr'>clausa</span> <span class='ocrx_word' id='word_1_364' title='bbox 974 3199 1064 3260; x_wconf 90' lang='lat' dir='ltr'>enim</span> <span class='ocrx_word' id='word_1_365' title='bbox 1090 3195 1261 3258; x_wconf 86' lang='lat' dir='ltr'>laboribus</span> <span class='ocrx_word' id='word_1_366' title='bbox 1278 3212 1336 3272; x_wconf 92' lang='lat' dir='ltr'>pro</span> <span class='ocrx_word' id='word_1_367' title='bbox 1357 3196 1487 3257; x_wconf 87' lang='lat' dir='ltr'>Christo</span> <span class='ocrx_word' id='word_1_368' title='bbox 1506 3195 1698 3271; x_wconf 79' lang='lat' dir='ltr'>fatigantur,</span> <span class='ocrx_word' id='word_1_369' title='bbox 1713 3194 1771 3271; x_wconf 92' lang='lat' dir='ltr'>qui</span> 
     </span>
     <span class='ocr_line' id='line_1_32' title="bbox 133 3290 1770 3373; baseline 0.001 -24"><span class='ocrx_word' id='word_1_370' title='bbox 133 3290 340 3367; x_wconf 85' lang='lat' dir='ltr'>conspicitur.</span> <span class='ocrx_word' id='word_1_371' title='bbox 354 3293 424 3352; x_wconf 85' lang='lat' dir='ltr'>Hoc</span> <span class='ocrx_word' id='word_1_372' title='bbox 439 3292 491 3353; x_wconf 88' lang='lat' dir='ltr'>est</span> <span class='ocrx_word' id='word_1_373' title='bbox 503 3294 661 3370; x_wconf 90' lang='lat' dir='ltr'>templum</span> <span class='ocrx_word' id='word_1_374' title='bbox 678 3295 718 3355; x_wconf 95' lang='lat' dir='ltr'>de</span> <span class='ocrx_word' id='word_1_375' title='bbox 733 3310 797 3373; x_wconf 95' lang='lat' dir='ltr'>quo</span> <span class='ocrx_word' id='word_1_376' title='bbox 812 3295 920 3372; x_wconf 92' lang='lat' dir='ltr'>inquit</span> <span class='ocrx_word' id='word_1_377' title='bbox 974 3295 1239 3373; x_wconf 87' lang='lat' dir='ltr'>persecutionem</span> <span class='ocrx_word' id='word_1_378' title='bbox 1277 3309 1337 3370; x_wconf 92' lang='lat' dir='ltr'>pro</span> <span class='ocrx_word' id='word_1_379' title='bbox 1368 3292 1499 3354; x_wconf 83' lang='lat' dir='ltr'>Christo</span> <span class='ocrx_word' id='word_1_380' title='bbox 1532 3293 1714 3369; x_wconf 83' lang='lat' dir='ltr'>patiuntur,</span> <span class='ocrx_word' id='word_1_381' title='bbox 1744 3291 1770 3351; x_wconf 90' lang='lat' dir='ltr'>ii</span> 
     </span>
     <span class='ocr_line' id='line_1_33' title="bbox 128 3385 1768 3467; baseline 0.001 -22"><span class='ocrx_word' id='word_1_382' title='bbox 128 3385 309 3448; x_wconf 80' lang='lat' dir='ltr'>Malachias</span> <span class='ocrx_word' id='word_1_383' title='bbox 319 3410 326 3448; x_wconf 92' lang='lat'><strong>:</strong></span> <span class='ocrx_word' id='word_1_384' title='bbox 338 3389 467 3450; x_wconf 80' lang='lat' dir='ltr'>Statim</span> <span class='ocrx_word' id='word_1_385' title='bbox 477 3393 591 3453; x_wconf 85' lang='lat' dir='ltr'>oeatct</span> <span class='ocrx_word' id='word_1_386' title='bbox 601 3392 921 3467; x_wconf 60' lang='lat' dir='ltr'>adtemptatam-›zc-</span> <span class='ocrx_word' id='word_1_387' title='bbox 973 3393 1087 3454; x_wconf 89' lang='lat' dir='ltr'>Jesum</span> <span class='ocrx_word' id='word_1_388' title='bbox 1102 3391 1138 3451; x_wconf 93' lang='lat' dir='ltr'>in</span> <span class='ocrx_word' id='word_1_389' title='bbox 1153 3389 1302 3451; x_wconf 90' lang='lat' dir='ltr'>humeris</span> <span class='ocrx_word' id='word_1_390' title='bbox 1317 3389 1461 3465; x_wconf 88' lang='lat' dir='ltr'>portant.</span> <span class='ocrx_word' id='word_1_391' title='bbox 1480 3388 1573 3450; x_wconf 91' lang='lat' dir='ltr'>Unde</span> <span class='ocrx_word' id='word_1_392' title='bbox 1585 3388 1768 3449; x_wconf 86' lang='lat' dir='ltr'>Dominus:</span> 
     </span>
    </p>
   </div>
   <div class='ocr_carea' id='block_1_11' title="bbox 128 3483 1892 3563">
    <p class='ocr_par' dir='ltr' id='par_1_11' title="bbox 128 3483 1892 3563">
     <span class='ocr_line' id='line_1_34' title="bbox 128 3483 1892 3563; baseline 0 -20"><span class='ocrx_word' id='word_1_393' title='bbox 128 3483 198 3545; x_wconf 84' lang='lat' dir='ltr'>tam</span> <span class='ocrx_word' id='word_1_394' title='bbox 213 3500 318 3546; x_wconf 71' lang='lat' dir='ltr'>meram</span> <span class='ocrx_word' id='word_1_395' title='bbox 341 3487 539 3548; x_wconf 73' lang='lat' dir='ltr'>(lancinator</span> <span class='ocrx_word' id='word_1_396' title='bbox 557 3503 658 3562; x_wconf 83' lang='lat' dir='ltr'>quam</span> <span class='ocrx_word' id='word_1_397' title='bbox 678 3504 740 3550; x_wconf 86' lang='lat' dir='ltr'>oos</span> <span class='ocrx_word' id='word_1_398' title='bbox 763 3489 921 3563; x_wconf 72' lang='lat' dir='ltr'>quaeritis</span> <span class='ocrx_word' id='word_1_399' title='bbox 975 3488 1123 3554; x_wconf 75' lang='lat' dir='ltr'>oarvzat</span> <span class='ocrx_word' id='word_1_400' title='bbox 1146 3489 1267 3547; x_wconf 80' lang='lat' dir='ltr'>cantra</span> <span class='ocrx_word' id='word_1_401' title='bbox 1290 3486 1447 3559; x_wconf 77' lang='lat' dir='ltr'>postona,</span> <span class='ocrx_word' id='word_1_402' title='bbox 1461 3483 1772 3560; x_wconf 73' lang='lat' dir='ltr'>aboregetsemettp·</span> <span class='ocrx_word' id='word_1_403' title='bbox 1888 3498 1892 3505; x_wconf 86' lang='grc'><strong>’</strong></span> 
     </span>
    </p>
   </div>
   <div class='ocr_carea' id='block_1_12' title="bbox 116 3581 1774 5714">
    <p class='ocr_par' dir='ltr' id='par_1_12' title="bbox 116 3581 1774 5714">
     <span class='ocr_line' id='line_1_35' title="bbox 125 3581 1771 3659; baseline -0.001 -17"><span class='ocrx_word' id='word_1_404' title='bbox 125 3581 158 3642; x_wconf 83' lang='lat' dir='ltr'>rt</span> <span class='ocrx_word' id='word_1_405' title='bbox 189 3588 333 3659; x_wconf 77' lang='lat' dir='ltr'>magelaa</span> <span class='ocrx_word' id='word_1_406' title='bbox 365 3584 563 3646; x_wconf 80' lang='lat' dir='ltr'>testamenti</span> <span class='ocrx_word' id='word_1_407' title='bbox 589 3601 690 3659; x_wconf 82' lang='lat' dir='ltr'>quem</span> <span class='ocrx_word' id='word_1_408' title='bbox 722 3600 782 3647; x_wconf 87' lang='lat' dir='ltr'>oos</span> <span class='ocrx_word' id='word_1_409' title='bbox 816 3586 921 3647; x_wconf 72' lang='lat' dir='ltr'>oratis</span> <span class='ocrx_word' id='word_1_410' title='bbox 974 3598 1063 3653; x_wconf 74' lang='lat' dir='ltr'>sarna,</span> <span class='ocrx_word' id='word_1_411' title='bbox 1074 3582 1109 3643; x_wconf 85' lang='lat' dir='ltr'>ct</span> <span class='ocrx_word' id='word_1_412' title='bbox 1124 3582 1217 3642; x_wconf 83' lang='lat' dir='ltr'>tollat</span> <span class='ocrx_word' id='word_1_413' title='bbox 1226 3596 1364 3642; x_wconf 74' lang='lat' dir='ltr'>croceam</span> <span class='ocrx_word' id='word_1_414' title='bbox 1375 3596 1476 3641; x_wconf 82' lang='lat' dir='ltr'>saum</span> <span class='ocrx_word' id='word_1_415' title='bbox 1489 3582 1523 3640; x_wconf 86' lang='lat' dir='ltr'>et</span> <span class='ocrx_word' id='word_1_416' title='bbox 1537 3582 1704 3653; x_wconf 80' lang='lat' dir='ltr'>sequatur</span> <span class='ocrx_word' id='word_1_417' title='bbox 1716 3594 1771 3641; x_wconf 76' lang='lat' dir='ltr'>ene</span> 
     </span>
     <span class='ocr_line' id='line_1_36' title="bbox 125 3675 1772 3760; baseline -0.002 -20"><span class='ocrx_word' id='word_1_418' title='bbox 125 3677 217 3758; x_wconf 85' lang='lat' dir='ltr'>(htal.</span> <span class='ocrx_word' id='word_1_419' title='bbox 233 3694 284 3752; x_wconf 88' lang='lat'>111,</span> <span class='ocrx_word' id='word_1_420' title='bbox 306 3677 353 3760; x_wconf 90' lang='lat'>1).</span> <span class='ocrx_word' id='word_1_421' title='bbox 374 3682 437 3742; x_wconf 85' lang='lat' dir='ltr'>Hic</span> <span class='ocrx_word' id='word_1_422' title='bbox 460 3683 511 3742; x_wconf 88' lang='lat' dir='ltr'>est</span> <span class='ocrx_word' id='word_1_423' title='bbox 528 3682 707 3754; x_wconf 87' lang='lat' dir='ltr'>thalamus,</span> <span class='ocrx_word' id='word_1_424' title='bbox 731 3682 772 3743; x_wconf 91' lang='lat' dir='ltr'>de</span> <span class='ocrx_word' id='word_1_425' title='bbox 787 3699 852 3759; x_wconf 90' lang='lat' dir='ltr'>quo</span> <span class='ocrx_word' id='word_1_426' title='bbox 873 3684 922 3745; x_wconf 89' lang='lat' dir='ltr'>alt</span> <span class='ocrx_word' id='word_1_427' title='bbox 976 3678 1106 3759; x_wconf 81' lang='lat' dir='ltr'>(Matth.</span> <span class='ocrx_word' id='word_1_428' title='bbox 1124 3692 1195 3749; x_wconf 77' lang='lat' dir='ltr'>xvi,</span> <span class='ocrx_word' id='word_1_429' title='bbox 1212 3677 1277 3756; x_wconf 82' lang='lat'>54).</span> <span class='ocrx_word' id='word_1_430' title='bbox 1301 3679 1391 3738; x_wconf 83' lang='lat' dir='ltr'>Crux</span> <span class='ocrx_word' id='word_1_431' title='bbox 1410 3676 1494 3738; x_wconf 89' lang='lat' dir='ltr'>solet</span> <span class='ocrx_word' id='word_1_432' title='bbox 1512 3675 1638 3754; x_wconf 89' lang='lat' dir='ltr'>portari</span> <span class='ocrx_word' id='word_1_433' title='bbox 1653 3675 1689 3736; x_wconf 92' lang='lat' dir='ltr'>in</span> <span class='ocrx_word' id='word_1_434' title='bbox 1706 3676 1772 3737; x_wconf 92' lang='lat' dir='ltr'>hu-</span> 
     </span>
     <span class='ocr_line' id='line_1_37' title="bbox 122 3777 1087 3853; baseline -0.002 -15"><span class='ocrx_word' id='word_1_435' title='bbox 122 3777 228 3839; x_wconf 82' lang='lat' dir='ltr'>Dam&#39;d</span> <span class='ocrx_word' id='word_1_436' title='bbox 245 3797 253 3837; x_wconf 73' lang='grc' dir='ltr'>ε</span> <span class='ocrx_word' id='word_1_437' title='bbox 270 3780 314 3838; x_wconf 82' lang='lat' dir='ltr'>Ia</span> <span class='ocrx_word' id='word_1_438' title='bbox 329 3783 399 3840; x_wconf 77' lang='lat' dir='ltr'>sole</span> <span class='ocrx_word' id='word_1_439' title='bbox 412 3779 529 3853; x_wconf 73' lang='lat' dir='ltr'>posact</span> <span class='ocrx_word' id='word_1_440' title='bbox 548 3780 804 3841; x_wconf 78' lang='lat' dir='ltr'>tabernaculam</span> <span class='ocrx_word' id='word_1_441' title='bbox 818 3797 921 3842; x_wconf 78' lang='lat' dir='ltr'>raam</span> <span class='ocrx_word' id='word_1_442' title='bbox 974 3777 1087 3838; x_wconf 91' lang='lat' dir='ltr'>meris.</span> 
     </span>
     <span class='ocr_line' id='line_1_38' title="bbox 121 3871 1772 3951; baseline -0.004 -14"><span class='ocrx_word' id='word_1_443' title='bbox 121 3875 157 3937; x_wconf 83' lang='lat' dir='ltr'>et</span> <span class='ocrx_word' id='word_1_444' title='bbox 169 3878 242 3950; x_wconf 80' lang='lat' dir='ltr'>ipse</span> <span class='ocrx_word' id='word_1_445' title='bbox 257 3876 423 3948; x_wconf 80' lang='lat' dir='ltr'>tanquam</span> <span class='ocrx_word' id='word_1_446' title='bbox 434 3891 583 3951; x_wconf 81' lang='lat' dir='ltr'>sponsus</span> <span class='ocrx_word' id='word_1_447' title='bbox 592 3880 783 3949; x_wconf 77' lang='lat' dir='ltr'>procedens</span> <span class='ocrx_word' id='word_1_448' title='bbox 794 3881 835 3941; x_wconf 85' lang='lat' dir='ltr'>dc</span> <span class='ocrx_word' id='word_1_449' title='bbox 850 3880 921 3942; x_wconf 81' lang='lat' dir='ltr'>thu·</span> <span class='ocrx_word' id='word_1_450' title='bbox 1016 3874 1179 3937; x_wconf 88' lang='lat' dir='ltr'>Similiter</span> <span class='ocrx_word' id='word_1_451' title='bbox 1193 3874 1344 3935; x_wconf 87' lang='lat' dir='ltr'>christus</span> <span class='ocrx_word' id='word_1_452' title='bbox 1357 3873 1480 3934; x_wconf 87' lang='lat' dir='ltr'>dicitur</span> <span class='ocrx_word' id='word_1_453' title='bbox 1494 3871 1554 3933; x_wconf 92' lang='lat' dir='ltr'>sol.</span> <span class='ocrx_word' id='word_1_454' title='bbox 1572 3873 1608 3932; x_wconf 93' lang='lat' dir='ltr'>ln</span> <span class='ocrx_word' id='word_1_455' title='bbox 1624 3871 1694 3933; x_wconf 86' lang='lat' dir='ltr'>sole</span> <span class='ocrx_word' id='word_1_456' title='bbox 1710 3887 1772 3932; x_wconf 92' lang='lat' dir='ltr'>au-</span> 
     </span>
     <span class='ocr_line' id='line_1_39' title="bbox 120 3968 1772 4052; baseline -0.003 -18"><span class='ocrx_word' id='word_1_457' title='bbox 120 3977 289 4034; x_wconf 83' lang='lat' dir='ltr'>lamosuo</span> <span class='ocrx_word' id='word_1_458' title='bbox 304 3970 406 4051; x_wconf 89' lang='lat' dir='ltr'>(Psal.</span> <span class='ocrx_word' id='word_1_459' title='bbox 425 3973 473 4044; x_wconf 91' lang='lat'>18,</span> <span class='ocrx_word' id='word_1_460' title='bbox 490 3972 535 4052; x_wconf 87' lang='lat'>6).</span> <span class='ocrx_word' id='word_1_461' title='bbox 974 3972 1040 4034; x_wconf 89' lang='lat' dir='ltr'>tem</span> <span class='ocrx_word' id='word_1_462' title='bbox 1056 3972 1114 4050; x_wconf 93' lang='lat' dir='ltr'>qui</span> <span class='ocrx_word' id='word_1_463' title='bbox 1132 3973 1183 4034; x_wconf 87' lang='lat' dir='ltr'>est</span> <span class='ocrx_word' id='word_1_464' title='bbox 1206 3971 1356 4033; x_wconf 87' lang='lat' dir='ltr'>Christus</span> <span class='ocrx_word' id='word_1_465' title='bbox 1378 3971 1523 4047; x_wconf 91' lang='lat' dir='ltr'>quinque</span> <span class='ocrx_word' id='word_1_466' title='bbox 1542 3968 1772 4046; x_wconf 89' lang='lat' dir='ltr'>principaliter</span> 
     </span>
     <span class='ocr_line' id='line_1_40' title="bbox 162 4065 1772 4150; baseline -0.003 -19"><span class='ocrx_word' id='word_1_467' title='bbox 162 4070 266 4131; x_wconf 87' lang='lat' dir='ltr'>Beata</span> <span class='ocrx_word' id='word_1_468' title='bbox 289 4069 397 4131; x_wconf 83' lang='lat' dir='ltr'>Mater</span> <span class='ocrx_word' id='word_1_469' title='bbox 420 4070 542 4133; x_wconf 91' lang='lat' dir='ltr'>dicitur</span> <span class='ocrx_word' id='word_1_470' title='bbox 561 4072 621 4144; x_wconf 90' lang='lat' dir='ltr'>sol,</span> <span class='ocrx_word' id='word_1_471' title='bbox 647 4074 733 4150; x_wconf 92' lang='lat' dir='ltr'>quod</span> <span class='ocrx_word' id='word_1_472' title='bbox 758 4073 845 4136; x_wconf 86' lang='lat' dir='ltr'>sicut</span> <span class='ocrx_word' id='word_1_473' title='bbox 870 4074 920 4136; x_wconf 85' lang='lat' dir='ltr'>sol</span> <span class='ocrx_word' id='word_1_474' title='bbox 975 4070 1199 4133; x_wconf 90' lang='lat' dir='ltr'>attenduntur.</span> <span class='ocrx_word' id='word_1_475' title='bbox 1215 4070 1271 4130; x_wconf 88' lang='lat' dir='ltr'>Sol</span> <span class='ocrx_word' id='word_1_476' title='bbox 1285 4070 1373 4130; x_wconf 90' lang='lat' dir='ltr'>enim</span> <span class='ocrx_word' id='word_1_477' title='bbox 1391 4067 1426 4128; x_wconf 95' lang='lat' dir='ltr'>in</span> <span class='ocrx_word' id='word_1_478' title='bbox 1442 4083 1477 4129; x_wconf 93' lang='lat' dir='ltr'>se</span> <span class='ocrx_word' id='word_1_479' title='bbox 1489 4065 1772 4128; x_wconf 88' lang='lat' dir='ltr'>incommutabilis</span> 
     </span>
     <span class='ocr_line' id='line_1_41' title="bbox 120 4164 1773 4249; baseline -0.003 -21"><span class='ocrx_word' id='word_1_480' title='bbox 120 4167 175 4228; x_wconf 87' lang='lat' dir='ltr'>cst</span> <span class='ocrx_word' id='word_1_481' title='bbox 202 4167 328 4229; x_wconf 89' lang='lat' dir='ltr'>clarior</span> <span class='ocrx_word' id='word_1_482' title='bbox 355 4168 483 4231; x_wconf 89' lang='lat' dir='ltr'>cunctis</span> <span class='ocrx_word' id='word_1_483' title='bbox 506 4168 745 4241; x_wconf 88' lang='lat' dir='ltr'>luminaribus,</span> <span class='ocrx_word' id='word_1_484' title='bbox 773 4171 822 4233; x_wconf 88' lang='lat' dir='ltr'>sic</span> <span class='ocrx_word' id='word_1_485' title='bbox 848 4171 920 4249; x_wconf 88' lang='lat' dir='ltr'>ipsa</span> <span class='ocrx_word' id='word_1_486' title='bbox 975 4169 1037 4240; x_wconf 88' lang='grc' dir='ltr'>θεῖ,</span> <span class='ocrx_word' id='word_1_487' title='bbox 1054 4183 1128 4228; x_wconf 92' lang='lat' dir='ltr'>cum</span> <span class='ocrx_word' id='word_1_488' title='bbox 1153 4167 1233 4226; x_wconf 90' lang='lat' dir='ltr'>luna</span> <span class='ocrx_word' id='word_1_489' title='bbox 1258 4165 1399 4241; x_wconf 85' lang='lat' dir='ltr'>singulis</span> <span class='ocrx_word' id='word_1_490' title='bbox 1423 4164 1592 4226; x_wconf 90' lang='lat' dir='ltr'>mensibus</span> <span class='ocrx_word' id='word_1_491' title='bbox 1623 4179 1773 4226; x_wconf 91' lang='lat' dir='ltr'>commu-</span> 
     </span>
     <span class='ocr_line' id='line_1_42' title="bbox 119 4262 1772 4340; baseline -0.001 -15"><span class='ocrx_word' id='word_1_492' title='bbox 119 4264 257 4340; x_wconf 90' lang='lat' dir='ltr'>dignior</span> <span class='ocrx_word' id='word_1_493' title='bbox 265 4264 317 4326; x_wconf 90' lang='lat' dir='ltr'>est</span> <span class='ocrx_word' id='word_1_494' title='bbox 326 4265 480 4327; x_wconf 83' lang='lat' dir='ltr'>omnibus</span> <span class='ocrx_word' id='word_1_495' title='bbox 491 4268 664 4328; x_wconf 90' lang='lat' dir='ltr'>creaturis.</span> <span class='ocrx_word' id='word_1_496' title='bbox 677 4267 820 4330; x_wconf 91' lang='lat' dir='ltr'>Proinde</span> <span class='ocrx_word' id='word_1_497' title='bbox 834 4272 920 4331; x_wconf 84' lang='lat' dir='ltr'>Deus</span> <span class='ocrx_word' id='word_1_498' title='bbox 974 4267 1071 4327; x_wconf 92' lang='lat' dir='ltr'>tetur.</span> <span class='ocrx_word' id='word_1_499' title='bbox 1087 4267 1124 4327; x_wconf 94' lang='lat' dir='ltr'>ln</span> <span class='ocrx_word' id='word_1_500' title='bbox 1139 4264 1209 4325; x_wconf 93' lang='lat' dir='ltr'>sole</span> <span class='ocrx_word' id='word_1_501' title='bbox 1220 4263 1312 4324; x_wconf 88' lang='lat' dir='ltr'>nulla</span> <span class='ocrx_word' id='word_1_502' title='bbox 1324 4264 1375 4325; x_wconf 91' lang='lat' dir='ltr'>est</span> <span class='ocrx_word' id='word_1_503' title='bbox 1389 4262 1531 4333; x_wconf 88' lang='lat' dir='ltr'>macula,</span> <span class='ocrx_word' id='word_1_504' title='bbox 1550 4279 1624 4323; x_wconf 94' lang='lat' dir='ltr'>cum</span> <span class='ocrx_word' id='word_1_505' title='bbox 1642 4275 1772 4338; x_wconf 90' lang='lat' dir='ltr'>semper</span> 
     </span>
     <span class='ocr_line' id='line_1_43' title="bbox 119 4358 1771 4441; baseline -0.003 -18"><span class='ocrx_word' id='word_1_506' title='bbox 119 4363 233 4441; x_wconf 89' lang='lat' dir='ltr'>posuit</span> <span class='ocrx_word' id='word_1_507' title='bbox 247 4360 499 4424; x_wconf 88' lang='lat' dir='ltr'>tabernaculum</span> <span class='ocrx_word' id='word_1_508' title='bbox 515 4380 623 4435; x_wconf 88' lang='lat' dir='ltr'>suum,</span> <span class='ocrx_word' id='word_1_509' title='bbox 637 4364 734 4438; x_wconf 88' lang='lat' dir='ltr'>idest,</span> <span class='ocrx_word' id='word_1_510' title='bbox 746 4365 922 4429; x_wconf 89' lang='lat' dir='ltr'>habitatio·</span> <span class='ocrx_word' id='word_1_511' title='bbox 975 4362 1105 4424; x_wconf 91' lang='lat' dir='ltr'>macula</span> <span class='ocrx_word' id='word_1_512' title='bbox 1125 4361 1169 4423; x_wconf 95' lang='lat' dir='ltr'>sit</span> <span class='ocrx_word' id='word_1_513' title='bbox 1191 4361 1225 4421; x_wconf 92' lang='lat' dir='ltr'>in</span> <span class='ocrx_word' id='word_1_514' title='bbox 1245 4360 1336 4422; x_wconf 90' lang='lat' dir='ltr'>luna.</span> <span class='ocrx_word' id='word_1_515' title='bbox 1355 4359 1410 4421; x_wconf 91' lang='lat' dir='ltr'>Sol</span> <span class='ocrx_word' id='word_1_516' title='bbox 1421 4359 1522 4421; x_wconf 88' lang='lat' dir='ltr'>habet</span> <span class='ocrx_word' id='word_1_517' title='bbox 1532 4358 1771 4437; x_wconf 90' lang='lat' dir='ltr'>plenitudinem</span> 
     </span>
     <span class='ocr_line' id='line_1_44' title="bbox 118 4456 1773 4537; baseline -0.003 -16"><span class='ocrx_word' id='word_1_518' title='bbox 118 4475 198 4522; x_wconf 87' lang='lat' dir='ltr'>nem</span> <span class='ocrx_word' id='word_1_519' title='bbox 217 4475 313 4522; x_wconf 88' lang='lat' dir='ltr'>suam</span> <span class='ocrx_word' id='word_1_520' title='bbox 328 4461 363 4521; x_wconf 92' lang='lat' dir='ltr'>in</span> <span class='ocrx_word' id='word_1_521' title='bbox 377 4462 470 4532; x_wconf 88' lang='lat' dir='ltr'>ea,ot</span> <span class='ocrx_word' id='word_1_522' title='bbox 485 4460 564 4523; x_wconf 85' lang='lat' dir='ltr'>iecit</span> <span class='ocrx_word' id='word_1_523' title='bbox 579 4461 643 4521; x_wconf 90' lang='lat' dir='ltr'>sibi</span> <span class='ocrx_word' id='word_1_524' title='bbox 654 4462 918 4537; x_wconf 88' lang='lat' dir='ltr'>tabernaculum,</span> <span class='ocrx_word' id='word_1_525' title='bbox 975 4460 1121 4532; x_wconf 86' lang='lat' dir='ltr'>luminis,</span> <span class='ocrx_word' id='word_1_526' title='bbox 1139 4476 1158 4520; x_wconf 88' lang='lat' dir='ltr'>a</span> <span class='ocrx_word' id='word_1_527' title='bbox 1174 4475 1238 4536; x_wconf 93' lang='lat' dir='ltr'>quo</span> <span class='ocrx_word' id='word_1_528' title='bbox 1256 4461 1289 4521; x_wconf 90' lang='lat' dir='ltr'>et</span> <span class='ocrx_word' id='word_1_529' title='bbox 1310 4459 1376 4519; x_wconf 91' lang='lat' dir='ltr'>alia</span> <span class='ocrx_word' id='word_1_530' title='bbox 1389 4458 1570 4519; x_wconf 88' lang='lat' dir='ltr'>luminaria</span> <span class='ocrx_word' id='word_1_531' title='bbox 1584 4456 1698 4518; x_wconf 91' lang='lat' dir='ltr'>lumen</span> <span class='ocrx_word' id='word_1_532' title='bbox 1714 4472 1773 4516; x_wconf 90' lang='lat' dir='ltr'>ac-</span> 
     </span>
     <span class='ocr_line' id='line_1_45' title="bbox 117 4553 1772 4638; baseline -0.005 -19"><span class='ocrx_word' id='word_1_533' title='bbox 117 4557 217 4628; x_wconf 89' lang='lat' dir='ltr'>idest,</span> <span class='ocrx_word' id='word_1_534' title='bbox 233 4574 354 4636; x_wconf 86' lang='lat' dir='ltr'>corpus</span> <span class='ocrx_word' id='word_1_535' title='bbox 374 4558 555 4620; x_wconf 89' lang='lat' dir='ltr'>humanum</span> <span class='ocrx_word' id='word_1_536' title='bbox 571 4575 614 4622; x_wconf 84' lang='lat' dir='ltr'>ex</span> <span class='ocrx_word' id='word_1_537' title='bbox 625 4576 677 4632; x_wconf 91' lang='lat' dir='ltr'>ea,</span> <span class='ocrx_word' id='word_1_538' title='bbox 699 4562 733 4623; x_wconf 90' lang='lat' dir='ltr'>et</span> <span class='ocrx_word' id='word_1_539' title='bbox 745 4561 817 4638; x_wconf 92' lang='lat' dir='ltr'>ipse</span> <span class='ocrx_word' id='word_1_540' title='bbox 833 4564 919 4624; x_wconf 87' lang='lat' dir='ltr'>Deus</span> <span class='ocrx_word' id='word_1_541' title='bbox 974 4558 1111 4635; x_wconf 91' lang='lat' dir='ltr'>cipiunt.</span> <span class='ocrx_word' id='word_1_542' title='bbox 1130 4557 1185 4619; x_wconf 85' lang='lat' dir='ltr'>Sol</span> <span class='ocrx_word' id='word_1_543' title='bbox 1201 4557 1278 4618; x_wconf 91' lang='lat' dir='ltr'>licet</span> <span class='ocrx_word' id='word_1_544' title='bbox 1293 4557 1336 4619; x_wconf 92' lang='lat' dir='ltr'>sit</span> <span class='ocrx_word' id='word_1_545' title='bbox 1356 4555 1585 4625; x_wconf 90' lang='lat' dir='ltr'>immutabilis,</span> <span class='ocrx_word' id='word_1_546' title='bbox 1605 4553 1772 4615; x_wconf 87' lang='lat' dir='ltr'>interdum</span> 
     </span>
     <span class='ocr_line' id='line_1_46' title="bbox 118 4649 1774 4737; baseline -0.004 -21"><span class='ocrx_word' id='word_1_547' title='bbox 118 4655 286 4733; x_wconf 84' lang='lat' dir='ltr'>processit</span> <span class='ocrx_word' id='word_1_548' title='bbox 305 4656 465 4734; x_wconf 90' lang='lat' dir='ltr'>tanquam</span> <span class='ocrx_word' id='word_1_549' title='bbox 489 4672 642 4733; x_wconf 89' lang='lat' dir='ltr'>sponsus,</span> <span class='ocrx_word' id='word_1_550' title='bbox 660 4656 755 4731; x_wconf 89' lang='lat' dir='ltr'>idest,</span> <span class='ocrx_word' id='word_1_551' title='bbox 771 4660 922 4737; x_wconf 89' lang='lat' dir='ltr'>splendi-</span> <span class='ocrx_word' id='word_1_552' title='bbox 973 4657 1084 4717; x_wconf 89' lang='lat' dir='ltr'>tamen</span> <span class='ocrx_word' id='word_1_553' title='bbox 1101 4655 1227 4733; x_wconf 91' lang='lat' dir='ltr'>patitur</span> <span class='ocrx_word' id='word_1_554' title='bbox 1242 4654 1431 4731; x_wconf 89' lang='lat' dir='ltr'>ecclypsim.</span> <span class='ocrx_word' id='word_1_555' title='bbox 1459 4652 1514 4714; x_wconf 89' lang='lat' dir='ltr'>Sol</span> <span class='ocrx_word' id='word_1_556' title='bbox 1541 4665 1673 4726; x_wconf 89' lang='lat' dir='ltr'>semper</span> <span class='ocrx_word' id='word_1_557' title='bbox 1684 4649 1774 4710; x_wconf 90' lang='lat' dir='ltr'>lucet</span> 
     </span>
     <span class='ocr_line' id='line_1_47' title="bbox 117 4746 1771 4832; baseline -0.006 -18"><span class='ocrx_word' id='word_1_558' title='bbox 117 4753 183 4814; x_wconf 89' lang='lat' dir='ltr'>dus</span> <span class='ocrx_word' id='word_1_559' title='bbox 196 4756 230 4815; x_wconf 91' lang='lat' dir='ltr'>et</span> <span class='ocrx_word' id='word_1_560' title='bbox 239 4755 391 4815; x_wconf 86' lang='lat' dir='ltr'>ornatus.</span> <span class='ocrx_word' id='word_1_561' title='bbox 405 4755 479 4815; x_wconf 92' lang='lat' dir='ltr'>Non</span> <span class='ocrx_word' id='word_1_562' title='bbox 493 4755 581 4815; x_wconf 90' lang='lat' dir='ltr'>enim</span> <span class='ocrx_word' id='word_1_563' title='bbox 595 4756 756 4832; x_wconf 86' lang='lat' dir='ltr'>processit</span> <span class='ocrx_word' id='word_1_564' title='bbox 767 4757 920 4820; x_wconf 90' lang='lat' dir='ltr'>sordidus</span> <span class='ocrx_word' id='word_1_565' title='bbox 975 4754 1010 4814; x_wconf 92' lang='lat' dir='ltr'>in</span> <span class='ocrx_word' id='word_1_566' title='bbox 1029 4753 1093 4815; x_wconf 91' lang='lat' dir='ltr'>die.</span> <span class='ocrx_word' id='word_1_567' title='bbox 1117 4755 1196 4814; x_wconf 75' lang='lat' dir='ltr'>Haec</span> <span class='ocrx_word' id='word_1_568' title='bbox 1215 4752 1330 4814; x_wconf 88' lang='lat' dir='ltr'>eadem</span> <span class='ocrx_word' id='word_1_569' title='bbox 1355 4752 1387 4811; x_wconf 87' lang='lat' dir='ltr'>et</span> <span class='ocrx_word' id='word_1_570' title='bbox 1408 4751 1443 4810; x_wconf 92' lang='lat' dir='ltr'>in</span> <span class='ocrx_word' id='word_1_571' title='bbox 1466 4764 1546 4809; x_wconf 77' lang='lat' dir='ltr'>vero</span> <span class='ocrx_word' id='word_1_572' title='bbox 1565 4746 1634 4806; x_wconf 90' lang='lat' dir='ltr'>sole</span> <span class='ocrx_word' id='word_1_573' title='bbox 1658 4746 1771 4806; x_wconf 89' lang='lat' dir='ltr'>nostro</span> 
     </span>
     <span class='ocr_line' id='line_1_48' title="bbox 118 4844 1773 4930; baseline -0.007 -17"><span class='ocrx_word' id='word_1_574' title='bbox 118 4850 258 4927; x_wconf 82' lang='lat' dir='ltr'>peccato</span> <span class='ocrx_word' id='word_1_575' title='bbox 291 4850 448 4928; x_wconf 79' lang='lat' dir='ltr'>originali</span> <span class='ocrx_word' id='word_1_576' title='bbox 482 4852 536 4914; x_wconf 80' lang='lat' dir='ltr'>vel</span> <span class='ocrx_word' id='word_1_577' title='bbox 570 4852 681 4930; x_wconf 88' lang='lat' dir='ltr'>aliqua</span> <span class='ocrx_word' id='word_1_578' title='bbox 710 4855 920 4918; x_wconf 88' lang='lat' dir='ltr'>immunditia</span> <span class='ocrx_word' id='word_1_579' title='bbox 975 4851 1116 4913; x_wconf 88' lang='lat' dir='ltr'>sollicite</span> <span class='ocrx_word' id='word_1_580' title='bbox 1131 4850 1390 4911; x_wconf 88' lang='lat' dir='ltr'>consideremus.</span> <span class='ocrx_word' id='word_1_581' title='bbox 1413 4846 1469 4906; x_wconf 88' lang='lat' dir='ltr'>Sol</span> <span class='ocrx_word' id='word_1_582' title='bbox 1484 4845 1518 4904; x_wconf 92' lang='lat' dir='ltr'>in</span> <span class='ocrx_word' id='word_1_583' title='bbox 1538 4860 1574 4904; x_wconf 88' lang='lat' dir='ltr'>se</span> <span class='ocrx_word' id='word_1_584' title='bbox 1587 4844 1773 4904; x_wconf 91' lang='lat' dir='ltr'>incommu-</span> 
     </span>
     <span class='ocr_line' id='line_1_49' title="bbox 117 4941 1770 5029; baseline -0.004 -21"><span class='ocrx_word' id='word_1_585' title='bbox 117 4948 261 5019; x_wconf 86' lang='lat' dir='ltr'>carnali,</span> <span class='ocrx_word' id='word_1_586' title='bbox 278 4947 366 5010; x_wconf 92' lang='lat' dir='ltr'>sicut</span> <span class='ocrx_word' id='word_1_587' title='bbox 380 4948 440 5010; x_wconf 90' lang='lat' dir='ltr'>alil</span> <span class='ocrx_word' id='word_1_588' title='bbox 454 4949 560 5027; x_wconf 90' lang='lat' dir='ltr'>pueri,</span> <span class='ocrx_word' id='word_1_589' title='bbox 575 4951 661 5028; x_wconf 91' lang='lat' dir='ltr'>quod</span> <span class='ocrx_word' id='word_1_590' title='bbox 677 4952 740 5012; x_wconf 88' lang='lat' dir='ltr'>iste</span> <span class='ocrx_word' id='word_1_591' title='bbox 758 4954 921 5029; x_wconf 89' lang='lat' dir='ltr'>processit</span> <span class='ocrx_word' id='word_1_592' title='bbox 973 4948 1086 5012; x_wconf 90' lang='lat' dir='ltr'>tabilis</span> <span class='ocrx_word' id='word_1_593' title='bbox 1102 4951 1162 5019; x_wconf 89' lang='lat' dir='ltr'>est,</span> <span class='ocrx_word' id='word_1_594' title='bbox 1175 4950 1208 5008; x_wconf 90' lang='lat' dir='ltr'>et</span> <span class='ocrx_word' id='word_1_595' title='bbox 1223 4947 1295 5023; x_wconf 89' lang='lat' dir='ltr'>ipse</span> <span class='ocrx_word' id='word_1_596' title='bbox 1315 4944 1466 5004; x_wconf 85' lang='lat' dir='ltr'>Christus</span> <span class='ocrx_word' id='word_1_597' title='bbox 1483 4942 1664 5003; x_wconf 92' lang='lat' dir='ltr'>secundum</span> <span class='ocrx_word' id='word_1_598' title='bbox 1680 4941 1770 5002; x_wconf 83' lang='lat' dir='ltr'>divi-</span> 
     </span>
     <span class='ocr_line' id='line_1_50' title="bbox 117 5038 1772 5125; baseline -0.003 -20"><span class='ocrx_word' id='word_1_599' title='bbox 117 5045 161 5106; x_wconf 92' lang='lat' dir='ltr'>de</span> <span class='ocrx_word' id='word_1_600' title='bbox 184 5046 334 5108; x_wconf 88' lang='lat' dir='ltr'>thalamo</span> <span class='ocrx_word' id='word_1_601' title='bbox 360 5063 433 5117; x_wconf 91' lang='lat' dir='ltr'>suo,</span> <span class='ocrx_word' id='word_1_602' title='bbox 456 5046 541 5110; x_wconf 88' lang='lat' dir='ltr'>idest</span> <span class='ocrx_word' id='word_1_603' title='bbox 569 5047 609 5109; x_wconf 89' lang='lat' dir='ltr'>de</span> <span class='ocrx_word' id='word_1_604' title='bbox 636 5050 785 5125; x_wconf 86' lang='lat' dir='ltr'>Virginis</span> <span class='ocrx_word' id='word_1_605' title='bbox 811 5051 917 5114; x_wconf 88' lang='lat' dir='ltr'>utero.</span> <span class='ocrx_word' id='word_1_606' title='bbox 974 5047 1089 5109; x_wconf 88' lang='lat' dir='ltr'>nitatis</span> <span class='ocrx_word' id='word_1_607' title='bbox 1121 5042 1302 5122; x_wconf 89' lang='lat' dir='ltr'>potentiam</span> <span class='ocrx_word' id='word_1_608' title='bbox 1332 5057 1462 5119; x_wconf 90' lang='lat' dir='ltr'>semper</span> <span class='ocrx_word' id='word_1_609' title='bbox 1490 5038 1772 5103; x_wconf 88' lang='lat' dir='ltr'>incommutabilis</span> 
     </span>
     <span class='ocr_line' id='line_1_51' title="bbox 118 5138 1773 5223; baseline -0.003 -19"><span class='ocrx_word' id='word_1_610' title='bbox 118 5147 270 5216; x_wconf 85' lang='lat' dir='ltr'>Quatuor</span> <span class='ocrx_word' id='word_1_611' title='bbox 297 5144 377 5206; x_wconf 91' lang='lat' dir='ltr'>sunt</span> <span class='ocrx_word' id='word_1_612' title='bbox 405 5144 463 5206; x_wconf 87' lang='lat' dir='ltr'>Dei</span> <span class='ocrx_word' id='word_1_613' title='bbox 496 5145 712 5208; x_wconf 86' lang='lat' dir='ltr'>tabernacula</span> <span class='ocrx_word' id='word_1_614' title='bbox 739 5164 858 5222; x_wconf 86' lang='lat' dir='ltr'>magna</span> <span class='ocrx_word' id='word_1_615' title='bbox 887 5152 920 5214; x_wconf 89' lang='lat' dir='ltr'>et</span> <span class='ocrx_word' id='word_1_616' title='bbox 974 5142 1175 5223; x_wconf 86' lang='lat' dir='ltr'>perseverat.</span> <span class='ocrx_word' id='word_1_617' title='bbox 1190 5142 1276 5202; x_wconf 91' lang='lat' dir='ltr'>Nam</span> <span class='ocrx_word' id='word_1_618' title='bbox 1288 5138 1418 5201; x_wconf 88' lang='lat' dir='ltr'>stabilis</span> <span class='ocrx_word' id='word_1_619' title='bbox 1432 5155 1570 5200; x_wconf 88' lang='lat' dir='ltr'>manens</span> <span class='ocrx_word' id='word_1_620' title='bbox 1584 5139 1639 5200; x_wconf 87' lang='lat' dir='ltr'>dat</span> <span class='ocrx_word' id='word_1_621' title='bbox 1653 5138 1773 5199; x_wconf 87' lang='lat' dir='ltr'>cuncta</span> 
     </span>
     <span class='ocr_line' id='line_1_52' title="bbox 116 5238 1772 5321; baseline -0.005 -18"><span class='ocrx_word' id='word_1_622' title='bbox 116 5241 267 5304; x_wconf 88' lang='lat' dir='ltr'>mirabili</span> <span class='ocrx_word' id='word_1_623' title='bbox 308 5242 520 5304; x_wconf 88' lang='lat' dir='ltr'>distinctione</span> <span class='ocrx_word' id='word_1_624' title='bbox 558 5244 716 5321; x_wconf 77' lang='lat' dir='ltr'>disparia.</span> <span class='ocrx_word' id='word_1_625' title='bbox 756 5246 919 5311; x_wconf 79' lang='lat' dir='ltr'>hillarunt</span> <span class='ocrx_word' id='word_1_626' title='bbox 974 5240 1216 5304; x_wconf 78' lang='lat' dir='ltr'>moreriUnde</span> <span class='ocrx_word' id='word_1_627' title='bbox 1232 5240 1303 5316; x_wconf 91' lang='lat' dir='ltr'>ipse</span> <span class='ocrx_word' id='word_1_628' title='bbox 1316 5238 1463 5313; x_wconf 75' lang='lat' dir='ltr'>aittEgo</span> <span class='ocrx_word' id='word_1_629' title='bbox 1479 5254 1552 5297; x_wconf 93' lang='lat' dir='ltr'>sum</span> <span class='ocrx_word' id='word_1_630' title='bbox 1564 5238 1651 5297; x_wconf 86' lang='lat' dir='ltr'>Deus</span> <span class='ocrx_word' id='word_1_631' title='bbox 1662 5238 1772 5296; x_wconf 87' lang='lat' dir='ltr'>etnon</span> 
     </span>
     <span class='ocr_line' id='line_1_53' title="bbox 116 5335 1773 5421; baseline 0.005 -20"><span class='ocrx_word' id='word_1_632' title='bbox 116 5356 263 5418; x_wconf 89' lang='lat' dir='ltr'>namque</span> <span class='ocrx_word' id='word_1_633' title='bbox 285 5340 621 5416; x_wconf 73' lang='lat' dir='ltr'>nominadignitatc,</span> <span class='ocrx_word' id='word_1_634' title='bbox 639 5343 723 5413; x_wconf 89' lang='lat' dir='ltr'>loco,</span> <span class='ocrx_word' id='word_1_635' title='bbox 748 5345 916 5421; x_wconf 80' lang='lat' dir='ltr'>qualitate.</span> <span class='ocrx_word' id='word_1_636' title='bbox 973 5343 1083 5401; x_wconf 91' lang='lat' dir='ltr'>mutor</span> <span class='ocrx_word' id='word_1_637' title='bbox 1109 5337 1202 5416; x_wconf 80' lang='lat' dir='ltr'>(Mal-</span> <span class='ocrx_word' id='word_1_638' title='bbox 1232 5353 1289 5409; x_wconf 77' lang='lat'>111,</span> <span class='ocrx_word' id='word_1_639' title='bbox 1311 5335 1356 5414; x_wconf 73' lang='grc'>6),</span> <span class='ocrx_word' id='word_1_640' title='bbox 1389 5335 1476 5412; x_wconf 70' lang='lat' dir='ltr'>ai)ud</span> <span class='ocrx_word' id='word_1_641' title='bbox 1499 5350 1596 5411; x_wconf 63' lang='lat' dir='ltr'>‘luem</span> <span class='ocrx_word' id='word_1_642' title='bbox 1632 5350 1698 5395; x_wconf 79' lang='lat' dir='ltr'>1¹0ss</span> <span class='ocrx_word' id='word_1_643' title='bbox 1722 5336 1773 5396; x_wconf 69' lang='grc' dir='ltr'>θὸῐ</span> 
     </span>
     <span class='ocr_line' id='line_1_54' title="bbox 118 5430 1773 5515; baseline -0.005 -16"><span class='ocrx_word' id='word_1_644' title='bbox 118 5439 269 5499; x_wconf 90' lang='lat' dir='ltr'>Primum</span> <span class='ocrx_word' id='word_1_645' title='bbox 283 5437 405 5498; x_wconf 87' lang='lat' dir='ltr'>dicitur</span> <span class='ocrx_word' id='word_1_646' title='bbox 418 5440 579 5500; x_wconf 74' lang='lat' dir='ltr'>aternum</span> <span class='ocrx_word' id='word_1_647' title='bbox 595 5441 627 5502; x_wconf 93' lang='lat' dir='ltr'>et</span> <span class='ocrx_word' id='word_1_648' title='bbox 639 5440 846 5515; x_wconf 86' lang='lat' dir='ltr'>admirabile,</span> <span class='ocrx_word' id='word_1_649' title='bbox 864 5461 920 5506; x_wconf 89' lang='lat' dir='ltr'>se·</span> <span class='ocrx_word' id='word_1_650' title='bbox 975 5436 1206 5501; x_wconf 87' lang='lat' dir='ltr'>transmutatio</span> <span class='ocrx_word' id='word_1_651' title='bbox 1234 5451 1295 5496; x_wconf 87' lang='lat' dir='ltr'>noc</span> <span class='ocrx_word' id='word_1_652' title='bbox 1315 5433 1557 5495; x_wconf 85' lang='lat' dir='ltr'>vicissitudinis</span> <span class='ocrx_word' id='word_1_653' title='bbox 1594 5430 1773 5493; x_wconf 88' lang='lat' dir='ltr'>obumbra-</span> 
     </span>
     <span class='ocr_line' id='line_1_55' title="bbox 119 5530 1772 5612; baseline 0.001 -15"><span class='ocrx_word' id='word_1_654' title='bbox 119 5535 266 5597; x_wconf 86' lang='lat' dir='ltr'>cundum</span> <span class='ocrx_word' id='word_1_655' title='bbox 282 5535 508 5598; x_wconf 80' lang='lat' dir='ltr'>manufactum</span> <span class='ocrx_word' id='word_1_656' title='bbox 526 5538 558 5599; x_wconf 88' lang='lat' dir='ltr'>et</span> <span class='ocrx_word' id='word_1_657' title='bbox 578 5537 765 5612; x_wconf 90' lang='lat' dir='ltr'>umbratile,</span> <span class='ocrx_word' id='word_1_658' title='bbox 785 5540 917 5604; x_wconf 88' lang='lat' dir='ltr'>tertium</span> <span class='ocrx_word' id='word_1_659' title='bbox 973 5536 1030 5598; x_wconf 84' lang='lat' dir='ltr'>tio·</span> <span class='ocrx_word' id='word_1_660' title='bbox 1050 5535 1087 5594; x_wconf 81' lang='lat' dir='ltr'>In</span> <span class='ocrx_word' id='word_1_661' title='bbox 1114 5535 1183 5595; x_wconf 77' lang='lat' dir='ltr'>sole</span> <span class='ocrx_word' id='word_1_662' title='bbox 1205 5532 1297 5594; x_wconf 79' lang='lat' dir='ltr'>nulla</span> <span class='ocrx_word' id='word_1_663' title='bbox 1321 5532 1371 5594; x_wconf 75' lang='lat' dir='ltr'>est</span> <span class='ocrx_word' id='word_1_664' title='bbox 1396 5531 1542 5597; x_wconf 68' lang='lat' dir='ltr'>macula,</span> <span class='ocrx_word' id='word_1_665' title='bbox 1565 5531 1598 5591; x_wconf 78' lang='grc' dir='ltr'>θῑ</span> <span class='ocrx_word' id='word_1_666' title='bbox 1624 5530 1695 5604; x_wconf 69' lang='lat' dir='ltr'>illse</span> <span class='ocrx_word' id='word_1_667' title='bbox 1722 5530 1772 5590; x_wconf 71' lang='lat' dir='ltr'>est</span> 
     </span>
     <span class='ocr_line' id='line_1_56' title="bbox 119 5627 1770 5714; baseline -0.006 -19"><span class='ocrx_word' id='word_1_668' title='bbox 119 5636 271 5695; x_wconf 85' lang='lat' dir='ltr'>sanctum</span> <span class='ocrx_word' id='word_1_669' title='bbox 305 5634 339 5695; x_wconf 92' lang='grc' dir='ltr'>θῖ</span> <span class='ocrx_word' id='word_1_670' title='bbox 368 5636 520 5710; x_wconf 87' lang='lat' dir='ltr'>quartum</span> <span class='ocrx_word' id='word_1_671' title='bbox 549 5637 734 5714; x_wconf 80' lang='lat' dir='ltr'>spirituale.</span> <span class='ocrx_word' id='word_1_672' title='bbox 770 5640 918 5703; x_wconf 91' lang='lat' dir='ltr'>Primum</span> <span class='ocrx_word' id='word_1_673' title='bbox 972 5635 1027 5714; x_wconf 89' lang='lat' dir='ltr'>qui</span> <span class='ocrx_word' id='word_1_674' title='bbox 1065 5631 1281 5709; x_wconf 82' lang='lat' dir='ltr'>singulariter</span> <span class='ocrx_word' id='word_1_675' title='bbox 1316 5631 1487 5708; x_wconf 90' lang='lat' dir='ltr'>ingressus</span> <span class='ocrx_word' id='word_1_676' title='bbox 1527 5630 1576 5689; x_wconf 87' lang='grc' dir='ltr'>θεῖ</span> <span class='ocrx_word' id='word_1_677' title='bbox 1611 5627 1770 5688; x_wconf 87' lang='lat' dir='ltr'>mundum</span> 
     </span>
    </p>
   </div>
   <div class='ocr_carea' id='block_1_13' title="bbox 0 0 1908 6164">
    <p class='ocr_par' dir='ltr' id='par_1_13' title="bbox 0 0 1908 6164">
     <span class='ocr_line' id='line_1_57' title="bbox 0 0 1908 6164; baseline 0 0"><span class='ocrx_word' id='word_1_678' title='bbox 0 0 1908 6164; x_wconf 95' lang='lat' dir='ltr'> </span> 
     </span>
    </p>
   </div>
  </div>
 </body>
</html>
