3794 6166
157 248 278 329 ‘alr
486 265 491 273 ·
622 246 800 317 eononn
821 250 865 312 ιιι
886 248 1035 312 crena.
1052 277 1091 294 -
1107 244 1396 312 senuouns..
1586 299 1589 305 .
1747 231 1809 311 aso

202 415 268 482 Sed
282 413 355 477 haec
376 412 488 477 omnia
505 427 579 491 quae
598 410 743 473 diximus
767 409 853 480 fiori,
873 425 955 488 pos·
1008 410 1163 472 rnodwus
1191 409 1402 482 vestiuntur,
1428 395 1465 470 tu
1496 410 1652 472 doristeus
1683 422 1810 486 repunt

28 558 31 563 -
162 514 238 575 sunt
254 508 626 589 mysticeiuterpretari.
636 510 724 569 Gens
734 521 876 584 namque
886 522 957 567 sur·
1009 507 1090 569 suut
1103 505 1234 586 (Matth.
1246 522 1294 580 ιιι,
1305 507 1351 586 8),
1367 505 1424 568 uhi
1440 506 1573 584 superbi
1588 506 1768 568 abundant.

161 606 211 687 git
231 610 346 672 contra
374 607 520 684 gentem,
544 622 625 682 gens
656 605 813 667 vitiorum
841 604 956 665 contra
1051 604 1101 666 lta
1124 603 1211 666 bella
1226 605 1310 667 liunt
1330 605 1419 666 intus
1446 604 1481 665 ln
1508 605 1632 676 anima,
1656 605 1693 665 ut
1716 603 1811 666 verbi

161 709 294 786 gentem
309 706 479 777 virtutum,
499 704 663 776 videlicet,
681 702 817 764 luxuria
841 701 956 762 contra
1010 702 1130 777 gratia,
1146 702 1280 763 luxuria
1296 702 1395 775 dicat,
1420 702 1507 763 sicut
1531 703 1673 763 testatur
1693 701 1810 762 heatus

162 805 360 868 castitatem.
377 804 518 880 Propter
526 802 611 880 quod
622 801 760 862 dicitur:
775 801 957 861 cextrema
1012 799 1191 876 Gregorius
1207 813 1251 860 r«
1271 800 1306 861 Si
1325 802 1414 862 Deus
1437 799 1648 875 omnipotens
1675 800 1811 861 misceri

161 903 311 965 lihidinis
325 901 506 978 turpitudo,
523 916 597 977 quae
609 915 675 961 non
691 898 797 960 solum
814 899 956 958 mentem
1012 896 1163 958 homines
1199 897 1418 974 corporaliter
1453 897 1566 968 nollet,
1597 898 1670 973 ipsa
1703 912 1812 958 mem-

163 999 342 1071 effeminat‚
366 998 422 1059 sed
447 1014 567 1075 corpus
591 997 738 1068 enervat,
760 1010 827 1057 non
851 995 957 1056 solum
1011 994 1071 1056 bra
1087 994 1228 1056 coeundi
1242 995 1319 1071 apta
1341 993 1455 1055 usibus
1480 1009 1547 1055 non
1569 993 1751 1055 iecisset.»
1774 996 1813 1056 nt

162 1099 309 1161 maculat
320 1097 476 1167 animam,
489 1096 545 1156 sed
557 1095 659 1156 loedat
668 1108 855 1172 personam.
869 1095 958 1152 Sem·
1012 1092 1211 1153 econtrario
1227 1091 1363 1154 castitas
1378 1092 1504 1169 pugnat
1521 1091 1656 1152 dicens:
1679 1091 1715 1153 Si
1730 1106 1811 1153 cor-

162 1211 224 1274 per
248 1196 341 1257 illam
362 1193 553 1272 praecedunt
577 1193 678 1254 ardor
703 1194 735 1254 et
762 1189 955 1268 petulantia,
1012 1205 1094 1267 pora
1116 1191 1230 1252 nostra
1245 1190 1323 1251 sunt
1343 1189 1502 1266 templum
1523 1190 1666 1265 Spiritus
1683 1188 1810 1262 Sancti,

163 1309 294 1371 semper
322 1292 522 1354 comitantur
547 1290 646 1352 ioetor
673 1290 707 1350 et
734 1287 955 1358 immunditia,
1012 1303 1078 1348 non
1094 1286 1189 1349 decet
1207 1287 1241 1347 in
1263 1287 1387 1363 templo
1411 1286 1471 1348 Dei
1492 1286 1722 1364 quodcumque
1735 1303 1812 1349 sor-

145 1406 295 1468 ‚semper
310 1390 492 1467 sequuntur
509 1388 604 1450 dolor
618 1387 651 1449 et
665 1386 871 1464 poenitentia.
890 1386 957 1445 Fa·
1012 1385 1124 1445 didum
1162 1384 1319 1445 inveniri.
1355 1386 1402 1446 De
1436 1384 1499 1445 hac
1536 1399 1646 1462 pugna
1680 1384 1813 1446 dicebat

163 1487 305 1550 miliaris
321 1487 372 1549 est
385 1484 541 1547 inimicus
554 1485 610 1562 qui
623 1484 751 1546 habitat
763 1498 830 1544 non
843 1481 958 1560 procul
1013 1482 1190 1558 Apostolus
1208 1504 1215 1541 :
1232 1484 1322 1543 Coro
1336 1481 1545 1557 corumptcctt
1556 1485 1726 1544 adversus
1737 1486 1812 1556 spt-

163 1585 222 1647 sed
237 1599 349 1662 prope,
366 1597 433 1644 non
448 1582 596 1644 exterius
610 1581 668 1642 sed
691 1581 844 1643 interius.
865 1583 959 1642 Nom
1012 1580 1133 1651 ritum,
1162 1581 1310 1654 spiritus
1333 1581 1452 1642 autem
1481 1582 1650 1641 adversus
1668 1594 1813 1641 caruem

163 1683 278 1744 otrtus
293 1683 412 1754 erratu
426 1678 958 1752 rumooejuuetsorutumtmus
1013 1674 1136 1754 (Galat.
1159 1693 1190 1749 v,
1208 1675 1272 1754 17).
1294 1676 1330 1738 Si
1355 1677 1439 1738 hene
1466 1675 1707 1748 consideretur,
1731 1691 1811 1738 οπο

163 1777 202 1842 tu
216 1781 372 1840 umbilico
384 1777 518 1838 ceutria
527 1780 603 1849 ejus
613 1774 645 1854 (J
648 1775 699 1837 oh.
716 1790 764 1848 ιιι,
775 1771 838 1854 11).
852 1775 958 1834 Num·
1012 1790 1078 1836 non
1090 1774 1305 1852 concupiscit,
1316 1774 1395 1853 quia
1410 1774 1495 1835 nihil
1509 1773 1715 1850 concupiscit
1729 1788 1809 1835 caro

163 1892 263 1954 quam
279 1875 412 1951 sugatur
430 1874 496 1935 nisi
520 1889 594 1934 cum
618 1872 754 1949 fugitur,
777 1886 957 1949 numquam
1012 1873 1084 1933 sine
1096 1872 1235 1949 spiritu3
1252 1887 1360 1949 neque
1378 1871 1515 1949 spiritus
1532 1871 1738 1948 concupiscit
1749 1871 1812 1932 ad·

163 1974 327 2034 mactatur
346 1972 411 2033 nisi
426 1988 501 2033 cum
516 1971 714 2032 maceratur.
732 1972 811 2032 Haec
826 1984 957 2032 omnem
1010 1985 1129 2032 versus
1139 1985 1284 2042 carnem,
1295 1970 1373 2047 quia
1384 1969 1494 2045 diligit
1502 1970 1620 2046 ipsam,
1634 1968 1721 2029 sicut
1731 1968 1813 2030 dicit

162 2071 293 2132 aetatem
315 2069 505 2146 corrumpit,
522 2084 653 2130 omnem
679 2083 796 2129 sexum
816 2066 959 2128 coniun-
1011 2067 1187 2144 Apostolus
1200 2089 1207 2127 :
1219 2071 1482 2130 Neurocoruem
1495 2066 1813 2128 suomodtohadutt

162 2167 221 2235 dit,
235 2183 365 2228 omnem
380 2166 529 2227 ordinem
545 2165 654 2237 solvit,
669 2180 798 2226 omnem
817 2163 957 2239 gradum
1013 2162 1812 2243 (spureo).seddictumestconcupiscere,quia

161 2264 332 2342 pervertit.
346 2262 476 2324 Invadit
490 2263 578 2323 enim
592 2277 700 2334 senes,
711 2264 863 2338 juvenes,
880 2277 956 2322 ma·
1012 2262 1161 2325 carnalia
1176 2263 1259 2324 vitia
1276 2262 1515 2340 concupiscunt
1528 2262 1688 2323 adversus
1708 2261 1811 2337 spiri-

160 2375 216 2422 res
233 2360 265 2421 et
277 2359 442 2432 foeminas,
460 2357 638 2436 prudentes
654 2358 687 2419 et
705 2357 884 2435 simplices,
906 2374 958 2418 su·
1011 2359 1092 2432 tum,
1102 2362 1135 2421 et
1142 2361 1278 2438 spiritus
1291 2360 1450 2421 adversus
1463 2360 1533 2421 illa.
1542 2362 1694 2435 Regnum
1701 2359 1810 2435 surgit

163 2458 311 2537 periores
326 2458 360 2519 et
374 2456 564 2518 inferiores.
1011 2457 1172 2519 adversus
1201 2473 1351 2533 regnum.
1371 2460 1522 2533 Regnum
1537 2456 1809 2539 cupiditatisad-

202 2554 363 2631 Superbia
383 2555 498 2616 contra
519 2570 651 2615 omnem
675 2553 907 2625 humilitatem,
925 2552 958 2615 et
1011 2570 1128 2616 versus
1146 2570 1287 2631 regnum
1301 2555 1476 2627 castitatis,
1497 2554 1530 2616 et
1552 2571 1655 2615 unum
1670 2570 1811 2630 regnum

162 2652 212 2714 sic
226 2652 266 2714 de
281 2651 422 2713 caeteris.
440 2654 465 2712 Ο
482 2650 638 2728 superbia
649 2651 777 2712 cunctis
791 2651 957 2727 importa-
1012 2652 1152 2714 destruit
1174 2652 1276 2713 aliud.
1294 2651 1388 2713 Unde
1407 2652 1632 2728 Augustinus:
1650 2653 1811 2723 «eranto

160 2748 251 2815 bilis,
265 2748 416 2810 omnibus
436 2748 563 2819 odiosa,
580 2748 668 2810 inter
688 2748 800 2809 omnia
824 2748 906 2808 vitia
921 2749 956 2809 tu
1011 2750 1117 2826 magis
1132 2766 1270 2825 regnum
1292 2750 1482 2827 cupiditatis
1505 2749 1699 2821 destruitur,
1717 2750 1811 2811 tanto

51 2842 55 2849 ’
162 2862 294 2923 semper
308 2861 343 2907 es
358 2845 476 2922 prima,
488 2846 524 2906 tu
537 2861 668 2922 semper
682 2861 718 2906 es
735 2845 956 2906 ultima.Nam
1011 2847 1117 2923 magis
1131 2862 1271 2922 regnum
1291 2847 1464 2908 charitatis
1479 2848 1630 2922 augetur.
1647 2862 1665 2907 r
1682 2848 1811 2922 Regnat

162 2960 260 3006 omne
275 2944 445 3020 peccatum
455 2944 488 3003 te
497 2942 674 3004 accedente
685 2942 909 3014 committitur,
925 2946 957 3004 te
1011 2943 1156 3006 carnalis
1185 2944 1359 3021 cupiditas,
1384 2944 1440 3004 ubi
1473 2960 1540 3004 non
1563 2945 1614 3005 est
1637 2944 1698 3006 Dei
1722 2944 1809 3006 chu-

161 3041 336 3104 recedente
357 3040 545 3102 dimittitur.
575 3039 739 3117 Scriptum
763 3041 815 3102 est
840 3041 955 3101 enim:
1011 3042 1105 3104 ritas.
1131 3043 1236 3103 Terra
1256 3044 1306 3103 est
1326 3057 1405 3104 caro
1425 3041 1550 3114 nostra,
1578 3042 1664 3103 sicut
1686 3041 1811 3104 dictum

160 3140 305 3203 Initium
312 3135 955 3215 omuispeccettesisupcrdto(dcclix,
1011 3140 1061 3202 est
1079 3139 1185 3216 primo
1207 3139 1336 3200 homini
1352 3161 1359 3200 :
1378 3143 1487 3201 Terra
1505 3154 1553 3212 es,
1568 3141 1602 3200 ei
1622 3140 1811 3202 interram

163 3236 227 3316 15).
241 3240 267 3298 0
282 3236 437 3314 superbia
451 3235 675 3313 praesumptio,
693 3236 956 3313 praesumptuosa
1011 3240 1075 3299 iola
1090 3234 1185 3315 (Gen.
1202 3252 1252 3308 111,
1270 3235 1334 3316 19).

161 3335 410 3415 superbiaque
425 3350 492 3395 non
509 3333 761 3410 solumangelos
775 3336 841 3394 Deo
853 3334 957 3395 voluit
1051 3335 1109 3396 Est
1135 3335 1245 3396 autem
1271 3334 1394 3411 triplex
1412 3335 1501 3396 terra
1517 3353 1526 3395 ι
1543 3335 1634 3396 terra
1658 3351 1733 3413 quae
1760 3335 1812 3399 est

161 3434 349 3511 adequare,
367 3432 425 3493 sed
448 3431 599 3493 homines
621 3430 832 3508 praesumpsit
856 3431 955 3492 deili—
1011 3430 1071 3493 suh
1110 3432 1266 3505 homine,
1301 3432 1391 3493 terra
1420 3449 1494 3509 quae
1535 3433 1586 3494 est
1624 3433 1748 3506 homo,
1779 3436 1812 3495 et

161 3547 249 3595 care.
267 3534 370 3593 Porro
393 3545 475 3607 quos
498 3529 606 3591 erexit
629 3528 803 3606 depressit,
820 3529 853 3590 et
874 3544 956 3606 quos
1010 3530 1101 3591 terra
1136 3546 1210 3606 quae
1244 3530 1294 3591 est
1323 3545 1423 3606 super
1455 3530 1638 3591 hominem.
1669 3533 1809 3592 Terram

161 3629 323 3692 exaltavit
337 3627 534 3689 humiliavit.
547 3628 604 3688 Est
618 3628 705 3688 onim
716 3626 872 3703 superbia
888 3642 957 3688 cor·
1011 3644 1084 3704 quae
1113 3630 1165 3689 est
1192 3627 1253 3688 sub
1286 3627 1436 3700 homine,
1465 3627 1563 3689 homo
1589 3629 1716 3702 calcat3
1742 3630 1812 3690 ter-

161 3728 222 3798 dis,
241 3724 396 3802 superbia
409 3724 489 3795 oris,
505 3723 660 3799 superbia
672 3723 782 3800 operis
791 3738 850 3784 seu
861 3723 957 3784 habi·
1011 3739 1082 3785 ram
1107 3742 1179 3802 quae
1201 3724 1382 3797 esthemo,
1406 3725 1504 3788 homo
1532 3728 1661 3802 portat3
1685 3728 1811 3787 terram

160 3826 227 3887 tus.
245 3821 407 3898 Superbia
423 3819 543 3891 cordis,
563 3820 693 3896 quando
709 3820 807 3880 homo
823 3820 858 3880 in
871 3837 955 3881 ocu·
1011 3838 1084 3898 quae
1104 3823 1154 3884 est
1179 3836 1279 3900 super
1306 3823 1486 3895 hominem,
1502 3822 1601 3883 homo
1630 3822 1809 3913 desiderat.

161 3921 204 3981 lis
231 3920 301 3979 suis
326 3933 464 3992 magnus
485 3917 545 3986 est,
562 3918 678 3977 contra
701 3930 801 3992 quam
822 3917 956 3993 sapiens
1011 3921 1057 3980 De
1068 3919 1174 3995 prima
1191 3920 1350 3998 scriptum
1366 3922 1587 3982 estzDomtui
1600 3921 1652 3981 est
1667 3921 1767 3982 terre
1778 3923 1811 3982 ei

161 4017 235 4079 orat
249 4016 363 4076 dicens
381 4035 388 4072 :
405 4012 652 4074 deterrentium
666 4018 842 4073 octaorum
862 4029 957 4076 meo-
1008 4017 1184 4090 plenitudo
1208 4021 1283 4090 ejus
1308 4016 1377 4096 (Ps.
1392 4019 1443 4087 23,
1461 4017 1504 4097 1).
1526 4020 1573 4079 De
1588 4018 1734 4080 secunda
1748 4018 1810 4081 Joh

160 4127 242 4176 rum
266 4125 309 4172 ue
332 4111 469 4170 dederis
487 4109 572 4168 midi
596 4106 711 4184 (Eccli.
737 4124 835 4181 ιιιιι,
851 4109 898 4189 5).
917 4113 957 4172 Et
1011 4129 1085 4174 cum
1110 4113 1312 4177 describeret
1339 4115 1527 4193 passionem
1550 4114 1717 4190 unigeniti
1737 4117 1809 4189 Dei,

161 4208 242 4271 alibi
270 4229 277 4268 ε
318 4209 374 4268 Vre
398 4207 457 4278 put
480 4206 656 4279 sopientes
679 4206 763 4267 estis
788 4209 826 4268 tu
850 4212 956 4270 ortuis
1011 4210 1058 4272 ait
1074 4232 1082 4270 ι
1100 4215 1209 4274 Terre
1234 4212 1383 4275 dotaest
1403 4216 1441 4273 tu
1466 4227 1593 4274 mortus
1607 4210 1807 4293 trnpttdoh.

160 4307 287 4369 vestris
302 4301 359 4382 (is.
372 4318 405 4372 v,
419 4299 485 4378 21).
503 4301 665 4377 Superbia
681 4303 749 4363 cris
765 4303 818 4365 vel
833 4303 955 4380 linguae
1010 4323 1057 4380 ιιι,
1073 4306 1139 4387 21),
1157 4309 1254 4382 idest,
1275 4326 1353 4373 caro
1369 4311 1502 4382 Christi,
1518 4311 1595 4372 data
1621 4313 1673 4372 est
1694 4312 1728 4372 in
1750 4328 1811 4388 po-

162 4404 214 4466 est
227 4417 300 4479 quae
311 4399 475 4477 jactantia
490 4397 765 4477 dicitur,quando
778 4401 877 4463 homo
889 4419 955 4464 non
1010 4406 1128 4468 testate
1156 4409 1389 4484 persecutoris.
1420 4411 1466 4469 De
1481 4408 1579 4470 tertia
1606 4407 1685 4468 tiliis
1706 4411 1810 4471 lsrael

162 4500 269 4563 solum
284 4512 404 4573 magna
423 4495 464 4558 de
479 4511 515 4556 se
530 4497 641 4569 sentit,
659 4498 715 4558 sed
731 4499 832 4559 etiam
847 4499 957 4577 loqui·
1010 4502 1131 4566 dicitur
1154 4526 1161 4565 :
1184 4508 1222 4566 Si
1247 4506 1401 4581 feceritis
1421 4522 1498 4580 pute
1520 4510 1674 4581 praecept
1701 4510 1806 4578 eodm,

161 4603 225 4662 tur.
252 4595 346 4660 Unde
375 4593 521 4671 psalmus
548 4614 555 4654 :
582 4597 767 4670 Dtsperdol
788 4600 955 4660 Dominus
1010 4603 1096 4663 dorm
1111 4603 1218 4664 terrae
1229 4604 1413 4665 coneedetts
1428 4602 1537 4682 (Dent.
1549 4620 1597 4676 ιιι,
1618 4601 1681 4682 15).
1693 4604 1806 4665 Prima

160 4700 327 4760 ursteerso
346 4693 436 4755 lodie
450 4692 609 4753 dolosae!
620 4695 774 4769 ltupuem
788 4699 956 4771 moputlo-
1009 4699 1098 4761 terra
1119 4701 1170 4761 est
1191 4701 1389 4762 elementum
1413 4700 1557 4773 risibile,
1572 4700 1715 4763 secunda
1730 4716 1809 4763 cor-

160 4810 264 4870 quom
291 4790 364 4870 (Ps.
395 4790 449 4861 ll,
480 4787 531 4867 4).
564 4788 726 4865 Superbia
754 4792 864 4870 operis
892 4794 952 4866 est,
1009 4813 1070 4873 pus
1105 4798 1288 4871 materiale,
1327 4799 1427 4861 tertia
1459 4798 1580 4861 coelum
1622 4799 1807 4876 spirituale.

160 4891 291 4970 quando
306 4889 404 4951 homo
419 4887 561 4964 quadam
579 4886 747 4964 superbia,
761 4891 797 4951 ut
817 4906 954 4966 magnus
1010 4895 1121 4956 Prima
1129 4896 1219 4957 terra
1228 4897 1807 4971 mortuorum,secundamortalium,

160 4987 336 5067 appareat,
364 4985 442 5061 agit.
477 4987 525 5046 De
554 5001 619 5062 quo
653 4985 740 5047 idem
777 4988 954 5051 Psalmista
1008 4993 1313 5055 tertiaviventium.

161 5088 209 5149 ait
224 5108 232 5146 z
248 5088 327 5146 Nou
347 5083 509 5144 lmoitadtt
528 5086 565 5144 tu
588 5087 687 5145 domo
706 5100 785 5145 meo
799 5088 857 5159 qut
871 5088 954 5161 fecit
1050 5091 1205 5168 Sequitur
1229 5107 1236 5151 :
1261 5094 1364 5153 Erunt
1391 5092 1489 5154 terrae
1513 5093 1623 5154 motus
1649 5107 1710 5170 per
1736 5093 1810 5156 loca

161 5185 358 5259 superbiam
379 5177 447 5258 (Ps.
475 5179 609 5258 tour).
637 5180 799 5259 Superbia
822 5183 954 5247 habitus
1010 5186 1126 5266 (Marc.
1142 5205 1193 5260 ιιι,
1207 5188 1252 5267 8).
1279 5191 1391 5252 Terrae
1417 5191 1526 5252 motus
1554 5192 1632 5253 sunt
1656 5207 1809 5252 commo-

161 5282 222 5352 est,
251 5277 382 5356 quando
405 5275 503 5337 homo
526 5278 561 5338 ut
585 5279 754 5354 gloriosus
780 5285 951 5358 appareat,
1008 5287 1117 5348 tiones
1140 5287 1262 5362 carnis,
1284 5287 1449 5358 videlicet,
1471 5287 1603 5365 quando
1619 5304 1811 5350 commore-

161 5394 197 5441 se
223 5375 379 5455 pretiosis
404 5372 550 5435 vestibus
584 5377 690 5438 ornat.
714 5378 836 5439 Contra
868 5380 953 5456 quod
1008 5384 1062 5445 tur
1074 5384 1115 5445 ad
1126 5384 1222 5456 iram,
1234 5384 1382 5446 membra
1391 5384 1552 5461 genitalia
1567 5386 1609 5447 ad
1625 5386 1806 5458 luxuriam,

160 5473 330 5555 apostolus
357 5472 475 5532 Petrus
502 5472 603 5533 etiam
627 5473 824 5537 mulieribus
850 5477 952 5539 dicit:
1009 5483 1125 5543 oculus
1136 5482 1177 5544 ad
1188 5483 1503 5560 concupiscentiam,
1523 5499 1641 5545 manus
1658 5482 1700 5544 ad
1716 5484 1809 5562 rapi-

160 5577 238 5636 Nou
262 5573 298 5631 tn
319 5569 414 5632 ueste
436 5571 600 5644 pretiose.
622 5572 662 5633 nt
684 5573 868 5635 Dominus:
892 5579 955 5644 out
1010 5594 1098 5652 nam,
1110 5580 1211 5657 pedes
1224 5580 1264 5642 ad
1275 5580 1517 5657 evagationem,
1528 5581 1642 5658 lingua
1655 5580 1698 5642 ad
1708 5582 1809 5644 male·
