3802 6166
132 336 192 401 etl

134 500 182 561 sis
197 510 385 575 expressas,
399 493 482 557 illud
498 493 562 556 sibi
576 492 746 557 distuleris
757 492 928 565 exhibere,

134 597 176 659 ad
192 595 409 658 auferendum
422 609 552 657 omnem
564 592 780 656 dubitationis
795 609 931 671 scrupu-

133 695 203 756 lum
229 694 428 757 auctoritate
454 692 668 771 praesentium
701 691 926 764 declaramus,

134 791 222 869 quod
247 792 276 853 si
290 790 449 869 praefatus
468 790 722 852 archidiaconus
746 805 847 868 super
865 804 929 851 ex-

134 889 283 952 cessibus
298 889 449 962 notoriis,
466 904 525 966 pro
538 887 657 966 quibus
672 890 722 951 est
737 902 930 950 excommu-

134 986 313 1051 nicationis
347 986 482 1049 vinculo
519 986 721 1058 innodatus,
756 985 929 1068 emendam

134 1087 294 1162 praestare
305 1083 451 1146 voluerit
464 1085 714 1161 competentem,
736 1099 775 1145 ac
789 1084 929 1162 postmo-

134 1183 214 1244 dum
228 1199 287 1261 pro
296 1180 350 1243 his
364 1184 398 1244 et
410 1182 486 1244 aliis
500 1181 813 1245 sufficientissimam
825 1198 930 1260 praes-

135 1282 242 1343 titerlt
262 1281 461 1353 cautionem,
477 1297 530 1352 ne,
552 1281 638 1358 quod
657 1280 758 1354 absit,
786 1280 881 1343 nobis
897 1280 930 1343 et

135 1379 292 1440 Ecclesiae
314 1379 436 1456 saepius
459 1378 629 1451 illudatur,
653 1379 739 1457 quod
763 1378 928 1441 mandatis

134 1476 259 1538 uostris
285 1476 437 1537 omnibus
466 1477 539 1538 sine
568 1477 762 1540 difficultate
788 1476 926 1555 parebit,

134 1592 209 1637 cum
226 1576 417 1652 jnramento
432 1573 537 1652 ipsius
552 1575 637 1653 quod
662 1575 698 1636 in
712 1575 863 1653 pluribus
879 1576 929 1637 est

135 1674 366 1748 transgressus
382 1672 516 1735 credere
536 1689 601 1735 non
621 1673 797 1752 possimne,
821 1675 927 1736 eidem

135 1771 354 1832 absolutionis
369 1771 566 1833 beneficium
582 1773 732 1849 poteritis
743 1773 905 1851 impertiri
918 1795 925 1849 ;

135 1870 326 1946 processuri
341 1870 549 1946 postmodum
566 1870 602 1931 in
616 1871 780 1934 mandatis
795 1870 927 1933 facien-

134 1967 187 2028 dis
198 1967 305 2029 eidem
317 1968 415 2046 prout
426 1969 539 2045 postea
552 1969 704 2047 rescripti
715 1969 821 2031 nostri
833 1970 929 2032 tenor

133 2081 193 2127 vos
208 2066 331 2142 poterit
343 2065 492 2127 edocere.
511 2066 546 2128 Si
560 2082 639 2128 vero
653 2067 701 2129 sic
715 2066 816 2129 fuerit
830 2067 929 2129 iudu-

133 2165 227 2224 ratus
243 2163 329 2240 quod
347 2163 431 2225 nolit
445 2180 545 2242 super
559 2163 750 2227 excessibus
765 2165 835 2227 suis
855 2180 928 2226 nos·

132 2260 195 2323 tris
210 2259 414 2336 jussionibus
429 2261 574 2333 obedire,
591 2280 650 2325 vos
666 2280 727 2341 per
738 2264 927 2342 provincias

132 2361 263 2420 vestras
278 2359 419 2436 singulis
434 2360 609 2423 dominicis
624 2361 739 2423 diebus
753 2363 786 2424 et
799 2362 928 2425 festivis

131 2456 254 2534 ipsum,
268 2456 409 2535 pulsatis
420 2460 590 2537 campanis
602 2460 635 2522 et
649 2461 797 2523 candelis
808 2477 929 2523 accen-

132 2556 191 2627 sis,
208 2557 528 2618 excommunicatum
549 2557 681 2620 faciatis
698 2558 828 2636 publice
849 2576 930 2621 666-

130 2653 266 2727 tiari,ut
275 2654 630 2734 saltimcorampopulo
641 2657 861 2719 confundatur
870 2658 927 2736 qui

134 2754 239 2814 Deum
261 2770 327 2816 uon
353 2754 447 2817 timet
464 2756 497 2818 et
511 2756 694 2834 periculum
718 2758 839 2820 animae
861 2774 928 2821 nou

134 2853 278 2913 veretur.
293 2854 470 2929 speramus
485 2856 593 2915 autem
609 2855 644 2915 in
659 2848 758 2917 biset
777 2856 853 2918 aliis
867 2874 927 2920 vos

132 2948 245 3010 taliter
264 2950 445 3011 secundum
464 2950 610 3014 debitum
630 2954 806 3031 pastoralis
825 2955 927 3018 officii

131 3048 269 3108 auctore
282 3049 421 3110 Domino
436 3065 663 3126 processuros,
680 3053 766 3129 quod
782 3055 926 3116 studium

130 3143 370 3206 sollicitudinis
384 3149 503 3209 vestrae
526 3149 689 3211 clarescet
703 3151 738 3211 in
751 3152 923 3228 operibus,

129 3245 163 3305 et
178 3243 370 3320 operabitur
392 3245 481 3307 circa
496 3246 644 3309 subditos
664 3248 924 3312 incrementum:

128 3357 190 3403 nos
210 3358 340 3420 quoque
360 3342 565 3420 diligentiam
584 3348 730 3408 vestram
744 3348 926 3426 poterimus

127 3439 164 3499 in
176 3440 315 3502 Domino
330 3441 449 3503 merito
464 3444 707 3506 commendare.

166 3537 286 3599 Datum
299 3539 471 3609 Laterani,
486 3540 639 3603 kalendis
654 3541 826 3616 februarii,
847 3561 927 3624 pon·

125 3635 274 3698 tidcatus
283 3638 390 3699 nostri
405 3652 492 3701 anno
506 3640 624 3717 primo.

459 3853 590 3942 CXCV

246 4023 299 4083 Ad
312 4024 506 4098 episcopum
524 4026 801 4090 Noctemensem.

423 4173 441 4231 ³
460 4171 530 4230 febr.
546 4174 624 4233 fill.

155 4304 278 4371 [liegest.,
289 4302 334 4353 lib.
345 4305 365 4363 l,
379 4304 454 4369 epist.
466 4305 523 4357 iit.
537 4306 597 4358 llss.
611 4307 647 4358 La
658 4308 736 4360 Porta
748 4309 782 4360 du
795 4310 890 4377 rhein]

126 4455 312 4514 Noviomensi
332 4456 467 4531 episcopo
499 4458 651 4517 confirmat
673 4458 867 4534 indulgentias
892 4464 921 4521 in

151 4545 289 4611 ¹Concilio
324 4547 453 4620 generali
489 4549 674 4606 Lateranenei
714 4553 922 4627 crucesignatis

158 4650 325 4694 concessas.

161 4798 342 4872 Honorius,
356 4798 431 4871 etc,
446 4800 630 4863 venerabili
645 4802 743 4864 fratri
765 4804 920 4885 episcopo

123 4895 319 4956 Noviomen.

160 4994 244 5053 Cum
259 4993 294 5052 in
309 4994 459 5069 generali
475 4995 623 5057 Concilio
638 4999 790 5060 omnibus
805 5002 863 5078 qui
875 5001 920 5063 la·

120 5087 234 5150 berem
245 5092 524 5167 peregrinationis
535 5093 576 5154 ad
585 5096 696 5157 Terras
708 5098 837 5160 Sanctae
846 5099 920 5160 sub·

120 5187 242 5248 sidium
272 5188 306 5248 in
334 5189 477 5266 propriis
511 5193 661 5268 personis
698 5193 860 5258 subierint
887 5199 920 5259 et

119 5285 291 5363 expensis,
320 5286 419 5364 plena
449 5304 586 5350 suorum
612 5293 851 5366 peccaminum,
878 5296 919 5358 de

119 5382 241 5459 quibus
265 5385 431 5446 veraciter
453 5384 577 5449 fuerint
600 5389 698 5449 corde
724 5392 858 5453 contriti
886 5397 919 5455 et

119 5497 177 5542 ore
189 5480 344 5553 confessi,
361 5483 458 5544 venia
480 5483 523 5546 sit
542 5501 709 5559 concessa,
727 5491 759 5550 et
772 5489 805 5552 in
818 5491 919 5553 retri-

118 5576 256 5640 butione
267 5581 436 5658 justorum
460 5581 578 5643 salutis
598 5584 731 5647 aeternae
748 5590 917 5666 provisum

119 5678 348 5754 augmentum
362 5680 396 5741 et
415 5677 533 5759 eisqui
549 5697 614 5744 666
635 5672 669 5744 iu
682 5688 918 5769 6666116661-

773 330 1003 395 EPISTOLAE.
1026 331 1105 394 LlB.
1128 331 1153 395 1.

1724 336 1786 399 242

983 493 1076 556 sonis
1089 494 1169 557 illuc
1181 494 1395 569 accesserint,
1410 494 1518 559 sedin
1535 496 1606 558 6616
1621 494 1784 560 duntaxat

984 592 1140 669 expensis
1163 595 1260 673 juxta
1299 594 1490 657 facultatem
1525 595 1558 657 et
1589 595 1782 674 qualitatem

984 705 1078 750 suam
1092 690 1183 752 viros
1205 691 1343 754 idoneos
1358 691 1570 768 deslinarint;
1595 708 1634 754 66
1653 692 1722 754 11116
1734 693 1785 754 si-

983 787 1107 849 militer
1121 788 1177 866 qui
1190 789 1269 851 licet
1291 788 1327 850 in
1348 790 1468 851 alienis
1483 791 1639 868 expensis
1654 790 1688 851 in
1704 806 1784 869 pro-

983 886 1066 962 priis
1077 887 1189 949 tamen
1202 888 1354 965 personis
1367 889 1580 961 accesserint,
1598 889 1695 967 plena
1708 904 1783 951 suo·

983 998 1057 1044 rum
1071 984 1170 1046 venia
1184 987 1406 1062 peccatorum,
1419 988 1452 1048 et
1461 986 1561 1067 hujus
1573 985 1781 1049 remissionis

984 1095 1176 1142 concessum
1189 1082 1243 1155 sit,
1258 1098 1331 1145 esse
1343 1083 1522 1161 participes
1533 1084 1632 1163 juxta
1643 1082 1781 1161 quanti·

982 1178 1084 1239 tatem
1100 1178 1239 1241 subsidii
1253 1182 1287 1242 61
1300 1180 1486 1243 devotionis
1499 1180 1655 1243 affectum
1666 1194 1781 1242 omnes

983 1275 1039 1353 qui
1054 1275 1096 1337 ad
1111 1275 1363 1340 subventionem
1378 1279 1483 1356 ipsius
1500 1278 1599 1341 terrae
1619 1278 1659 1339 de
1683 1277 1780 1339 bonis

983 1373 1053 1433 suis
1068 1388 1214 1451 congrue
1228 1375 1503 1448 ministraverint,
1517 1376 1575 1438 aut
1589 1375 1678 1439 circa
1693 1391 1782 1453 prae-

983 1469 1071 1532 dicta
1095 1472 1270 1533 consilium
1294 1474 1350 1536 vel
1371 1473 1537 1535 auxilium
1560 1472 1783 1551 impenderint

983 1569 1215 1645 opportunum,
1232 1586 1292 1631 nos
1309 1571 1350 1631 de
1363 1571 1597 1649 omnipotentis
1610 1571 1667 1632 bei
1685 1570 1782 1631 mise·

982 1667 1139 1739 ricordia,
1154 1670 1187 1729 61
1200 1666 1371 1730 beatorum
1388 1670 1477 1731 Petri
1490 1670 1523 1730 et
1536 1668 1633 1730 Pauli
1646 1667 1783 1745 aposto-

982 1762 1090 1825 lorum
1103 1766 1299 1827 anctoritate
1315 1767 1442 1839 contisi,
1459 1766 1649 1844 hujusmodi
1663 1764 1780 1826 indul-

982 1861 1127 1937 gentiam
1152 1863 1386 1925 conflrmantes
1417 1864 1553 1938 eisdem,
1578 1862 1781 1926 fraternitati

981 1958 1048 2020 tuae
1080 1975 1140 2036 per
1169 1961 1360 2037 Apostolica
1398 1962 1522 2040 scripta
1555 1959 1780 2040 praecipiendo

982 2056 1189 2124 mandamus,
1202 2061 1365 2134 quatenus
1380 2059 1452 2120 baec
1464 2075 1523 2137 per
1538 2074 1651 2121 omnes
1666 2057 1779 2120 eccle·

982 2153 1050 2214 sias
1064 2154 1131 2215 tuae
1152 2152 1305 2217 dioecesis
1318 2157 1512 2218 annuntiari
1527 2157 1717 2233 frequenter
1728 2154 1781 2216 16-

983 2252 1063 2324 cias,
1080 2254 1117 2314 61
1128 2253 1194 2313 tam
1203 2255 1426 2330 crucesignati
1437 2270 1535 2332 quam
1551 2254 1651 2315 etiam
1662 2268 1781 2315 cruce-

982 2349 1136 2425 signandi
1151 2365 1209 2428 per
1228 2351 1290 2413 boc
1314 2353 1457 2414 animari
1471 2352 1606 2415 valeant
1620 2351 1662 2413 ad
1677 2350 1777 2413 obse-

982 2447 1096 2524 quium
1109 2450 1190 2511 Jesu
1205 2449 1338 2512 Christi.
1357 2451 1475 2512 Datum
1498 2449 1666 2522 Laterani,
1679 2448 1779 2511 tertio

982 2559 1088 2606 nonas
1107 2545 1278 2620 februarii,
1311 2548 1531 2627 pontificatus
1555 2546 1661 2610 nostri
1689 2561 1779 2609 anno

982 2658 1098 2719 primo.

1309 2826 1460 2913 CXCVI

980 2986 1033 3045 Ad
1057 2988 1245 3049 Bercldem
1274 2992 1432 3065 priorem
1460 2989 1494 3051 et
1516 2988 1649 3063 fratres
1669 2985 1780 3060 jacta

1073 3086 1220 3158 Specum
1228 3088 1263 3149 S.
1280 3087 1457 3148 Benedicti
1471 3086 1685 3148 corastttatoe.

1275 3215 1382 3274 31616.
1404 3217 1482 3275 1117.

1100 3302 1273 3369 [spicilegium
1285 3305 1456 3355 liberianum.
1470 3320 1497 3370 p.
1510 3304 1566 3365 711,
1579 3319 1605 3356 6.
1620 3304 1655 3371 1.]

981 3436 1100 3496 beraldo
1113 3439 1199 3512 priori
1216 3446 1245 3496 et
1258 3437 1392 3499 iratribus
1404 3441 1484 3513 juxta
1501 3441 1623 3513 Specum
1639 3442 1668 3499 S.
1684 3442 1776 3499 liene·

1015 3525 1082 3584 dicti
1114 3528 1275 3585 constitutis
1306 3529 1524 3587 coricessionem
1561 3544 1612 3587 sex
1640 3528 1777 3587 librarum

1015 3616 1123 3674 usualis
1148 3624 1281 3686 moneta,
1297 3632 1369 3690 quas
1394 3616 1430 3675 de
1456 3632 1552 3675 annuo
1575 3632 1665 3675 censu
1690 3618 1777 3679 castri

1015 3694 1141 3764 Portiani
1171 3706 1329 3764 secundum
1357 3714 1486 3765 tenorem
1514 3708 1656 3781 privilegii
1687 3710 1774 3766 1666-

1015 3795 1102 3852 centii
1115 3797 1155 3854 111
1170 3795 1276 3853 debent
1294 3797 1451 3869 percipere,
1467 3803 1559 3855 ratam
1577 3796 1673 3856 babet.

1020 3923 1187 3985 Honorius
1202 3923 1387 4002 episcopus,
1396 3940 1512 3986 servus
1523 3941 1695 3987 servorum
1702 3925 1774 3999 Dei,

978 4021 1107 4083 dilectis
1123 4023 1311 4085 constitutis
1336 4023 1477 4086 salutem
1502 4024 1535 4086 et
1557 4023 1774 4101 apostolicam

977 4119 1251 4182 benedictionem.

1017 4220 1063 4279 Ea
1079 4234 1151 4296 quae
1167 4219 1232 4295 piis
1247 4219 1330 4281 locis
1344 4219 1478 4296 pietatis
1496 4220 1619 4282 intuitu
1634 4219 1772 4297 provide

977 4317 1203 4379 conceduntur
1222 4332 1283 4378 666
1305 4318 1498 4394 posteritate
1512 4317 1632 4379 debent
1654 4317 1772 4390 minui,

976 4429 1038 4475 uec
1051 4414 1238 4476 temeritate
1253 4414 1419 4491 convelli3
1437 4416 1492 4477 sed
1510 4432 1624 4477 eorum
1645 4414 1774 4490 integre

976 4512 1053 4573 sunt
1081 4512 1195 4578 usibus
1218 4512 1431 4586 reservanda,
1457 4513 1576 4590 quibus
1599 4512 1677 4574 sunt
1700 4512 1772 4573 cir-

976 4610 1166 4687 cumspecta
1181 4610 1381 4673 liberalitate
1395 4627 1563 4673 concessa.
1579 4610 1771 4687 Eapropter,

975 4707 1087 4769 dilecti
1103 4709 1137 4768 in
1160 4709 1386 4782 1166166111ἰί,
1411 4707 1628 4786 petitionibus
1650 4707 1771 4768 vestris

974 4807 1145 4882 gratanter
1171 4807 1371 4882 annuimus,
1393 4810 1427 4867 et
1447 4806 1696 4866 concessionem
1712 4819 1773 4867 sex

974 4903 1133 4964 librarum
1157 4904 1284 4964 usualis
1305 4906 1457 4975 monetae,
1482 4920 1564 4982 quas
1593 4903 1633 4964 de
1659 4917 1771 4965 annuo

974 5018 1076 5064 censu
1100 5001 1201 5063 castri
1223 5001 1384 5073 Portiani,
1411 5002 1592 5063 secundum
1620 5003 1771 5064 tenorem

973 5099 1141 5176 privilegii
1175 5099 1283 5161 felicis
1314 5100 1556 5162 recordationis
1585 5098 1773 5162 innocentii

974 5200 1073 5274 Papae
1091 5197 1347 5275 praedecessoris
1372 5198 1487 5269 nostri,
1512 5198 1638 5261 debetis
1658 5197 1772 5276 perci-

972 5311 1052 5372 pere
1083 5296 1270 5366 aunuatim,
1296 5295 1403 5356 ratam
1432 5295 1593 5357 babemus
1628 5297 1661 5359 61
1693 5311 1767 5357 666

972 5392 1146 5470 presentis
1171 5392 1286 5469 scripti
1305 5393 1491 5470 patrocinio
1505 5393 1769 5455 communimus:

972 5494 1120 5553 tenorem
1142 5491 1251 5552 autem
1267 5492 1435 5569 privilegii
1448 5492 1527 5554 dicti
1545 5494 1772 5570 praedecesso-

972 5589 1020 5651 ris
1035 5589 1140 5651 nostri
1161 5589 1317 5666 prasenti
1343 5591 1516 5668 scripturae
1531 5591 1687 5653 duximus
1702 5605 1768 5651 an-

972 5687 1169 5751 nectendum
1193 5709 1201 5748 :
1220 5688 1395 5752 astantem
1407 5689 1496 5752 talis.
