3802 6166
1084 186 1098 219 1

137 274 195 337 291
359 314 362 321 ·
503 296 508 305 ·
590 273 767 337 HONORII
787 276 833 336 111
848 276 996 338 OPERA.
1017 303 1058 321 -
1079 276 1312 339 SERMONES.
1718 281 1780 342 292

178 433 320 494 ’188188
339 430 931 511 881811118118881888888188-
985 448 1074 507 mus,
1090 437 1178 509 8881
1190 438 1435 498 8888118811188
1446 451 1566 499 salerius
1586 437 1680 517 (Luc.
1696 454 1782 513 xvii,

137 531 194 593 818
216 546 277 591 888
296 529 386 592 dedit
409 529 515 591 nobis.
536 530 657 591 Filium
676 545 819 608 namque
836 531 932 595 nobis
987 529 1051 608 10).
1067 532 1168 605 Quasi
1182 532 1307 595 diceret
1322 551 1330 593 :
1345 532 1584 595 Bonaiecimus
1600 551 1666 597 non
1684 536 1781 610 bene,

138 627 229 689 dedit
254 626 295 688 ad
316 627 588 704 redemptionem,
611 629 697 690 sicut
721 629 801 690 dicit
825 631 933 706 Apos-
986 645 1052 690 non
1067 644 1159 706 pure,
1185 630 1218 692 et
1239 630 1314 692 ideo
1329 630 1494 692 inutiliter
1515 632 1665 694 fecimus.
1690 634 1784 696 Sicut

136 725 224 787 tolus
240 728 505 799 :propriorum
515 740 578 786 suo
591 740 659 787 888
667 727 818 800 pepercit
827 729 929 799 Deus,
986 726 1015 786 si
1030 726 1150 803 aliquis
1177 726 1255 788 facit
1270 728 1515 805 eleemosynam
1527 745 1586 804 pro
1601 746 1687 791 vana
1705 731 1782 806 glo-

135 820 928 903 8888888818888818888881811188881188.
985 823 1289 897 8181888818811,
1315 826 1372 887 881
1399 842 1465 887 888
1485 825 1580 898 1888,
1604 843 1670 888 888
1686 846 1781 905 pure.

135 935 207 991 vui,
222 918 287 998 32),
306 919 466 996 Spiritum
476 935 572 980 suum
587 919 629 980 ad
644 922 792 981 nostram
806 921 932 983 sancti·
985 923 1025 982 Et
1039 921 1087 983 118
1101 920 1142 983 18
1155 922 1232 983 81118
1251 921 1347 984 18818
1360 923 1515 1000 operibus
1526 923 1592 985 dici
1602 927 1718 1001 potest.
1736 929 1783 988 De

135 1018 334 1079 ficationem.
348 1017 388 1078 at
399 1016 485 1079 sicut
497 1017 676 1095 pereleum
686 1018 860 1095 episcopus
875 1034 932 1095 pu·
985 1014 1049 1076 hac
1062 1015 1187 1093 triplici
1209 1018 1434 1091 miseratione,
1451 1034 1550 1096 quam
1566 1020 1664 1081 bomo
1686 1021 1783 1084 debet

134 1115 245 1177 riiicat
258 1130 406 1176 888888
421 1115 548 1186 altaris,
565 1115 612 1176 118
627 1116 770 1192 Spiritus
791 1116 931 1178 Sanctus
985 1112 1108 1175 babere
1122 1115 1213 1177 circa
1228 1131 1263 1177 se
1277 1116 1397 1192 ipsum,
1412 1117 1493 1178 dicit
1504 1119 1758 1181 Ecclesiasticus
1773 1142 1781 1180 ε

135 1212 289 1290 purificat
312 1228 370 1274 cor
388 1215 537 1274 nostrum
563 1212 604 1274 ab
624 1213 775 1275 omnibus
790 1214 880 1275 vitiis
899 1215 933 1277 et
984 1215 1156 1274 Miserere
1180 1217 1309 1275 881888
1332 1215 1401 1274 tuce
1417 1220 1558 1287 pisceus
1571 1220 1643 1277 Deo
1664 1215 1780 1295 (Eccli.

134 1312 291 1388 peccatis,
314 1311 441 1373 etfacit
458 1311 541 1372 illud
557 1312 703 1373 immune
716 1312 758 1373 ab
773 1328 824 1385 eo,
840 1315 873 1376 et
891 1313 932 1374 de
984 1325 1066 1380 xxx,
1082 1308 1148 1388 24).
1165 1310 1227 1372 Sed
1244 1312 1321 1388 quia
1341 1312 1526 1388 compassio
1550 1314 1670 1375 mentis
1685 1314 1782 1377 debet

135 1409 208 1486 ipsa
222 1409 429 1471 immunitate
444 1408 524 1471 iacit
535 1410 773 1472 conscientiam
786 1410 931 1472 hominis
985 1422 1059 1467 esse
1072 1423 1146 1469 cum
1157 1407 1362 1471 exhibitione
1375 1410 1497 1486 operis,
1513 1409 1655 1472 11811881
1664 1427 1782 1475 888888

135 1506 281 1583 gaudere
294 1508 327 1568 et
337 1505 455 1568 laetari.
473 1509 519 1568 De
533 1507 596 1569 hoc
611 1508 684 1569 oleo
697 1508 857 1581 Christus,
875 1508 931 1586 qui
985 1504 1025 1565 de
1038 1504 1123 1565 oleo.
1140 1505 1233 1567 Unde
1249 1506 1426 1567 Psalmista
1441 1524 1449 1566 :
1465 1508 1595 1569 Beatus
1608 1513 1783 1583 8818888·

135 1604 222 1680 lapis
236 1604 366 1675 dicitur,
380 1603 567 1666 luitunctus
577 1621 643 1666 888
655 1605 729 1667 8188
740 1605 863 1667 visibili
873 1605 930 1666 sed
984 1603 1086 1663 retur
1099 1603 1132 1663 81
1146 1604 1338 1665 commodat
1360 1602 1429 1683 (Ps.
1445 1605 1515 1676 111,
1530 1603 1577 1684 5).
1593 1607 1655 1679 Qui
1670 1610 1782 1669 mente

134 1700 308 1773 invisibili,
321 1700 417 1773 idest,
427 1701 535 1778 gratia
549 1702 693 1778 Spiritus
703 1702 827 1764 Sancti.
837 1702 931 1765 Unde
984 1700 1172 1770 miseretur,
1187 1701 1372 1763 commodat
1382 1717 1493 1777 opere.

133 1798 237 1860 David
255 1815 263 1859 :
283 1799 656 1870 1188111811888,11888
671 1801 751 1862 tuus
765 1802 932 1863 81881811·
1026 1796 1090 1858 Sed
1107 1799 1206 1874 juxta
1221 1798 1421 1875 praeceptum
1436 1799 1566 1860 Domini
1586 1799 1635 1860 sic
1649 1800 1783 1863 luceant

135 1895 194 1956 tue
201 1910 281 1968 prm
295 1896 509 1957 coriserttbus
524 1896 593 1958 tuis
617 1895 686 1974 (Ps.
702 1900 752 1969 41,
773 1895 818 1975 8),
832 1897 928 1969 11881,
985 1909 1096 1970 opera,
1114 1894 1150 1956 ut
1163 1894 1367 1969 glorificetur
1381 1898 1478 1957 Deus.
1495 1895 1572 1958 Ideo
1590 1899 1782 1960 necessaria

133 1993 308 2069 plusquam
323 2007 439 2054 omnes
456 1994 589 2055 8888188
604 1994 661 2070 881
679 1993 812 2057 suerunt
827 1995 932 2071 parti-
985 1991 1132 2052 8811888
1152 1991 1250 2052 1888.
1264 1993 1404 2069 Propter
1417 1993 1480 2054 boc
1504 1994 1587 2057 11881
1608 1996 1781 2057 88888818

134 2089 225 2166 cipes
238 2090 355 2165 gratiae
370 2092 454 2166 ejus,
468 2090 564 2158 idest,
581 2090 713 2157 Christi,
726 2092 805 2169 quia
818 2093 929 2154 unctio
984 2088 1173 2150 chrismate.
1190 2086 1341 2150 chrisma
1360 2091 1489 2153 constat
1512 2107 1554 2152 ex
1572 2091 1722 2154 balsamo
1748 2096 1782 2156 et

42 2254 45 2259 ,
133 2187 324 2264 expressius
332 2187 486 2249 convenit
498 2187 628 2249 Christo
641 2205 740 2265 quam
752 2189 839 2261 aliis,
852 2190 929 2266 quia
985 2186 1068 2247 8188.
1084 2186 1272 2247 Β8188888
1288 2186 1421 2263 propter
1432 2187 1555 2249 bonum
1570 2189 1717 2263 odorem,
1734 2191 1783 2250 si·

43 2282 46 2289 ’
134 2301 202 2362 prae
218 2283 369 2345 omnibus
387 2284 464 2345 aliis
484 2285 580 2345 unxit
599 2301 675 2346 eum
690 2288 776 2347 Deus
805 2287 846 2348 ad
868 2285 931 2347 ha·
983 2283 1120 2358 gnificat
1131 2283 1251 2345 bonam
1266 2283 1398 2345 tamam.
1415 2284 1577 2347 Debemus
1591 2302 1671 2362 ergo
1684 2303 1780 2348 corn-

133 2381 276 2443 bendum
291 2381 530 2458 plenitudinem
550 2382 721 2455 donorum,
743 2384 821 2460 quia
845 2383 930 2445 sicut
983 2381 1171 2457 passionem
1184 2382 1220 2441 in
1235 2384 1344 2443 mente
1354 2398 1429 2443 cum
1440 2382 1518 2443 boni
1533 2384 1643 2459 operis
1654 2384 1782 2445 exhibi-

132 2479 213 2542 dicit
229 2481 373 2541 ioannes
392 2494 400 2539 :
419 2483 469 2541 De
478 2481 692 2553 818811181188
711 2483 786 2553 ejus
811 2496 929 2543 omues
982 2478 1084 2540 tione.
1101 2477 1164 2539 Sed
1189 2478 1781 2543 1888888811181181888188818888

131 2579 325 2649 occepimus
338 2575 447 2653 (1888.
464 2592 487 2649 1,
504 2575 567 2655 16).
584 2577 727 2669 1188888
746 2578 929 2639 88811811-
983 2575 1200 2637 1888811818
1221 2576 1431 2638 1881888888
1446 2577 1486 2637 18
1512 2576 1585 2638 8188
1605 2579 1639 2640 81
1664 2578 1779 2639 81818-

132 2673 219 2735 citur
255 2672 406 2733 Christus
438 2673 498 2749 qui
529 2675 647 2735 unctus
678 2674 926 2749 interpretatur.
982 2674 1080 2733 mate.
1093 2672 1165 2743 Vel,
1182 2688 1241 2749 per
1255 2673 1400 2750 quinque
1416 2689 1532 2735 cruces
1548 2674 1693 2751 8818888
1707 2691 1782 2737 sen·

133 2769 252 2832 1188118
280 2769 434 2844 designat
456 2769 703 2831 misericordias
724 2770 822 2846 juxta
844 2770 927 2831 illud
983 2784 1039 2829 sus
1054 2769 1203 2845 corporis
1218 2771 1323 2831 nostri
1338 2772 1581 2846 intelliguntur,
1596 2773 1651 2849 qui
1666 2772 1780 2849 dupli·

130 2866 334 2941 Evangeliia
364 2866 582 2941 1188888881
608 2868 717 2939 18888,
746 2868 928 2943 etfaciam
982 2866 1100 2926 cantur
1109 2864 1365 2927 atindenarium
1376 2869 1527 2943 surgunt.
1539 2867 1622 2941 Quia
1633 2869 1779 2946 quinque

131 2965 320 3026 1888181888
335 2961 466 3041 (118111.
482 2967 528 3036 vi,
543 2961 608 3043 17).
981 2960 1134 3023 sensibus
1149 2963 1297 3039 corporis
1312 2963 1395 3025 1888
1410 2965 1532 3026 818818
1547 2968 1581 3027 81
1604 2981 1665 3027 888
1688 2967 1779 3043 ipsos

171 3061 321 3137 Quinque
346 3076 462 3122 cruces
487 3060 527 3122 de
551 3060 624 3122 oleo
648 3061 838 3137 significant
857 3077 929 3125 me·
981 3059 1194 3132 custodimus,
1223 3060 1256 3122 et
1281 3060 1365 3121 81188
1394 3062 1544 3138 exemplo
1570 3064 1604 3123 et
1628 3063 1778 3125 doctrina

130 3158 271 3220 moriam
282 3159 475 3236 passionum
489 3159 623 3228 Christi,
639 3159 717 3236 quia
731 3176 862 3237 semper
874 3160 928 3222 de·
980 3157 1136 3219 88818818
1146 3156 1232 3219 1888
1241 3158 1486 3220 8881888888.
1500 3159 1593 3221 Unde
1603 3160 1661 3222 ille
1670 3160 1778 3224 bonus

129 3256 439 3333 bemuspassiouem
448 3256 924 3331 Christibabereinmemoria,
981 3254 1168 3330 negotiator
1198 3254 1403 3330 gloriabatur
1425 3257 1538 3318 dicens
1566 3273 1574 3318 :
1604 3262 1693 3320 Ecce
1707 3263 1777 3323 8118

129 3370 229 3431 quam
240 3355 312 3431 ipse
325 3354 360 3415 in
373 3370 471 3416 cruce
483 3370 544 3432 pro
557 3353 652 3415 nobis
662 3355 820 3418 sustinuit
832 3372 926 3434 prop·
979 3356 1126 3427 quiaque
1146 3355 1407 3428 superlucratus
1428 3370 1507 3417 sum
1534 3355 1665 3435 (Mattb.
1694 3372 1776 3429 xxv,

128 3453 180 3514 ter
194 3467 256 3513 nos
269 3453 305 3512 in
317 3452 470 3513 manibus
483 3453 558 3513 etin
571 3451 708 3529 pedibus
719 3455 751 3515 81
762 3453 923 3517 18181888.
977 3448 1043 3528 20).

128 3549 280 3627 Quinque
295 3564 410 3611 cruces
425 3550 466 3611 18
486 3551 559 3612 8188
583 3550 654 3613 sive
677 3551 812 3613 olearias
827 3552 926 3629 quin·
1019 3546 1169 3623 Quinque
1195 3549 1273 3608 8881
1293 3563 1409 3609 sensus
1435 3548 1637 3625 corporales,
1656 3549 1776 3627 quibus

128 3664 192 3724 que
213 3647 389 3723 designant
409 3648 659 3724 compassiones
680 3648 825 3710 miseriae
851 3666 924 3726 quae
979 3644 1091 3706 anima
1104 3659 1223 3721 corpus
1238 3660 1333 3712 suum
1349 3646 1543 3707 8888111881.
1561 3648 1604 3708 Ut
1623 3645 1664 3706 ab
1686 3647 1776 3708 1818-

128 3744 223 3805 88118
236 3746 314 3805 8881
328 3744 538 3805 necessariae.
556 3746 700 3806 Necesse
713 3746 763 3807 est
786 3746 875 3806 enim
889 3749 925 3808 ut
978 3740 1060 3801 riori
1075 3740 1273 3818 incipiamus
1290 3758 1298 3801 t
1315 3744 1434 3814 188188,
1459 3745 1587 3818 gustus,
1604 3744 1773 3818 81888188,

127 3841 326 3902 8188888188
357 3840 456 3901 1888
493 3838 635 3913 Christe,
668 3841 817 3917 passioni
851 3845 923 3919 8188
979 3837 1121 3910 8811188,
1137 3838 1242 3900 visus.
1261 3839 1421 3901 Similiter
1435 3840 1579 3917 quinque
1601 3840 1775 3905 8881888-

127 3937 368 4014 88888118818.
387 3937 480 3999 Unde
492 3937 553 3999 Job
568 3937 603 3998 in
615 3953 758 4014 persona
773 3938 896 4001 Christi
914 3957 921 4001 :
979 3950 1035 3995 sus
1050 3935 1251 4011 spirituales,
1268 3936 1385 4013 quibus
1400 3937 1545 3998 charitas
1560 3937 1707 3999 animam
1723 3939 1776 4000 81-

125 4037 343 4097 Miseremini
355 4037 435 4106 8881,
446 4038 662 4097 miseremini
671 4038 740 4097 1881
753 4033 840 4114 (Job.
850 4053 921 4111 xix,
977 4032 1090 4094 vificat
1105 4048 1112 4093 :
1129 4048 1223 4093 amor
1237 4034 1395 4105 carnalis,
1410 4049 1504 4096 amor
1518 4035 1663 4108 socialis,
1681 4051 1776 4099 amor

125 4130 192 4211 21).
210 4131 345 4208 Oportet
354 4131 454 4192 etiam
466 4132 503 4195 81
515 4131 716 4194 8188888188
729 4133 827 4194 1888
840 4149 923 4211 pro·
977 4129 1152 4202 naturalis,
1175 4145 1269 4191 amor
1287 4131 1484 4208 spiritualis,
1509 4147 1603 4193 amor
1628 4132 1773 4196 divinus.

125 4230 229 4301 ximo,
246 4228 377 4307 quando
392 4229 580 4293 videtmala
592 4230 736 4307 proximi
751 4231 814 4292 sui.
830 4233 923 4298 Unde
979 4227 1070 4289 Sicut
1095 4241 1154 4303 per
1172 4227 1317 4304 quinque
1339 4244 1456 4290 sensus
1483 4229 1687 4305 corporales,
1702 4247 1776 4292 me-

125 4327 378 4390 Ecclesiasticus
408 4342 416 4387 :
444 4329 625 4391 1118888118
652 4333 801 4393 bominis
828 4336 923 4395 eirca
977 4323 1183 4397 (1111111118,
1199 4340 1320 4401 corpus
1335 4326 1454 4387 animae
1472 4327 1697 4403 conjungitur,
1725 4329 1772 4391 118

51 4452 54 4457 -
121 4423 923 4507 88881818888811(Ε8811.8118,1210888181
976 4421 1199 4500 8888818888
1227 4438 1344 4485 sensus
1372 4423 1573 4500 spirituales,
1605 4426 1774 4488 mediante

124 4523 226 4584 etiam
257 4523 293 4583 ut
315 4521 514 4584 misereatur
540 4522 603 4583 sibi
629 4524 693 4599 ipsi
720 4525 919 4601 tripliciter:
975 4520 1147 4592 charitate,
1173 4520 1285 4581 anima
1311 4522 1378 4581 uso
1407 4522 1632 4585 consecratur·
1656 4524 1773 4584 Tactui

124 4636 185 4699 pre
195 4619 392 4692 commissis,
404 4635 464 4698 pro
475 4619 618 4692 omissis,
635 4636 695 4697 pro
705 4621 801 4684 bonis
810 4625 920 4687 minus
975 4618 1185 4696 eomparatur
1211 4633 1305 4679 amor
1326 4618 1471 4680 carnalis
1496 4621 1682 4697 parentum.
1708 4621 1771 4682 Sed

124 4734 207 4796 pure
234 4717 342 4780 lactis.
371 4717 451 4780 Vult
475 4718 634 4781 Dominus
661 4721 697 4782 81
725 4721 919 4797 plangamus
974 4716 1052 4793 quia
1065 4715 1150 4776 sicut
1165 4730 1283 4792 corpus
1304 4716 1408 4788 tuum,
1424 4731 1632 4794 quacumque
1645 4719 1679 4779 te
1694 4734 1772 4779 ver-

124 4815 312 4877 commissa.
329 4816 424 4879 8888
439 4814 521 4879 dicit
534 4816 850 4882 8888888888
868 4822 920 4882 eu
972 4813 1065 4885 teris,
1092 4812 1165 4874 sine
1190 4813 1278 4873 tactu
1309 4828 1473 4875 essenon
1500 4815 1618 4891 potest,
1645 4814 1693 4876 sic
1709 4830 1772 4877 nec

123 4914 279 4989 8818881
298 4915 539 4986 penitentum
564 4929 671 4991 super
693 4917 832 4991 peccato
857 4933 920 4980 coo
973 4911 1085 4973 88188
1099 4911 1156 4972 188
1165 4909 1253 4970 1888
1262 4909 1428 4983 affectum,
1445 4911 1577 4973 etiamsi
1584 4911 1676 4983 velit,
1692 4910 1772 4972 8118-

123 5008 250 5082 118188,
275 5013 356 5083 quid
381 5013 470 5085 fecii
495 5010 577 5091 (Jer.
606 5012 678 5085 viii,
703 5010 751 5092 6.)
777 5014 856 5077 vult
884 5017 920 5078 ut
973 5024 1050 5085 gere
1071 5023 1136 5069 non
1160 5005 1292 5084 poterit.
1308 5008 1425 5070 Gustui
1440 5011 1653 5087 comparatur
1676 5023 1772 5071 amor

122 5107 319 5184 plangamus
342 5108 475 5170 omissa.
493 5106 587 5170 Unde
601 5110 732 5172 isaias:
753 5114 917 5186 11888111,
973 5105 1107 5169 88818118
1132 5104 1283 5167 fratrum.
1314 5105 1459 5175 Scilicet,
1491 5106 1569 5184 quia
1599 5106 1686 5168 sicut
1711 5122 1772 5184 per

122 5205 308 5279 8818188881
323 5203 380 5283 (Is.
405 5205 452 5278 vi,
477 5203 522 5285 ὅ),
546 5206 641 5280 11881,
656 5207 734 5285 8818
752 5224 819 5271 888
845 5225 918 5271 888
972 5206 1104 5280 gustum
1118 5202 1186 5283 8118
1206 5203 1459 5266 administratur
1477 5204 1621 5282 corpori,
1636 5203 1685 5265 sic
1699 5203 1770 5265 illic

122 5302 263 5364 locutus.
291 5302 393 5373 Quasi
414 5302 539 5365 diceret
554 5325 562 5365 ε
578 5305 657 5383 8818
680 5305 778 5367 88181
796 5305 918 5370 bonum
972 5300 1142 5364 mandavit
1153 5301 1312 5363 Dominus
1326 5300 1591 5364 benedictionem
1606 5304 1639 5365 et
1653 5302 1767 5364 vitam.

123 5398 330 5479 8881188888
345 5399 447 5476 potui.
461 5400 540 5463 Vult
554 5402 656 5464 etiam
672 5405 709 5466 ut
722 5403 918 5481 plangamus
973 5401 1012 5461 111
1025 5400 1112 5461 81881
1125 5414 1225 5475 sapor
1238 5401 1289 5460 est
1302 5399 1338 5459 18
1351 5401 1461 5475 gustu,
1477 5399 1525 5461 sic
1540 5398 1680 5463 dulcedo
1695 5398 1768 5461 188-

120 5496 220 5569 1888,
237 5511 310 5575 quae
325 5496 436 5559 81888
449 5512 532 5576 pure
550 5497 700 5563 fecimus.
726 5501 821 5564 Unde
838 5502 919 5565 dicit
971 5498 1076 5560 188888
1101 5496 1274 5559 charitatis
1295 5496 1415 5573 flagrat
1443 5497 1479 5558 in
1504 5496 1638 5559 8118818.
1667 5495 1768 5559 01881

119 5598 228 5658 Lucas
246 5610 253 5656 :
270 5597 356 5659 Cum
372 5597 488 5658 888818
503 5599 590 5659 borio
602 5599 800 5674 fecerimus,
819 5603 916 5665 1188-
972 5596 1184 5673 comparatur
1197 5594 1768 5667 amornaturalisomuium,scilicet
