3802 6166
119 348 160 415 to
365 352 372 383 ‘
735 343 911 410 horloini
931 345 977 407 111
998 345 1147 408 OPERA.
1725 348 1764 411 bd

123 510 276 573 omnibus
293 523 437 588 praeesse
458 504 599 581 debebit,
616 507 764 569 omnium
779 504 835 584 qui
849 522 917 569 oae-
1010 507 1078 583 Ego
1094 504 1212 579 Gnido,
1221 505 1451 573 Praenestinus
1468 506 1646 586 episeopus
1662 507 1761 571 subs-

121 609 204 673 teris
231 607 378 686 praesnnt
407 606 636 679 monasteriis,
673 620 853 677 consensu,
883 603 917 665 et
970 602 1083 680 cripsi.

118 706 245 787 judicio
258 704 411 780 eligatur.
424 703 515 776 Quod
530 703 560 764 si
572 702 656 765 sorte
670 719 714 765 ex
726 702 807 780 ipsis
819 700 917 765 abba·
1010 701 1439 778 EgoHugolinus,Hostien.
1450 702 1668 767 etVelletreu.
1682 704 1765 783 epis-

122 802 211 865 tibus
231 800 369 880 quilibet
390 802 544 881 (Domino
567 799 775 880 disponente)
798 800 839 861 ad
853 799 916 861 hoo
971 814 1072 877 copus
1088 799 1282 878 subscripsi.

122 900 279 977 generale
292 900 442 976 regimen
457 900 582 962 electus
592 899 704 972 fuerit,
716 899 757 960 ad
770 900 916 961 vestrum
1010 899 1079 974 Ego
1103 898 1265 972 cinthius,
1281 900 1332 962 tit.
1354 901 1387 961 S.
1408 899 1580 963 Laurentii
1593 899 1628 961 in
1638 900 1764 963 Lucius

122 997 351 1077 principaliter
376 998 559 1060 caenobium
586 997 754 1070 transeat,
783 998 817 1059 et
844 998 916 1075 ejus
971 995 1079 1072 presb.
1096 996 1186 1057 card.
1202 996 1394 1074 subscripsi.

124 1112 203 1158 mox
226 1096 365 1174 judicio,
393 1096 479 1158 sicut
501 1096 536 1177 in
569 1095 685 1158 diebus
713 1112 787 1157 ven.
817 1110 914 1156 mem.
1011 1096 1079 1170 Ego
1104 1095 1293 1172 Gregorius,
1310 1096 1360 1159 tit.
1387 1097 1421 1157 S.
1443 1096 1630 1158 anastasiae
1654 1095 1762 1173 presb.

123 1194 299 1268 iohannis,
311 1194 409 1272 primi
424 1193 672 1266 abbatisvestri,
688 1192 918 1255 iactumcons-
971 1191 1061 1252 card.
1076 1192 1269 1271 subscripsi.

123 1291 183 1365 tat,
211 1293 332 1355 caetera
353 1292 465 1354 omnia
484 1293 577 1354 uuita
598 1291 693 1354 vohis
715 1289 917 1353 monasteria
1011 1291 1079 1365 Ego
1096 1293 1226 1364 Petrus,
1249 1292 1298 1354 tit.
1321 1294 1354 1353 S.
1375 1291 1547 1354 Laurentii
1568 1291 1605 1353 iu
1623 1292 1766 1353 Damaso

125 1389 354 1469 disponantur.
370 1390 522 1451 Chrisma
532 1406 624 1462 vero,
636 1389 745 1453 oleum
753 1390 914 1461 sanctum,
971 1386 1080 1465 presb.
1098 1389 1188 1451 card.
1202 1389 1395 1467 subscripsi.

125 1488 394 1551 consecrationes
415 1489 582 1561 altarium,
604 1504 664 1550 sou
690 1488 915 1560 basilicarum,
1012 1487 1079 1562 Ego
1095 1487 1211 1559 Gnido,
1228 1485 1764 1551 S.NicolaiinCarcere'l'ulliano

126 1586 352 1649 ordinationes
380 1586 597 1659 clericorum,
620 1586 654 1649 et
679 1585 918 1648 monachorum
972 1582 1057 1644 diac.
1071 1583 1161 1645 card.
1177 1584 1370 1662 subscripsi.

125 1684 323 1757 vestrorum,
341 1698 361 1745 a
381 1699 587 1761 quocumque
606 1682 791 1745 malueritis
806 1683 917 1744 susci·
1012 1682 1079 1757 Ego
1107 1682 1326 1755 Octavianus,
1354 1685 1424 1744 S.S.
1451 1681 1559 1758 Sergii
1583 1680 1616 1742 et
1643 1680 1764 1743 Bacchi

124 1780 223 1857 piatis
241 1781 408 1859 episcopo,
424 1781 587 1859 siquidem
607 1780 790 1843 catholicus
805 1779 915 1852 inerit,
971 1777 1057 1839 diac.
1072 1778 1161 1840 card.
1178 1778 1371 1856 subscripsi.

124 1878 708 1957 etqratiamatquecommunionem
718 1878 918 1955 apostolica
1011 1878 1079 1952 Ego
1099 1878 1287 1951 lohannes,
1310 1880 1380 1939 S.S.
1397 1880 1523 1939 Cosmae
1553 1878 1586 1939 et
1612 1876 1764 1938 Damiani

126 1976 223 2037 Sedis
235 1975 398 2050 hahuerit,
410 1978 442 2040 et
455 1992 495 2039 ea
505 1977 621 2053 gratis,
635 1978 669 2039 et
680 1976 804 2055 absque
810 1975 919 2054 pravi·
972 1974 1057 2036 diac.
1074 1975 1163 2037 card.
1178 1975 1370 2053 subscripsi.

123 2073 191 2136 tate
205 2075 533 2152 volueritimpertiri.
1012 2075 1080 2149 Ego
1102 2074 1292 2150 Gregorius,
1319 2077 1352 2136 S.
1381 2073 1546 2135 Theodori
1561 2073 1647 2135 diac.
1674 2072 1762 2133 card.

166 2172 377 2249 sepulturam
404 2189 534 2251 quoque
561 2172 656 2235 vobis
679 2172 818 2235 liberam
844 2187 918 2233 esse
972 2170 1165 2249 subscripsi.

124 2270 347 2343 concedimus,
359 2271 519 2334 uteorum
530 2271 917 2344 devotioni,etextremae
1011 2271 1079 2346 Ego
1109 2269 1309 2347 Stephanus,
1337 2273 1370 2334 S.
1391 2269 1529 2332 Adriani
1557 2268 1643 2330 diac.
1674 2267 1762 2330 card.

125 2367 302 2442 uoluntati,
315 2369 372 2447 qui
380 2385 415 2431 se
422 2369 492 2433 illic
501 2370 635 2448 sepeliri
648 2368 915 2441 deliberaverint,
971 2365 1163 2444 subscripsi.

124 2465 191 2527 nial
206 2465 290 2528 iorte
302 2468 592 2542 excommunicati,
604 2469 657 2532 rel
669 2467 836 2531 interdicti
851 2466 919 2529 sue-
1011 2467 1129 2528 Datum
1136 2467 1292 2529 Laterani
1302 2483 1363 2545 per
1374 2482 1507 2528 manum
1519 2464 1669 2538 Ranerii,
1682 2464 1765 2542 prio·

124 2563 209 2638 rint,
234 2564 344 2627 nullus
371 2566 520 2630 obsistat.
543 2567 643 2629 Salva
659 2570 770 2628 tamen
786 2565 917 2644 justitia
971 2563 1019 2626 ris
1040 2567 1072 2625 S.
1095 2565 1267 2641 Frigdiani
1286 2568 1408 2628 Lucen.
1430 2567 1462 2626 S.
1487 2567 1525 2628 R.
1550 2566 1586 2641 E,
1607 2556 1769 2626 vicecan-'

123 2661 259 2724 illarum
278 2663 508 2738 ecclesiarum,
533 2664 692 2742 aquibus
713 2665 917 2727 mortuorum
971 2661 1112 2734 cellarii,
1128 2663 1238 2725 idibus
1250 2662 1763 2736 octobris,indlctiouev,1ncar·

17 2812 20 2817 .
124 2775 266 2837 corpora
283 2764 507 2827 assumuntur.
529 2764 744 2825 Decernimus
768 2778 859 2839 ergo,
882 2762 919 2824 ut
971 2760 1117 2822 nationis
1132 2762 1313 2823 Dominicae
1326 2777 1414 2823 anno
1440 2762 1610 2831 Mccxvl,
1626 2758 1761 2836 pontiti-

126 2857 212 2919 nulli
237 2859 372 2923 omnino
399 2858 572 2923 homiuum
597 2861 697 2923 liceat
724 2860 918 2939 praedictum
972 2859 1065 2921 catus
1090 2874 1171 2922 vero
1197 2859 1323 2922 domini
1340 2860 1479 2922 Honorii
1499 2861 1563 2921 ΡΙ).
1591 2860 1650 2931 ΙΙΙ,
1679 2871 1762 2920 anno

124 2956 362 3017 monasterium
385 2958 511 3020 temere
533 2957 739 3036 perturbare,
764 2959 823 3020 aut
846 2959 918 3035 eJus
972 2959 1090 3038 primo.

125 3054 353 3130 possessiones
376 3054 519 3131 auferre,
536 3056 589 3118 vel
608 3056 736 3119 ablatas
760 3056 916 3128 retinere,

125 3151 288 3226 minuere,
313 3168 373 3215 seu
396 3152 562 3231 aliquibus
583 3153 818 3217 vexationibus
836 3153 918 3217 iati-
1267 3156 1470 3243 XXXVIII

125 3263 217 3327 gare,
232 3250 289 3311 sed
304 3251 416 3313 omnia
431 3251 570 3325 illibata,
585 3254 618 3315 et
632 3252 773 3329 integra,
788 3268 920 3314 conser-

125 3347 865 3427 lesslu1'00r11m‚P10b¹10rl¹fflssub0ffl³fi⁰110s
879 3367 919 3413 ³0
1012 3365 1064 3425 Aa
1073 3363 1549 3437 archiepiscopum,dccomou
1563 3360 1598 3420 ct
1611 3362 1730 3423 urchi·

126 3445 390 3513 substentatione
404 3464 564 3512 concessa
579 3450 666 3523 sunt,
681 3449 796 3511 usibus
811 3449 920 3511 omni·
1163 3463 1344 3522 diaconam
1359 3464 1584 3522 Taeaeroucuscs.

125 3544 230 3607 modis
258 3546 442 3623 profutura,
471 3547 564 3611 salva
592 3548 687 3611 Sedis
721 3547 919 3627 Apostolicae
1269 3574 1302 3632 18
1320 3580 1374 3632 oct.
1391 3573 1470 3631 iiio.

125 3643 336 3803 aug-tow&
407 3743 414 3757 ι
496 3658 500 3663 ’
722 3745 729 3758 υ
787 3745 793 3757 ι
1018 3702 1127 3767 [Roqest.
1141 3700 1186 3755 h'bt
1203 3698 1309 3766 Lepist.
1322 3698 1361 3749 39.
1374 3699 1432 3750 diss.
1445 3696 1721 3760 LaPorteduTheil].

188 3757 277 3820 iqua
288 3744 392 3820 igitur
405 3760 440 3806 rn
455 3742 601 3806 futurum
612 3743 849 3816 ecclesiastica,
865 3760 921 3806 se-

125 3839 291 3905 culamsva
322 3857 464 3919 persona
493 3842 581 3905 hanc
605 3844 727 3906 nostrae
753 3842 918 3905 constitu-
973 3850 1322 3926 Amhrepiseopomecano
1337 3857 1366 3909 ar
1379 3849 1580 3908 umbrosamne
1590 3848 1763 3907 rumunne-

124 3937 227 3999 tionis
248 3938 404 4015 paginam
424 3939 544 4016 sciens,
568 3943 683 4003 contra
706 3956 780 4003 eam
802 3941 918 4004 venire
1008 3943 1061 4000 bus
1073 3941 1179 4010 scribit,
1193 3940 1334 3999 delectum
1348 3940 1448 3997 littera
1461 3953 1518 3997 non
1532 3938 1634 3996 vitiare
1646 3939 1767 4012 rescrip-

124 4036 322 4109 tentaverlt,
357 4037 502 4099 secundo
531 4038 673 4101 tertiove
697 4039 916 4112 commonita,
1008 4038 1067 4115 tupi
1083 4031 1283 4105 apostolieum,
1298 4030 1398 4103 eisque
1412 4028 1540 4098 mandat,
1555 4033 1585 4085 ut
1601 4028 1629 4084 in
1649 4028 1765 4102 negem

124 4131 191 4193 nisi
202 4135 331 4196 reatum
344 4151 441 4196 suum
453 4150 600 4212 congrua
611 4135 837 4200 satisfactione
849 4153 919 4200 cor·
1008 4122 1190 4222 berengariae
1202 4119 1347 4220 l¹¹0¹¹dl¹¹²
1363 4119 1522 4192 Anthium
1539 4116 1649 4191 regina
1659 4125 1765 4219 'murra

123 4231 260 4306 rexerit,
277 4233 459 4309 potestatis,
475 4232 678 4312 honorisque
690 4235 744 4297 sui
758 4235 918 4312 dignitate
1008 4210 1132 4268 ⁰⁰b¹¹⁹¹¹¹
1161 4225 1253 4267 ‘mum
1274 4210 1448 4310 W¹¹¹‚⁰¹¹¹¹¹¹¹¹¹‚
1479 4206 1514 4264 ‘¹⁰
1542 4205 1766 4308 Guffmhffl’flffi

125 4330 249 4403 careat,
267 4346 425 4410 reamque
445 4348 482 4395 se
503 4331 754 4411 divinojudicio
773 4333 918 4397 existere
964 4373 970 4383 ·
1008 4315 1071 4358 ⁰³⁰¹
1086 4297 1227 4401 .⁰⁸,³⁵³⁰d.⁰
1243 4299 1361 4398 segf⁰¹9
1377 4302 1536 4398 p⁰f²¹¹3⁰¹¹¹⁰
1551 4295 1586 4352 ⁸⁴¹
1599 4311 1693 4396 ¹⁹3³¹¹¹
1701 4309 1765 4403 ΨΘ

125 4428 166 4491 do
179 4431 369 4507 perpetrm
383 4430 559 4508 iniquitate
571 4432 759 4508 cognoscat,
775 4433 809 4495 et
822 4449 842 4495 a
857 4449 918 4495 sa·
1007 4388 1134 4490 dotalitio
1143 4390 1325 4462 spoliaverat,
1334 4395 1413 4461 Juxta
1426 4401 1550 4460 priorum
1560 4392 1766 4444 contruendam

125 4527 314 4591 cautissimo
343 4544 493 4607 corpore,
527 4546 567 4592 ac
592 4530 756 4608 sanguine
781 4531 856 4603 Dei,
886 4531 920 4595 et
1007 4478 1164 4537 mmmmm
1180 4476 1343 4552 'medam'

125 4626 257 4688 Domini
286 4626 515 4705 Redemptoris
551 4629 658 4691 nostri
683 4631 763 4693 Jesu
795 4628 919 4693 Christi
1012 4623 1272 4695 Honoriusetc„
1289 4618 1765 4700 archiepiscopoffuronensi)

127 4724 239 4788 aliena
253 4724 322 4799 ilat,
339 4727 437 4804 atque
451 4726 487 4788 in
510 4727 657 4788 extremo
678 4727 832 4790 examine
845 4727 917 4790 dis·
973 4724 1006 4786 et
1019 4722 1149 4784 dilectis
1164 4721 1242 4782 tiliis
1256 4720 1381 4782 decano
1394 4721 1427 4782 et
1438 4719 1687 4781 archidiacono.

9 4880 12 4885 .
123 4823 231 4887 trictae
259 4824 379 4888 ultioni
411 4824 591 4903 subjaceat.
632 4826 766 4888 Cunctis
807 4827 918 4888 autem
1012 4820 1164 4899 Experto
1182 4819 1364 4882 carissimae
1379 4818 1415 4879 in
1429 4817 1561 4880 Christo
1579 4817 1627 4877 dli
1646 4820 1767 4880 Beren-

125 4919 232 4983 eidem
247 4923 320 4985 loco
332 4939 393 4984 sua
403 4926 482 5002 jura
495 4923 704 4985 servantibus
716 4923 760 4986 sit
774 4940 840 5001 pax
858 4928 919 4987 Do-
972 4919 1075 4997 gariae
1091 4917 1255 4996 quondam
1269 4916 1450 4992 anglorum
1465 4916 1590 4991 reginae
1612 4914 1676 4977 suit
1690 4930 1768 4993 pro-

32 5028 37 5035 ·
125 5017 208 5080 mini
231 5022 337 5083 nostri
353 5024 433 5085 lesu
454 5022 590 5096 Christi,
604 5024 767 5100 quatenus
787 5023 820 5085 et
840 5023 918 5086 hinc
973 5018 1115 5096 positum
1132 5029 1244 5077 coram
1263 5014 1369 5086 nobis,
1387 5013 1563 5092 quodcum
1577 5012 1700 5074 nobilis
1714 5012 1767 5074 vir

125 5116 268 5178 fructum
292 5116 387 5181 honae
402 5108 544 5182 actionis
562 5120 759 5199 percipiant,
777 5121 810 5184 et
830 5121 917 5199 apud
972 5118 1025 5177 W.
1042 5117 1083 5177 de
1105 5113 1256 5176 Wirchia
1282 5113 1316 5174 et
1337 5111 1514 5189 complices
1537 5114 1611 5189 ejus
1630 5113 1769 5173 Nanne-

125 5213 311 5278 districtum
333 5218 480 5296 judicem
503 5219 640 5297 praemia
671 5220 805 5282 aeternae
827 5220 917 5297 pacis
971 5217 1039 5277 ten.
1064 5214 1233 5277 Redonen.
1267 5212 1300 5273 et
1333 5211 1544 5286 Andegaven.
1573 5209 1765 5283 dioecesum,

124 5312 308 5376 inveniant.
331 5319 447 5378 Amen.
461 5320 577 5379 Amen.
591 5322 708 5380 Amen.
972 5313 1078 5392 ipsam
1091 5313 1200 5374 castro
1215 5310 1254 5371 de
1271 5310 1407 5387 Segreio
1422 5309 1463 5370 ad
1480 5324 1555 5369 eum
1569 5308 1702 5369 ratione
1716 5307 1769 5369 sui

164 5414 233 5488 Ego
252 5414 431 5488 Honorius,
448 5416 621 5479 catholicae
644 5415 800 5481 Ecclesiae
822 5415 917 5495 epis·
972 5411 1113 5473 dotalitii
1128 5408 1314 5488 pertinente
1328 5424 1387 5486 pro
1403 5423 1472 5468 sure
1487 5406 1668 5468 voluntatis
1683 5405 1771 5468 arbi·

125 5526 238 5588 copus,
252 5510 445 5590 subscripsi.
972 5511 1036 5573 trio
1052 5508 1237 5587 spoliarint,
1255 5507 1367 5584 etipsa
1383 5520 1483 5582 super
1501 5505 1564 5567 hoc
1579 5506 1696 5566 contra
1711 5520 1768 5566 eos

165 5610 233 5686 Ego
255 5610 424 5674 Nicolaus.
450 5612 582 5675 Tuscul.
609 5613 784 5694 episcopus
816 5610 916 5675 subs·
972 5608 1094 5670 abonae
1107 5604 1475 5669 memoriaelnnocentio
1487 5618 1572 5681 papa
1587 5602 1770 5679 praedeces-

125 5706 237 5787 criqsi.
972 5722 1047 5770 sore
1061 5707 1174 5769 nostro
1193 5704 1233 5768 ad
1251 5720 1310 5767 ros
1322 5703 1451 5766 litteras
1471 5700 1674 5780 impetrarit;
1688 5701 1767 5781 quia
