<?xml version="1.0" encoding="UTF-8"?>
<!DOCTYPE html PUBLIC "-//W3C//DTD XHTML 1.0 Transitional//EN"
    "http://www.w3.org/TR/xhtml1/DTD/xhtml1-transitional.dtd">
<html xmlns="http://www.w3.org/1999/xhtml" xml:lang="en" lang="en">
 <head>
  <title>
</title>
<meta http-equiv="Content-Type" content="text/html;charset=utf-8" />
  <meta name='ocr-system' content='tesseract 3.04.00' />
  <meta name='ocr-capabilities' content='ocr_page ocr_carea ocr_par ocr_line ocrx_word'/>
</head>
<body>
  <div class='ocr_page' id='page_1' title='image "./mediiaevibiblio02horogoog_0094.png"; bbox 0 0 3802 6166; ppageno 0'>
   <div class='ocr_carea' id='block_1_1' title="bbox 143 312 1786 401">
    <p class='ocr_par' dir='ltr' id='par_1_1' title="bbox 143 312 1786 401">
     <span class='ocr_line' id='line_1_1' title="bbox 143 312 1786 401; baseline 0.016 -26"><span class='ocrx_word' id='word_1_1' title='bbox 143 312 197 375; x_wconf 85' lang='lat' dir='ltr'>ill</span> <span class='ocrx_word' id='word_1_2' title='bbox 595 317 668 378; x_wconf 84' lang='lat' dir='ltr'>xll.</span> <span class='ocrx_word' id='word_1_3' title='bbox 681 346 723 363; x_wconf 92' lang='lat'>-·</span> <span class='ocrx_word' id='word_1_4' title='bbox 742 319 787 382; x_wconf 87' lang='lat' dir='ltr'>IN</span> <span class='ocrx_word' id='word_1_5' title='bbox 809 320 995 383; x_wconf 77' lang='lat' dir='ltr'>VINCULA</span> <span class='ocrx_word' id='word_1_6' title='bbox 1016 322 1166 386; x_wconf 84' lang='lat' dir='ltr'>SANCTI</span> <span class='ocrx_word' id='word_1_7' title='bbox 1186 327 1324 390; x_wconf 77' lang='lat' dir='ltr'><strong>PETRI.</strong></span> <span class='ocrx_word' id='word_1_8' title='bbox 1726 336 1786 401; x_wconf 76' lang='lat' dir='ltr'>lla</span> 
     </span>
    </p>
   </div>
   <div class='ocr_carea' id='block_1_2' title="bbox 134 469 1785 1051">
    <p class='ocr_par' dir='ltr' id='par_1_2' title="bbox 134 469 1785 1051">
     <span class='ocr_line' id='line_1_2' title="bbox 141 469 1784 570; baseline 0.018 -41"><span class='ocrx_word' id='word_1_9' title='bbox 141 470 332 532; x_wconf 78' lang='lat' dir='ltr'>«testatem</span> <span class='ocrx_word' id='word_1_10' title='bbox 352 469 476 535; x_wconf 87' lang='lat' dir='ltr'>babent</span> <span class='ocrx_word' id='word_1_11' title='bbox 489 488 590 550; x_wconf 89' lang='lat' dir='ltr'>super</span> <span class='ocrx_word' id='word_1_12' title='bbox 602 490 707 554; x_wconf 88' lang='lat' dir='ltr'>aquas</span> <span class='ocrx_word' id='word_1_13' title='bbox 719 477 932 541; x_wconf 87' lang='lat' dir='ltr'>convertendi</span> <span class='ocrx_word' id='word_1_14' title='bbox 989 479 1129 544; x_wconf 87' lang='lat' dir='ltr'>ulterius</span> <span class='ocrx_word' id='word_1_15' title='bbox 1154 483 1243 547; x_wconf 90' lang='lat' dir='ltr'>mala</span> <span class='ocrx_word' id='word_1_16' title='bbox 1265 500 1332 547; x_wconf 90' lang='lat' dir='ltr'>non</span> <span class='ocrx_word' id='word_1_17' title='bbox 1357 484 1475 561; x_wconf 74' lang='lat' dir='ltr'>molat,</span> <span class='ocrx_word' id='word_1_18' title='bbox 1499 488 1541 551; x_wconf 86' lang='lat' dir='ltr'>de</span> <span class='ocrx_word' id='word_1_19' title='bbox 1566 488 1684 567; x_wconf 86' lang='lat' dir='ltr'>quibus</span> <span class='ocrx_word' id='word_1_20' title='bbox 1713 495 1784 570; x_wconf 83' lang='lat' dir='ltr'>agit</span> 
     </span>
     <span class='ocr_line' id='line_1_3' title="bbox 138 567 1784 666; baseline 0.016 -39"><span class='ocrx_word' id='word_1_21' title='bbox 138 583 236 628; x_wconf 76' lang='lat' dir='ltr'>«eas</span> <span class='ocrx_word' id='word_1_22' title='bbox 262 567 297 629; x_wconf 90' lang='lat' dir='ltr'>in</span> <span class='ocrx_word' id='word_1_23' title='bbox 322 569 531 645; x_wconf 81' lang='lat' dir='ltr'>sanguinem,</span> <span class='ocrx_word' id='word_1_24' title='bbox 559 574 592 635; x_wconf 89' lang='lat' dir='ltr'>et</span> <span class='ocrx_word' id='word_1_25' title='bbox 616 575 790 650; x_wconf 88' lang='lat' dir='ltr'>percutere</span> <span class='ocrx_word' id='word_1_26' title='bbox 809 576 934 638; x_wconf 88' lang='lat' dir='ltr'>terram</span> <span class='ocrx_word' id='word_1_27' title='bbox 988 579 1235 657; x_wconf 70' lang='lat' dir='ltr'>poenitentiam</span> <span class='ocrx_word' id='word_1_28' title='bbox 1258 582 1316 644; x_wconf 86' lang='lat' dir='ltr'>sed</span> <span class='ocrx_word' id='word_1_29' title='bbox 1346 581 1444 647; x_wconf 86' lang='lat' dir='ltr'>debet</span> <span class='ocrx_word' id='word_1_30' title='bbox 1466 585 1606 649; x_wconf 88' lang='lat' dir='ltr'>reddere</span> <span class='ocrx_word' id='word_1_31' title='bbox 1631 605 1692 666; x_wconf 93' lang='lat' dir='ltr'>pro</span> <span class='ocrx_word' id='word_1_32' title='bbox 1721 608 1784 655; x_wconf 90' lang='lat' dir='ltr'>sua</span> 
     </span>
     <span class='ocr_line' id='line_1_4' title="bbox 138 665 1781 759; baseline 0.016 -36"><span class='ocrx_word' id='word_1_33' title='bbox 138 665 272 725; x_wconf 80' lang='lat' dir='ltr'>«omni</span> <span class='ocrx_word' id='word_1_34' title='bbox 296 665 396 742; x_wconf 83' lang='lat' dir='ltr'>plaga</span> <span class='ocrx_word' id='word_1_35' title='bbox 422 668 691 747; x_wconf 78' lang='lat' dir='ltr'>quotiescumque</span> <span class='ocrx_word' id='word_1_36' title='bbox 714 673 933 735; x_wconf 82' lang='lat' dir='ltr'>soluerint.»</span> <span class='ocrx_word' id='word_1_37' title='bbox 988 675 1213 754; x_wconf 83' lang='lat' dir='ltr'>redemptione</span> <span class='ocrx_word' id='word_1_38' title='bbox 1237 680 1379 756; x_wconf 86' lang='lat' dir='ltr'>pretium</span> <span class='ocrx_word' id='word_1_39' title='bbox 1408 682 1654 758; x_wconf 77' lang='lat' dir='ltr'>aestimationis,</span> <span class='ocrx_word' id='word_1_40' title='bbox 1684 687 1781 759; x_wconf 89' lang='lat' dir='ltr'>idest,</span> 
     </span>
     <span class='ocr_line' id='line_1_5' title="bbox 137 760 1785 856; baseline 0.016 -35"><span class='ocrx_word' id='word_1_41' title='bbox 137 760 256 822; x_wconf 78' lang='lat' dir='ltr'>claves</span> <span class='ocrx_word' id='word_1_42' title='bbox 268 761 457 825; x_wconf 80' lang='lat' dir='ltr'>divinorum</span> <span class='ocrx_word' id='word_1_43' title='bbox 466 765 672 843; x_wconf 89' lang='lat' dir='ltr'>eloquiorum</span> <span class='ocrx_word' id='word_1_44' title='bbox 688 770 764 830; x_wconf 90' lang='lat' dir='ltr'>sunl</span> <span class='ocrx_word' id='word_1_45' title='bbox 773 771 861 832; x_wconf 90' lang='lat' dir='ltr'>modi</span> <span class='ocrx_word' id='word_1_46' title='bbox 873 787 935 832; x_wconf 84' lang='lat' dir='ltr'>ex·</span> <span class='ocrx_word' id='word_1_47' title='bbox 987 789 1176 836; x_wconf 90' lang='lat' dir='ltr'>mensuram</span> <span class='ocrx_word' id='word_1_48' title='bbox 1190 776 1381 841; x_wconf 77' lang='lat' dir='ltr'>christianae</span> <span class='ocrx_word' id='word_1_49' title='bbox 1401 780 1581 854; x_wconf 78' lang='lat' dir='ltr'>servitutis,</span> <span class='ocrx_word' id='word_1_50' title='bbox 1597 783 1693 856; x_wconf 89' lang='lat' dir='ltr'>idest,</span> <span class='ocrx_word' id='word_1_51' title='bbox 1711 802 1785 847; x_wconf 87' lang='lat' dir='ltr'>ser-</span> 
     </span>
     <span class='ocr_line' id='line_1_6' title="bbox 136 859 1784 954; baseline 0.016 -36"><span class='ocrx_word' id='word_1_52' title='bbox 136 859 281 935; x_wconf 91' lang='lat' dir='ltr'>ponendi</span> <span class='ocrx_word' id='word_1_53' title='bbox 315 861 347 920; x_wconf 87' lang='lat' dir='ltr'>et</span> <span class='ocrx_word' id='word_1_54' title='bbox 380 861 582 938; x_wconf 86' lang='lat' dir='ltr'>praedicandi</span> <span class='ocrx_word' id='word_1_55' title='bbox 611 866 809 942; x_wconf 88' lang='lat' dir='ltr'>Scripturas.</span> <span class='ocrx_word' id='word_1_56' title='bbox 841 868 933 929; x_wconf 90' lang='lat' dir='ltr'>Unde</span> <span class='ocrx_word' id='word_1_57' title='bbox 987 870 1058 933; x_wconf 84' lang='lat' dir='ltr'>vire</span> <span class='ocrx_word' id='word_1_58' title='bbox 1075 874 1142 934; x_wconf 91' lang='lat' dir='ltr'>Deo</span> <span class='ocrx_word' id='word_1_59' title='bbox 1157 877 1336 936; x_wconf 89' lang='lat' dir='ltr'>secundum</span> <span class='ocrx_word' id='word_1_60' title='bbox 1358 878 1507 954; x_wconf 82' lang='lat' dir='ltr'>regulam</span> <span class='ocrx_word' id='word_1_61' title='bbox 1529 879 1606 941; x_wconf 87' lang='lat' dir='ltr'>fidei</span> <span class='ocrx_word' id='word_1_62' title='bbox 1625 881 1784 945; x_wconf 85' lang='lat' dir='ltr'>christia-</span> 
     </span>
     <span class='ocr_line' id='line_1_7' title="bbox 134 957 1783 1051; baseline 0.016 -35"><span class='ocrx_word' id='word_1_63' title='bbox 134 957 283 1017; x_wconf 87' lang='lat' dir='ltr'>loanues</span> <span class='ocrx_word' id='word_1_64' title='bbox 293 957 329 1016; x_wconf 93' lang='lat' dir='ltr'>iu</span> <span class='ocrx_word' id='word_1_65' title='bbox 343 958 559 1036; x_wconf 82' lang='lat' dir='ltr'>Apocalypsi:</span> <span class='ocrx_word' id='word_1_66' title='bbox 574 965 659 1023; x_wconf 82' lang='lat' dir='ltr'>Haec</span> <span class='ocrx_word' id='word_1_67' title='bbox 672 964 753 1023; x_wconf 82' lang='lat' dir='ltr'>dicit</span> <span class='ocrx_word' id='word_1_68' title='bbox 768 968 826 1038; x_wconf 84' lang='lat' dir='ltr'>qul</span> <span class='ocrx_word' id='word_1_69' title='bbox 835 966 933 1027; x_wconf 82' lang='lat' dir='ltr'>babel</span> <span class='ocrx_word' id='word_1_70' title='bbox 987 983 1050 1030; x_wconf 79' lang='lat' dir='ltr'>nae.</span> <span class='ocrx_word' id='word_1_71' title='bbox 1079 970 1114 1030; x_wconf 84' lang='lat' dir='ltr'>Si</span> <span class='ocrx_word' id='word_1_72' title='bbox 1134 973 1244 1033; x_wconf 86' lang='lat' dir='ltr'>autem</span> <span class='ocrx_word' id='word_1_73' title='bbox 1259 988 1386 1051; x_wconf 85' lang='lat' dir='ltr'>pauper</span> <span class='ocrx_word' id='word_1_74' title='bbox 1406 977 1457 1037; x_wconf 89' lang='lat' dir='ltr'>est</span> <span class='ocrx_word' id='word_1_75' title='bbox 1475 976 1652 1039; x_wconf 86' lang='lat' dir='ltr'>virtutibus</span> <span class='ocrx_word' id='word_1_76' title='bbox 1667 982 1701 1040; x_wconf 90' lang='lat' dir='ltr'>et</span> <span class='ocrx_word' id='word_1_77' title='bbox 1715 996 1783 1043; x_wconf 91' lang='lat' dir='ltr'>uon</span> 
     </span>
    </p>
   </div>
   <div class='ocr_carea' id='block_1_3' title="bbox 133 1056 1884 1153">
    <p class='ocr_par' dir='ltr' id='par_1_3' title="bbox 133 1056 1884 1153">
     <span class='ocr_line' id='line_1_8' title="bbox 133 1056 1884 1153; baseline 0.016 -40"><span class='ocrx_word' id='word_1_78' title='bbox 133 1057 267 1114; x_wconf 74' lang='lat' dir='ltr'>clasem</span> <span class='ocrx_word' id='word_1_79' title='bbox 279 1056 401 1127; x_wconf 86' lang='lat' dir='ltr'>David,</span> <span class='ocrx_word' id='word_1_80' title='bbox 420 1058 478 1129; x_wconf 79' lang='lat' dir='ltr'>qai</span> <span class='ocrx_word' id='word_1_81' title='bbox 492 1059 607 1130; x_wconf 74' lang='lat' dir='ltr'>aperit</span> <span class='ocrx_word' id='word_1_82' title='bbox 624 1060 659 1120; x_wconf 84' lang='lat' dir='ltr'>ai</span> <span class='ocrx_word' id='word_1_83' title='bbox 677 1075 777 1121; x_wconf 83' lang='lat' dir='ltr'>ltemo</span> <span class='ocrx_word' id='word_1_84' title='bbox 793 1063 930 1136; x_wconf 76' lang='lat' dir='ltr'>claudit,</span> <span class='ocrx_word' id='word_1_85' title='bbox 987 1066 1094 1151; x_wconf 87' lang='lat' dir='ltr'>potest</span> <span class='ocrx_word' id='word_1_86' title='bbox 1119 1069 1231 1130; x_wconf 92' lang='lat' dir='ltr'>omnia</span> <span class='ocrx_word' id='word_1_87' title='bbox 1253 1070 1394 1145; x_wconf 90' lang='lat' dir='ltr'>solvere,</span> <span class='ocrx_word' id='word_1_88' title='bbox 1422 1073 1508 1136; x_wconf 89' lang='lat' dir='ltr'>sicut</span> <span class='ocrx_word' id='word_1_89' title='bbox 1530 1073 1636 1146; x_wconf 87' lang='lat' dir='ltr'>debet,</span> <span class='ocrx_word' id='word_1_90' title='bbox 1653 1076 1781 1153; x_wconf 83' lang='lat' dir='ltr'>jndicio</span> <span class='ocrx_word' id='word_1_91' title='bbox 1880 1124 1884 1129; x_wconf 86' lang='lat'>-</span> 
     </span>
    </p>
   </div>
   <div class='ocr_carea' id='block_1_4' title="bbox 131 1150 1764 1325">
    <p class='ocr_par' dir='ltr' id='par_1_4' title="bbox 131 1150 1764 1325">
     <span class='ocr_line' id='line_1_9' title="bbox 133 1150 1764 1248; baseline 0.016 -39"><span class='ocrx_word' id='word_1_92' title='bbox 133 1150 264 1211; x_wconf 67' lang='lat' dir='ltr'>caudit</span> <span class='ocrx_word' id='word_1_93' title='bbox 275 1154 308 1212; x_wconf 87' lang='lat' dir='ltr'>et</span> <span class='ocrx_word' id='word_1_94' title='bbox 323 1167 424 1214; x_wconf 72' lang='lat' dir='ltr'>iwrio</span> <span class='ocrx_word' id='word_1_95' title='bbox 435 1155 550 1231; x_wconf 70' lang='lat' dir='ltr'>aperit</span> <span class='ocrx_word' id='word_1_96' title='bbox 563 1152 677 1233; x_wconf 80' lang='lat' dir='ltr'>(Apoc.</span> <span class='ocrx_word' id='word_1_97' title='bbox 691 1172 741 1229; x_wconf 88' lang='lat'>111,</span> <span class='ocrx_word' id='word_1_98' title='bbox 758 1155 804 1237; x_wconf 82' lang='lat'>7).</span> <span class='ocrx_word' id='word_1_99' title='bbox 820 1160 933 1220; x_wconf 91' lang='lat' dir='ltr'>Domi·</span> <span class='ocrx_word' id='word_1_100' title='bbox 987 1164 1168 1229; x_wconf 87' lang='lat' dir='ltr'>sacerdotis</span> <span class='ocrx_word' id='word_1_101' title='bbox 1182 1166 1279 1231; x_wconf 86' lang='lat' dir='ltr'>debet</span> <span class='ocrx_word' id='word_1_102' title='bbox 1293 1171 1367 1247; x_wconf 85' lang='lat' dir='ltr'>ejus</span> <span class='ocrx_word' id='word_1_103' title='bbox 1378 1170 1574 1248; x_wconf 89' lang='lat' dir='ltr'>poenitentia</span> <span class='ocrx_word' id='word_1_104' title='bbox 1584 1173 1764 1237; x_wconf 88' lang='lat' dir='ltr'>moderari.</span> 
     </span>
     <span class='ocr_line' id='line_1_10' title="bbox 131 1247 930 1325; baseline 0.014 -18"><span class='ocrx_word' id='word_1_105' title='bbox 131 1262 195 1307; x_wconf 89' lang='lat' dir='ltr'>nus</span> <span class='ocrx_word' id='word_1_106' title='bbox 211 1247 314 1311; x_wconf 86' lang='lat' dir='ltr'>hahet</span> <span class='ocrx_word' id='word_1_107' title='bbox 328 1248 457 1311; x_wconf 86' lang='lat' dir='ltr'>clavem</span> <span class='ocrx_word' id='word_1_108' title='bbox 471 1251 587 1323; x_wconf 84' lang='lat' dir='ltr'>David,</span> <span class='ocrx_word' id='word_1_109' title='bbox 604 1252 700 1325; x_wconf 92' lang='lat' dir='ltr'>idest,</span> <span class='ocrx_word' id='word_1_110' title='bbox 724 1255 858 1316; x_wconf 89' lang='lat' dir='ltr'>modum</span> <span class='ocrx_word' id='word_1_111' title='bbox 877 1258 930 1318; x_wconf 84' lang='lat' dir='ltr'>rel</span> 
     </span>
    </p>
   </div>
   <div class='ocr_carea' id='block_1_5' title="bbox 121 1344 1798 3954">
    <p class='ocr_par' dir='ltr' id='par_1_5' title="bbox 121 1344 1798 3954">
     <span class='ocr_line' id='line_1_11' title="bbox 129 1344 1419 1470; baseline 0.014 -63"><span class='ocrx_word' id='word_1_112' title='bbox 129 1344 286 1421; x_wconf 78' lang='lat' dir='ltr'>regulam</span> <span class='ocrx_word' id='word_1_113' title='bbox 305 1346 494 1423; x_wconf 81' lang='lat' dir='ltr'>exponendi</span> <span class='ocrx_word' id='word_1_114' title='bbox 514 1349 714 1427; x_wconf 86' lang='lat' dir='ltr'>Scripturas.</span> <span class='ocrx_word' id='word_1_115' title='bbox 736 1353 810 1428; x_wconf 92' lang='lat' dir='ltr'>Ipse</span> <span class='ocrx_word' id='word_1_116' title='bbox 825 1354 933 1431; x_wconf 90' lang='lat' dir='ltr'>aperit</span> <span class='ocrx_word' id='word_1_117' title='bbox 1342 1382 1419 1470; x_wconf 77' lang='grc' dir='ltr'>ΧΠ</span> 
     </span>
     <span class='ocr_line' id='line_1_12' title="bbox 128 1444 931 1523; baseline 0.012 -20"><span class='ocrx_word' id='word_1_118' title='bbox 128 1456 229 1504; x_wconf 88' lang='lat' dir='ltr'>sacra</span> <span class='ocrx_word' id='word_1_119' title='bbox 258 1444 419 1520; x_wconf 85' lang='lat' dir='ltr'>mysteria</span> <span class='ocrx_word' id='word_1_120' title='bbox 445 1445 564 1522; x_wconf 90' lang='lat' dir='ltr'>quibus</span> <span class='ocrx_word' id='word_1_121' title='bbox 592 1448 751 1523; x_wconf 78' lang='lat' dir='ltr'>voluerit,</span> <span class='ocrx_word' id='word_1_122' title='bbox 779 1452 812 1512; x_wconf 94' lang='lat' dir='ltr'>et</span> <span class='ocrx_word' id='word_1_123' title='bbox 836 1466 931 1513; x_wconf 91' lang='lat' dir='ltr'>nemo</span> 
     </span>
     <span class='ocr_line' id='line_1_13' title="bbox 128 1539 1673 1636; baseline 0.008 -36"><span class='ocrx_word' id='word_1_124' title='bbox 128 1539 270 1613; x_wconf 87' lang='lat' dir='ltr'>claudit,</span> <span class='ocrx_word' id='word_1_125' title='bbox 293 1540 390 1614; x_wconf 88' lang='lat' dir='ltr'>idest,</span> <span class='ocrx_word' id='word_1_126' title='bbox 408 1542 519 1604; x_wconf 90' lang='lat' dir='ltr'>nullus</span> <span class='ocrx_word' id='word_1_127' title='bbox 536 1543 635 1607; x_wconf 91' lang='lat' dir='ltr'>homo</span> <span class='ocrx_word' id='word_1_128' title='bbox 650 1546 758 1622; x_wconf 90' lang='lat' dir='ltr'>potest</span> <span class='ocrx_word' id='word_1_129' title='bbox 777 1547 931 1610; x_wconf 88' lang='lat' dir='ltr'>claudere</span> <span class='ocrx_word' id='word_1_130' title='bbox 1089 1567 1134 1628; x_wconf 73' lang='grc' dir='ltr'>ΙΝ</span> <span class='ocrx_word' id='word_1_131' title='bbox 1156 1567 1344 1631; x_wconf 70' lang='lat' dir='ltr'>vqpqcpppq</span> <span class='ocrx_word' id='word_1_132' title='bbox 1364 1568 1516 1633; x_wconf 68' lang='lat' dir='ltr'>sppqpp</span> <span class='ocrx_word' id='word_1_133' title='bbox 1537 1572 1673 1636; x_wconf 56' lang='lat' dir='ltr'>PETRI,</span> 
     </span>
     <span class='ocr_line' id='line_1_14' title="bbox 127 1637 1689 1718; baseline 0.015 -23"><span class='ocrx_word' id='word_1_134' title='bbox 127 1652 268 1697; x_wconf 87' lang='lat' dir='ltr'>sensum</span> <span class='ocrx_word' id='word_1_135' title='bbox 288 1637 344 1698; x_wconf 90' lang='lat' dir='ltr'>cui</span> <span class='ocrx_word' id='word_1_136' title='bbox 365 1639 524 1701; x_wconf 89' lang='lat' dir='ltr'>Dominus</span> <span class='ocrx_word' id='word_1_137' title='bbox 546 1643 726 1718; x_wconf 88' lang='lat' dir='ltr'>aperuerit,</span> <span class='ocrx_word' id='word_1_138' title='bbox 751 1645 823 1708; x_wconf 88' lang='lat' dir='ltr'>ele</span> <span class='ocrx_word' id='word_1_139' title='bbox 851 1661 932 1707; x_wconf 90' lang='lat' dir='ltr'>con·</span> <span class='ocrx_word' id='word_1_140' title='bbox 1685 1677 1689 1685; x_wconf 77' lang='grc'><strong>’</strong></span> 
     </span>
     <span class='ocr_line' id='line_1_15' title="bbox 126 1733 1781 1818; baseline 0.012 -23"><span class='ocrx_word' id='word_1_141' title='bbox 126 1736 321 1795; x_wconf 73' lang='lat' dir='ltr'>persollae</span> <span class='ocrx_word' id='word_1_142' title='bbox 349 1735 460 1799; x_wconf 82' lang='lat' dir='ltr'>claves</span> <span class='ocrx_word' id='word_1_143' title='bbox 487 1737 621 1800; x_wconf 86' lang='lat' dir='ltr'>luerunt</span> <span class='ocrx_word' id='word_1_144' title='bbox 643 1740 727 1802; x_wconf 75' lang='lat' dir='ltr'>data</span> <span class='ocrx_word' id='word_1_145' title='bbox 751 1742 928 1818; x_wconf 86' lang='lat' dir='ltr'>Apostolis,</span> <span class='ocrx_word' id='word_1_146' title='bbox 1024 1733 1208 1798; x_wconf 64' lang='lat' dir='ltr'>Nwwsvto</span> <span class='ocrx_word' id='word_1_147' title='bbox 1225 1750 1308 1799; x_wconf 66' lang='lat' dir='ltr'><strong><em>vere</em></strong></span> <span class='ocrx_word' id='word_1_148' title='bbox 1322 1740 1403 1813; x_wconf 67' lang='lat' dir='ltr'>(luia</span> <span class='ocrx_word' id='word_1_149' title='bbox 1423 1740 1519 1802; x_wconf 62' lang='lat' dir='ltr'>mitit</span> <span class='ocrx_word' id='word_1_150' title='bbox 1533 1744 1701 1803; x_wconf 53' lang='lat' dir='ltr'>Dimittit&amp;</span> <span class='ocrx_word' id='word_1_151' title='bbox 1714 1758 1781 1805; x_wconf 68' lang='grc' dir='ltr'>αη-</span> 
     </span>
     <span class='ocr_line' id='line_1_16' title="bbox 126 1830 1777 1912; baseline 0.012 -22"><span class='ocrx_word' id='word_1_152' title='bbox 126 1831 264 1907; x_wconf 90' lang='lat' dir='ltr'>quando</span> <span class='ocrx_word' id='word_1_153' title='bbox 280 1830 439 1894; x_wconf 88' lang='lat' dir='ltr'>Dominus</span> <span class='ocrx_word' id='word_1_154' title='bbox 452 1836 584 1911; x_wconf 88' lang='lat' dir='ltr'>aperuit</span> <span class='ocrx_word' id='word_1_155' title='bbox 600 1837 649 1897; x_wconf 89' lang='lat' dir='ltr'>eis</span> <span class='ocrx_word' id='word_1_156' title='bbox 662 1853 809 1912; x_wconf 88' lang='lat' dir='ltr'>sensum,</span> <span class='ocrx_word' id='word_1_157' title='bbox 827 1840 863 1902; x_wconf 91' lang='lat' dir='ltr'>ut</span> <span class='ocrx_word' id='word_1_158' title='bbox 878 1839 931 1901; x_wconf 90' lang='lat' dir='ltr'>in·</span> <span class='ocrx_word' id='word_1_159' title='bbox 982 1834 1096 1906; x_wconf 62' lang='lat' dir='ltr'>telum</span> <span class='ocrx_word' id='word_1_160' title='bbox 1114 1846 1217 1892; x_wconf 64' lang='lat' dir='ltr'><em>Suum</em></span> <span class='ocrx_word' id='word_1_161' title='bbox 1235 1833 1269 1895; x_wconf 66' lang='lat' dir='ltr'>et</span> <span class='ocrx_word' id='word_1_162' title='bbox 1290 1835 1418 1908; x_wconf 63' lang='lat' dir='ltr'>eripuit</span> <span class='ocrx_word' id='word_1_163' title='bbox 1443 1850 1500 1897; x_wconf 68' lang='lat' dir='ltr'>me</span> <span class='ocrx_word' id='word_1_164' title='bbox 1521 1839 1562 1897; x_wconf 83' lang='lat' dir='ltr'>de</span> <span class='ocrx_word' id='word_1_165' title='bbox 1580 1853 1687 1899; x_wconf 64' lang='lat' dir='ltr'>manti</span> <span class='ocrx_word' id='word_1_166' title='bbox 1700 1841 1777 1901; x_wconf 71' lang='lat' dir='ltr'>He·</span> 
     </span>
     <span class='ocr_line' id='line_1_17' title="bbox 124 1927 1780 2009; baseline 0.005 -20"><span class='ocrx_word' id='word_1_167' title='bbox 124 1927 322 2003; x_wconf 82' lang='lat' dir='ltr'>telligerenl</span> <span class='ocrx_word' id='word_1_168' title='bbox 337 1930 537 2007; x_wconf 87' lang='lat' dir='ltr'>Scripturas.</span> <span class='ocrx_word' id='word_1_169' title='bbox 983 1930 1078 1990; x_wconf 82' lang='lat' dir='ltr'>rodis</span> <span class='ocrx_word' id='word_1_170' title='bbox 1103 1928 1136 1990; x_wconf 86' lang='lat' dir='ltr'>et</span> <span class='ocrx_word' id='word_1_171' title='bbox 1158 1932 1199 1991; x_wconf 83' lang='lat' dir='ltr'>de</span> <span class='ocrx_word' id='word_1_172' title='bbox 1220 1934 1314 1991; x_wconf 84' lang='lat' dir='ltr'>emat</span> <span class='ocrx_word' id='word_1_173' title='bbox 1337 1933 1575 2007; x_wconf 79' lang='lat' dir='ltr'>ecpectattoae</span> <span class='ocrx_word' id='word_1_174' title='bbox 1590 1937 1699 2009; x_wconf 68' lang='lat' dir='ltr'>pallas</span> <span class='ocrx_word' id='word_1_175' title='bbox 1715 1938 1780 1997; x_wconf 83' lang='lat' dir='ltr'>Ja-</span> 
     </span>
     <span class='ocr_line' id='line_1_18' title="bbox 170 2024 1403 2110; baseline 0.01 -25"><span class='ocrx_word' id='word_1_176' title='bbox 170 2026 266 2097; x_wconf 86' lang='lat' dir='ltr'>Quod</span> <span class='ocrx_word' id='word_1_177' title='bbox 290 2026 409 2104; x_wconf 86' lang='lat' dir='ltr'>quarto</span> <span class='ocrx_word' id='word_1_178' title='bbox 426 2027 511 2090; x_wconf 84' lang='lat' dir='ltr'>dixit</span> <span class='ocrx_word' id='word_1_179' title='bbox 523 2049 530 2088; x_wconf 92' lang='lat'><strong>:</strong></span> <span class='ocrx_word' id='word_1_180' title='bbox 544 2029 589 2090; x_wconf 82' lang='lat' dir='ltr'>Et</span> <span class='ocrx_word' id='word_1_181' title='bbox 610 2034 930 2110; x_wconf 80' lang='lat' dir='ltr'>qaodcaaaqacltpa-</span> <span class='ocrx_word' id='word_1_182' title='bbox 982 2027 1137 2086; x_wconf 77' lang='lat' dir='ltr'>daeomtm</span> <span class='ocrx_word' id='word_1_183' title='bbox 1153 2024 1237 2103; x_wconf 58' lang='lat' dir='ltr'>(Aci</span> <span class='ocrx_word' id='word_1_184' title='bbox 1256 2042 1318 2097; x_wconf 66' lang='grc' dir='ltr'>ΧΗ,</span> <span class='ocrx_word' id='word_1_185' title='bbox 1340 2028 1403 2108; x_wconf 83' lang='lat'>11)-</span> 
     </span>
     <span class='ocr_line' id='line_1_19' title="bbox 123 2122 1777 2204; baseline 0.008 -25"><span class='ocrx_word' id='word_1_186' title='bbox 123 2123 255 2185; x_wconf 77' lang='lat' dir='ltr'>ceritis</span> <span class='ocrx_word' id='word_1_187' title='bbox 273 2138 381 2199; x_wconf 62' lang='lat' dir='ltr'>reaper</span> <span class='ocrx_word' id='word_1_188' title='bbox 400 2126 551 2198; x_wconf 80' lang='lat' dir='ltr'>terram,</span> <span class='ocrx_word' id='word_1_189' title='bbox 577 2131 646 2189; x_wconf 71' lang='lat' dir='ltr'>erit</span> <span class='ocrx_word' id='word_1_190' title='bbox 668 2130 813 2204; x_wconf 70' lang='lat' dir='ltr'>riparum</span> <span class='ocrx_word' id='word_1_191' title='bbox 837 2133 871 2194; x_wconf 66' lang='lat' dir='ltr'>pl</span> <span class='ocrx_word' id='word_1_192' title='bbox 892 2136 928 2194; x_wconf 73' lang='lat' dir='ltr'>in</span> <span class='ocrx_word' id='word_1_193' title='bbox 1022 2122 1159 2198; x_wconf 79' lang='lat' dir='ltr'>Legitur</span> <span class='ocrx_word' id='word_1_194' title='bbox 1184 2123 1219 2184; x_wconf 92' lang='lat' dir='ltr'>iu</span> <span class='ocrx_word' id='word_1_195' title='bbox 1248 2123 1403 2186; x_wconf 87' lang='lat' dir='ltr'>historiis</span> <span class='ocrx_word' id='word_1_196' title='bbox 1423 2126 1509 2204; x_wconf 92' lang='lat' dir='ltr'>quod</span> <span class='ocrx_word' id='word_1_197' title='bbox 1538 2127 1637 2189; x_wconf 88' lang='lat' dir='ltr'>Caius</span> <span class='ocrx_word' id='word_1_198' title='bbox 1664 2131 1777 2192; x_wconf 75' lang='lat' dir='ltr'>(iasar</span> 
     </span>
     <span class='ocr_line' id='line_1_20' title="bbox 121 2218 1777 2304; baseline 0.006 -27"><span class='ocrx_word' id='word_1_199' title='bbox 121 2224 261 2281; x_wconf 82' lang='lat' dir='ltr'>caells...</span> <span class='ocrx_word' id='word_1_200' title='bbox 281 2218 412 2298; x_wconf 85' lang='lat' dir='ltr'>(Malth.</span> <span class='ocrx_word' id='word_1_201' title='bbox 435 2237 538 2295; x_wconf 81' lang='lat' dir='ltr'>xvni,</span> <span class='ocrx_word' id='word_1_202' title='bbox 563 2224 627 2304; x_wconf 86' lang='lat'>18).</span> <span class='ocrx_word' id='word_1_203' title='bbox 647 2228 769 2303; x_wconf 79' lang='lat' dir='ltr'>Magna</span> <span class='ocrx_word' id='word_1_204' title='bbox 784 2227 927 2304; x_wconf 77' lang='lat' dir='ltr'>dignitas</span> <span class='ocrx_word' id='word_1_205' title='bbox 982 2220 1145 2281; x_wconf 90' lang='lat' dir='ltr'>Herodem</span> <span class='ocrx_word' id='word_1_206' title='bbox 1166 2237 1241 2282; x_wconf 91' lang='lat' dir='ltr'>cum</span> <span class='ocrx_word' id='word_1_207' title='bbox 1260 2222 1448 2285; x_wconf 87' lang='lat' dir='ltr'>Herodiade</span> <span class='ocrx_word' id='word_1_208' title='bbox 1462 2240 1567 2286; x_wconf 86' lang='lat' dir='ltr'>uxore</span> <span class='ocrx_word' id='word_1_209' title='bbox 1581 2241 1641 2286; x_wconf 88' lang='lat' dir='ltr'>sua</span> <span class='ocrx_word' id='word_1_210' title='bbox 1654 2226 1777 2288; x_wconf 89' lang='lat' dir='ltr'>dudum</span> 
     </span>
     <span class='ocr_line' id='line_1_21' title="bbox 122 2316 1775 2399; baseline 0.007 -25"><span class='ocrx_word' id='word_1_211' title='bbox 122 2318 180 2378; x_wconf 91' lang='lat' dir='ltr'>est</span> <span class='ocrx_word' id='word_1_212' title='bbox 206 2317 292 2395; x_wconf 93' lang='lat' dir='ltr'>quod</span> <span class='ocrx_word' id='word_1_213' title='bbox 317 2320 390 2395; x_wconf 82' lang='lat' dir='ltr'>eJus</span> <span class='ocrx_word' id='word_1_214' title='bbox 419 2320 583 2381; x_wconf 81' lang='lat' dir='ltr'>sententia</span> <span class='ocrx_word' id='word_1_215' title='bbox 604 2324 772 2399; x_wconf 70' lang='lat' dir='ltr'>praecedat</span> <span class='ocrx_word' id='word_1_216' title='bbox 793 2327 928 2388; x_wconf 72' lang='lat' dir='ltr'>senten.</span> <span class='ocrx_word' id='word_1_217' title='bbox 981 2316 1171 2378; x_wconf 82' lang='lat' dir='ltr'>inexilium</span> <span class='ocrx_word' id='word_1_218' title='bbox 1194 2318 1367 2395; x_wconf 81' lang='lat' dir='ltr'>relegavit,</span> <span class='ocrx_word' id='word_1_219' title='bbox 1392 2319 1504 2398; x_wconf 86' lang='lat' dir='ltr'>ibique</span> <span class='ocrx_word' id='word_1_220' title='bbox 1528 2322 1629 2383; x_wconf 88' lang='lat' dir='ltr'>vitam</span> <span class='ocrx_word' id='word_1_221' title='bbox 1656 2322 1775 2386; x_wconf 87' lang='lat' dir='ltr'>linivit.</span> 
     </span>
     <span class='ocr_line' id='line_1_22' title="bbox 124 2412 1778 2496; baseline 0.011 -22"><span class='ocrx_word' id='word_1_222' title='bbox 124 2414 210 2475; x_wconf 90' lang='lat' dir='ltr'>tiam</span> <span class='ocrx_word' id='word_1_223' title='bbox 224 2413 312 2486; x_wconf 87' lang='lat' dir='ltr'>coeii,</span> <span class='ocrx_word' id='word_1_224' title='bbox 329 2416 363 2476; x_wconf 87' lang='lat' dir='ltr'>et</span> <span class='ocrx_word' id='word_1_225' title='bbox 381 2430 477 2493; x_wconf 88' lang='lat' dir='ltr'>quem</span> <span class='ocrx_word' id='word_1_226' title='bbox 501 2417 573 2494; x_wconf 89' lang='lat' dir='ltr'>ipse</span> <span class='ocrx_word' id='word_1_227' title='bbox 588 2419 816 2496; x_wconf 86' lang='lat' dir='ltr'>reprobaverit</span> <span class='ocrx_word' id='word_1_228' title='bbox 839 2423 927 2486; x_wconf 90' lang='lat' dir='ltr'>Deus</span> <span class='ocrx_word' id='word_1_229' title='bbox 981 2412 1370 2492; x_wconf 79' lang='lat' dir='ltr'>Herodesverolgrippa</span> <span class='ocrx_word' id='word_1_230' title='bbox 1384 2415 1692 2479; x_wconf 69' lang='lat' dir='ltr'>fraterflewdiadis</span> <span class='ocrx_word' id='word_1_231' title='bbox 1706 2418 1778 2481; x_wconf 73' lang='lat' dir='ltr'>fac·</span> 
     </span>
     <span class='ocr_line' id='line_1_23' title="bbox 125 2509 1776 2596; baseline 0.011 -27"><span class='ocrx_word' id='word_1_232' title='bbox 125 2509 278 2583; x_wconf 89' lang='lat' dir='ltr'>damnet,</span> <span class='ocrx_word' id='word_1_233' title='bbox 293 2527 390 2588; x_wconf 92' lang='lat' dir='ltr'>quem</span> <span class='ocrx_word' id='word_1_234' title='bbox 409 2513 482 2590; x_wconf 88' lang='lat' dir='ltr'>ipse</span> <span class='ocrx_word' id='word_1_235' title='bbox 504 2514 683 2577; x_wconf 76' lang='lat' dir='ltr'>absolverit</span> <span class='ocrx_word' id='word_1_236' title='bbox 701 2519 789 2578; x_wconf 90' lang='lat' dir='ltr'>Deus</span> <span class='ocrx_word' id='word_1_237' title='bbox 804 2534 927 2596; x_wconf 90' lang='lat' dir='ltr'>appro-</span> <span class='ocrx_word' id='word_1_238' title='bbox 980 2510 1034 2571; x_wconf 70' lang='lat' dir='ltr'>tus</span> <span class='ocrx_word' id='word_1_239' title='bbox 1058 2512 1107 2573; x_wconf 69' lang='grc' dir='ltr'>θθῒ</span> <span class='ocrx_word' id='word_1_240' title='bbox 1126 2526 1188 2572; x_wconf 71' lang='lat' dir='ltr'>rex</span> <span class='ocrx_word' id='word_1_241' title='bbox 1200 2512 1493 2589; x_wconf 71' lang='lat' dir='ltr'>Jel&#39;OSOll&#39;mOPum·</span> <span class='ocrx_word' id='word_1_242' title='bbox 1512 2515 1585 2586; x_wconf 78' lang='lat' dir='ltr'>Qui,</span> <span class='ocrx_word' id='word_1_243' title='bbox 1603 2520 1638 2577; x_wconf 90' lang='lat' dir='ltr'>ut</span> <span class='ocrx_word' id='word_1_244' title='bbox 1650 2516 1776 2579; x_wconf 76' lang='lat' dir='ltr'>Judaeis</span> 
     </span>
     <span class='ocr_line' id='line_1_24' title="bbox 123 2606 1798 2693; baseline 0.007 -29"><span class='ocrx_word' id='word_1_245' title='bbox 123 2606 194 2668; x_wconf 86' lang='lat' dir='ltr'>bet.</span> <span class='ocrx_word' id='word_1_246' title='bbox 207 2609 295 2669; x_wconf 83' lang='lat' dir='ltr'>Vere</span> <span class='ocrx_word' id='word_1_247' title='bbox 310 2609 458 2672; x_wconf 81' lang='lat' dir='ltr'>Ecclesia</span> <span class='ocrx_word' id='word_1_248' title='bbox 473 2626 548 2672; x_wconf 85' lang='lat' dir='ltr'>cum</span> <span class='ocrx_word' id='word_1_249' title='bbox 562 2613 629 2676; x_wconf 73' lang='lat' dir='ltr'>Deo</span> <span class='ocrx_word' id='word_1_250' title='bbox 649 2614 700 2676; x_wconf 76' lang='lat' dir='ltr'>est</span> <span class='ocrx_word' id='word_1_251' title='bbox 716 2631 801 2677; x_wconf 77' lang='lat' dir='ltr'>unus</span> <span class='ocrx_word' id='word_1_252' title='bbox 820 2616 925 2693; x_wconf 79' lang='lat' dir='ltr'>spiri.</span> <span class='ocrx_word' id='word_1_253' title='bbox 980 2607 1135 2684; x_wconf 86' lang='lat' dir='ltr'>placeret,</span> <span class='ocrx_word' id='word_1_254' title='bbox 1153 2607 1319 2672; x_wconf 86' lang='lat' dir='ltr'>interfecit</span> <span class='ocrx_word' id='word_1_255' title='bbox 1337 2610 1496 2672; x_wconf 79' lang='lat' dir='ltr'>iacobum</span> <span class='ocrx_word' id='word_1_256' title='bbox 1519 2612 1653 2674; x_wconf 85' lang='lat' dir='ltr'>tratrem</span> <span class='ocrx_word' id='word_1_257' title='bbox 1671 2616 1777 2677; x_wconf 80' lang='lat' dir='ltr'>toan·</span> <span class='ocrx_word' id='word_1_258' title='bbox 1795 2679 1798 2683; x_wconf 73' lang='grc'><strong>,</strong></span> 
     </span>
     <span class='ocr_line' id='line_1_25' title="bbox 123 2703 1776 2786; baseline 0.011 -18"><span class='ocrx_word' id='word_1_259' title='bbox 123 2705 193 2776; x_wconf 88' lang='lat' dir='ltr'>tus,</span> <span class='ocrx_word' id='word_1_260' title='bbox 219 2704 277 2767; x_wconf 90' lang='lat' dir='ltr'>ubi</span> <span class='ocrx_word' id='word_1_261' title='bbox 297 2706 391 2768; x_wconf 88' lang='lat' dir='ltr'>tauta</span> <span class='ocrx_word' id='word_1_262' title='bbox 417 2708 467 2770; x_wconf 90' lang='lat' dir='ltr'>est</span> <span class='ocrx_word' id='word_1_263' title='bbox 492 2709 603 2771; x_wconf 90' lang='lat' dir='ltr'>unitas</span> <span class='ocrx_word' id='word_1_264' title='bbox 632 2712 871 2774; x_wconf 90' lang='lat' dir='ltr'>sententiarum</span> <span class='ocrx_word' id='word_1_265' title='bbox 893 2717 926 2776; x_wconf 87' lang='lat' dir='ltr'>el</span> <span class='ocrx_word' id='word_1_266' title='bbox 980 2703 1032 2765; x_wconf 70' lang='lat'>111⁸</span> <span class='ocrx_word' id='word_1_267' title='bbox 1046 2705 1169 2780; x_wconf 71' lang='lat' dir='ltr'>gladio»</span> <span class='ocrx_word' id='word_1_268' title='bbox 1186 2706 1776 2786; x_wconf 60' lang='lat' dir='ltr'>&amp;DPOSUitefiflmUtapprehenderet</span> 
     </span>
     <span class='ocr_line' id='line_1_26' title="bbox 124 2802 1776 2885; baseline 0.01 -23"><span class='ocrx_word' id='word_1_269' title='bbox 124 2802 349 2864; x_wconf 81' lang='lat' dir='ltr'>voluntatum.</span> <span class='ocrx_word' id='word_1_270' title='bbox 382 2804 472 2866; x_wconf 91' lang='lat' dir='ltr'>Unde</span> <span class='ocrx_word' id='word_1_271' title='bbox 496 2807 673 2883; x_wconf 88' lang='lat' dir='ltr'>Apostolus</span> <span class='ocrx_word' id='word_1_272' title='bbox 692 2829 700 2870; x_wconf 79' lang='lat' dir='ltr'>t</span> <span class='ocrx_word' id='word_1_273' title='bbox 719 2812 782 2876; x_wconf 78' lang='lat' dir='ltr'>dal</span> <span class='ocrx_word' id='word_1_274' title='bbox 807 2811 926 2874; x_wconf 82' lang='lat' dir='ltr'>catam</span> <span class='ocrx_word' id='word_1_275' title='bbox 979 2803 1436 2880; x_wconf 68' lang='lat' dir='ltr'>etPeirum215llass⁵011min</span> <span class='ocrx_word' id='word_1_276' title='bbox 1457 2821 1627 2869; x_wconf 75' lang='lat' dir='ltr'>carcerem</span> <span class='ocrx_word' id='word_1_277' title='bbox 1642 2809 1776 2885; x_wconf 75' lang='lat' dir='ltr'>propter</span> 
     </span>
     <span class='ocr_line' id='line_1_27' title="bbox 123 2898 1777 2980; baseline 0.008 -18"><span class='ocrx_word' id='word_1_278' title='bbox 123 2901 282 2962; x_wconf 79' lang='lat' dir='ltr'>adaoerct</span> <span class='ocrx_word' id='word_1_279' title='bbox 304 2904 386 2974; x_wconf 85' lang='lat' dir='ltr'>Deo,</span> <span class='ocrx_word' id='word_1_280' title='bbox 416 2917 507 2965; x_wconf 83' lang='lat' dir='ltr'>anus</span> <span class='ocrx_word' id='word_1_281' title='bbox 533 2906 680 2979; x_wconf 77' lang='lat' dir='ltr'>spiritus</span> <span class='ocrx_word' id='word_1_282' title='bbox 705 2908 757 2969; x_wconf 84' lang='lat' dir='ltr'>est</span> <span class='ocrx_word' id='word_1_283' title='bbox 781 2922 860 2969; x_wconf 81' lang='lat' dir='ltr'>cam</span> <span class='ocrx_word' id='word_1_284' title='bbox 884 2924 925 2972; x_wconf 86' lang='lat' dir='ltr'>eo</span> <span class='ocrx_word' id='word_1_285' title='bbox 979 2898 1050 2961; x_wconf 72' lang='lat' dir='ltr'>dies</span> <span class='ocrx_word' id='word_1_286' title='bbox 1077 2916 1284 2977; x_wconf 51' lang='lat' dir='ltr'>alimmum,</span> <span class='ocrx_word' id='word_1_287' title='bbox 1314 2902 1391 2963; x_wconf 74' lang='lat' dir='ltr'>viiae</span> <span class='ocrx_word' id='word_1_288' title='bbox 1426 2901 1518 2963; x_wconf 74' lang='lat' dir='ltr'>illius</span> <span class='ocrx_word' id='word_1_289' title='bbox 1552 2919 1709 2980; x_wconf 71' lang='lat' dir='ltr'>parcens,</span> <span class='ocrx_word' id='word_1_290' title='bbox 1739 2906 1777 2966; x_wconf 75' lang='lat' dir='ltr'>ut</span> 
     </span>
     <span class='ocr_line' id='line_1_28' title="bbox 125 2996 1775 3080; baseline 0.003 -23"><span class='ocrx_word' id='word_1_291' title='bbox 125 2996 156 3076; x_wconf 92' lang='lat'>(1</span> <span class='ocrx_word' id='word_1_292' title='bbox 170 2998 245 3058; x_wconf 84' lang='lat' dir='ltr'>Cor.</span> <span class='ocrx_word' id='word_1_293' title='bbox 262 3013 308 3071; x_wconf 82' lang='lat' dir='ltr'>vr,</span> <span class='ocrx_word' id='word_1_294' title='bbox 323 2997 386 3077; x_wconf 84' lang='lat'>17).</span> <span class='ocrx_word' id='word_1_295' title='bbox 401 2999 520 3061; x_wconf 85' lang='lat' dir='ltr'>Tribus</span> <span class='ocrx_word' id='word_1_296' title='bbox 530 3000 641 3080; x_wconf 89' lang='lat' dir='ltr'>itaque</span> <span class='ocrx_word' id='word_1_297' title='bbox 657 3003 763 3065; x_wconf 93' lang='lat' dir='ltr'>modis</span> <span class='ocrx_word' id='word_1_298' title='bbox 776 3005 924 3068; x_wconf 85' lang='lat' dir='ltr'>Ecclesia</span> <span class='ocrx_word' id='word_1_299' title='bbox 979 2998 1092 3074; x_wconf 89' lang='lat' dir='ltr'>postea</span> <span class='ocrx_word' id='word_1_300' title='bbox 1115 3013 1190 3058; x_wconf 92' lang='lat' dir='ltr'>eum</span> <span class='ocrx_word' id='word_1_301' title='bbox 1218 2998 1432 3062; x_wconf 79' lang='lat' dir='ltr'>interficeret.</span> <span class='ocrx_word' id='word_1_302' title='bbox 1460 3000 1524 3061; x_wconf 87' lang='lat' dir='ltr'>Sed</span> <span class='ocrx_word' id='word_1_303' title='bbox 1552 3001 1707 3063; x_wconf 82' lang='lat' dir='ltr'>clamavit</span> <span class='ocrx_word' id='word_1_304' title='bbox 1732 3000 1775 3063; x_wconf 88' lang='lat' dir='ltr'>ad</span> 
     </span>
     <span class='ocr_line' id='line_1_29' title="bbox 123 3094 1775 3178; baseline 0.003 -24"><span class='ocrx_word' id='word_1_305' title='bbox 123 3094 210 3170; x_wconf 83' lang='lat' dir='ltr'>ligat</span> <span class='ocrx_word' id='word_1_306' title='bbox 233 3095 266 3156; x_wconf 89' lang='lat' dir='ltr'>et</span> <span class='ocrx_word' id='word_1_307' title='bbox 289 3095 399 3157; x_wconf 84' lang='lat' dir='ltr'>solvit.</span> <span class='ocrx_word' id='word_1_308' title='bbox 423 3096 529 3159; x_wconf 86' lang='lat' dir='ltr'>Solvit</span> <span class='ocrx_word' id='word_1_309' title='bbox 554 3099 751 3162; x_wconf 79' lang='lat' dir='ltr'>remittendo</span> <span class='ocrx_word' id='word_1_310' title='bbox 775 3103 921 3178; x_wconf 78' lang='lat' dir='ltr'>peccata,</span> <span class='ocrx_word' id='word_1_311' title='bbox 978 3095 1154 3156; x_wconf 91' lang='lat' dir='ltr'>Dominum</span> <span class='ocrx_word' id='word_1_312' title='bbox 1170 3097 1288 3158; x_wconf 89' lang='lat' dir='ltr'>Petrus</span> <span class='ocrx_word' id='word_1_313' title='bbox 1303 3097 1337 3159; x_wconf 91' lang='lat' dir='ltr'>et</span> <span class='ocrx_word' id='word_1_314' title='bbox 1355 3096 1514 3159; x_wconf 89' lang='lat' dir='ltr'>liberatus</span> <span class='ocrx_word' id='word_1_315' title='bbox 1530 3098 1581 3160; x_wconf 89' lang='lat' dir='ltr'>est</span> <span class='ocrx_word' id='word_1_316' title='bbox 1597 3114 1655 3176; x_wconf 89' lang='lat' dir='ltr'>per</span> <span class='ocrx_word' id='word_1_317' title='bbox 1669 3113 1775 3174; x_wconf 82' lang='lat' dir='ltr'>ange-</span> 
     </span>
     <span class='ocr_line' id='line_1_30' title="bbox 123 3191 1773 3278; baseline 0.004 -28"><span class='ocrx_word' id='word_1_318' title='bbox 123 3191 212 3268; x_wconf 83' lang='lat' dir='ltr'>ligat</span> <span class='ocrx_word' id='word_1_319' title='bbox 227 3193 413 3255; x_wconf 87' lang='lat' dir='ltr'>retinendo.</span> <span class='ocrx_word' id='word_1_320' title='bbox 429 3194 522 3256; x_wconf 84' lang='lat' dir='ltr'>Unde</span> <span class='ocrx_word' id='word_1_321' title='bbox 542 3196 700 3259; x_wconf 85' lang='lat' dir='ltr'>Dominus</span> <span class='ocrx_word' id='word_1_322' title='bbox 719 3198 923 3278; x_wconf 69' lang='lat' dir='ltr'>inlivange-</span> <span class='ocrx_word' id='word_1_323' title='bbox 979 3193 1047 3256; x_wconf 91' lang='lat' dir='ltr'>lum</span> <span class='ocrx_word' id='word_1_324' title='bbox 1073 3193 1113 3254; x_wconf 91' lang='lat' dir='ltr'>de</span> <span class='ocrx_word' id='word_1_325' title='bbox 1139 3209 1285 3255; x_wconf 91' lang='lat' dir='ltr'>carcere.</span> <span class='ocrx_word' id='word_1_326' title='bbox 1311 3195 1390 3256; x_wconf 86' lang='lat' dir='ltr'>Haec</span> <span class='ocrx_word' id='word_1_327' title='bbox 1420 3194 1561 3257; x_wconf 86' lang='lat' dir='ltr'>historia</span> <span class='ocrx_word' id='word_1_328' title='bbox 1587 3196 1624 3257; x_wconf 94' lang='lat' dir='ltr'>in</span> <span class='ocrx_word' id='word_1_329' title='bbox 1656 3196 1773 3257; x_wconf 87' lang='lat' dir='ltr'>sancta</span> 
     </span>
     <span class='ocr_line' id='line_1_31' title="bbox 123 3288 1774 3369; baseline 0.004 -21"><span class='ocrx_word' id='word_1_330' title='bbox 123 3288 171 3350; x_wconf 91' lang='lat' dir='ltr'>lio</span> <span class='ocrx_word' id='word_1_331' title='bbox 194 3310 202 3349; x_wconf 91' lang='lat'>:</span> <span class='ocrx_word' id='word_1_332' title='bbox 225 3292 379 3357; x_wconf 76' lang='lat' dir='ltr'>Qacmlm</span> <span class='ocrx_word' id='word_1_333' title='bbox 397 3294 607 3355; x_wconf 67' lang='lat' dir='ltr'>reclamatis·</span> <span class='ocrx_word' id='word_1_334' title='bbox 630 3296 770 3369; x_wconf 81' lang='lat' dir='ltr'>peccala</span> <span class='ocrx_word' id='word_1_335' title='bbox 796 3299 922 3360; x_wconf 72' lang='lat' dir='ltr'>replu-</span> <span class='ocrx_word' id='word_1_336' title='bbox 979 3291 1126 3351; x_wconf 85' lang='lat' dir='ltr'>Ecclesia</span> <span class='ocrx_word' id='word_1_337' title='bbox 1147 3290 1335 3352; x_wconf 90' lang='lat' dir='ltr'>celebratur</span> <span class='ocrx_word' id='word_1_338' title='bbox 1360 3291 1565 3369; x_wconf 79' lang='lat' dir='ltr'>frequenter,</span> <span class='ocrx_word' id='word_1_339' title='bbox 1594 3293 1627 3354; x_wconf 92' lang='lat' dir='ltr'>et</span> <span class='ocrx_word' id='word_1_340' title='bbox 1654 3293 1689 3354; x_wconf 91' lang='lat' dir='ltr'>in</span> <span class='ocrx_word' id='word_1_341' title='bbox 1715 3309 1774 3353; x_wconf 92' lang='lat' dir='ltr'>su-</span> 
     </span>
     <span class='ocr_line' id='line_1_32' title="bbox 122 3385 1774 3464; baseline 0.002 -18"><span class='ocrx_word' id='word_1_342' title='bbox 122 3386 251 3447; x_wconf 82' lang='lat' dir='ltr'>tuatar</span> <span class='ocrx_word' id='word_1_343' title='bbox 269 3390 330 3459; x_wconf 86' lang='lat' dir='ltr'>eis,</span> <span class='ocrx_word' id='word_1_344' title='bbox 347 3389 540 3464; x_wconf 82' lang='lat' dir='ltr'>etquoram</span> <span class='ocrx_word' id='word_1_345' title='bbox 555 3391 774 3454; x_wconf 59' lang='lat' dir='ltr'>retamenta</span> <span class='ocrx_word' id='word_1_346' title='bbox 787 3395 924 3459; x_wconf 71' lang='lat' dir='ltr'>retenta</span> <span class='ocrx_word' id='word_1_347' title='bbox 978 3385 1112 3462; x_wconf 81' lang='lat' dir='ltr'>perticis</span> <span class='ocrx_word' id='word_1_348' title='bbox 1140 3386 1280 3449; x_wconf 87' lang='lat' dir='ltr'>historia</span> <span class='ocrx_word' id='word_1_349' title='bbox 1304 3401 1365 3448; x_wconf 90' lang='lat' dir='ltr'>nos</span> <span class='ocrx_word' id='word_1_350' title='bbox 1393 3388 1543 3456; x_wconf 87' lang='lat' dir='ltr'>instruit,</span> <span class='ocrx_word' id='word_1_351' title='bbox 1569 3389 1602 3449; x_wconf 92' lang='lat' dir='ltr'>et</span> <span class='ocrx_word' id='word_1_352' title='bbox 1627 3388 1774 3449; x_wconf 90' lang='lat' dir='ltr'>medulla</span> 
     </span>
     <span class='ocr_line' id='line_1_33' title="bbox 121 3482 1772 3564; baseline 0.001 -21"><span class='ocrx_word' id='word_1_353' title='bbox 121 3484 208 3543; x_wconf 76' lang='lat' dir='ltr'>silici</span> <span class='ocrx_word' id='word_1_354' title='bbox 224 3482 335 3563; x_wconf 81' lang='lat' dir='ltr'>(toan.</span> <span class='ocrx_word' id='word_1_355' title='bbox 358 3484 581 3564; x_wconf 78' lang='lat' dir='ltr'>xx,23).1lem</span> <span class='ocrx_word' id='word_1_356' title='bbox 595 3487 678 3563; x_wconf 82' lang='lat' dir='ltr'>ligat</span> <span class='ocrx_word' id='word_1_357' title='bbox 696 3490 925 3551; x_wconf 83' lang='lat' dir='ltr'>excommunl-</span> <span class='ocrx_word' id='word_1_358' title='bbox 978 3483 1092 3554; x_wconf 88' lang='lat' dir='ltr'>trilici,</span> <span class='ocrx_word' id='word_1_359' title='bbox 1109 3483 1206 3556; x_wconf 86' lang='lat' dir='ltr'>idest,</span> <span class='ocrx_word' id='word_1_360' title='bbox 1217 3483 1401 3559; x_wconf 86' lang='lat' dir='ltr'>spiritualis</span> <span class='ocrx_word' id='word_1_361' title='bbox 1413 3483 1598 3545; x_wconf 89' lang='lat' dir='ltr'>intellectus</span> <span class='ocrx_word' id='word_1_362' title='bbox 1610 3484 1700 3547; x_wconf 92' lang='lat' dir='ltr'>intus</span> <span class='ocrx_word' id='word_1_363' title='bbox 1711 3500 1772 3546; x_wconf 89' lang='lat' dir='ltr'>nos</span> 
     </span>
     <span class='ocr_line' id='line_1_34' title="bbox 123 3579 1093 3663; baseline 0.009 -24"><span class='ocrx_word' id='word_1_364' title='bbox 123 3579 244 3651; x_wconf 87' lang='lat' dir='ltr'>cande,</span> <span class='ocrx_word' id='word_1_365' title='bbox 260 3580 359 3644; x_wconf 85' lang='lat' dir='ltr'>solvit</span> <span class='ocrx_word' id='word_1_366' title='bbox 377 3582 419 3643; x_wconf 90' lang='lat' dir='ltr'>ad</span> <span class='ocrx_word' id='word_1_367' title='bbox 440 3585 705 3646; x_wconf 89' lang='lat' dir='ltr'>communionem</span> <span class='ocrx_word' id='word_1_368' title='bbox 719 3586 922 3663; x_wconf 90' lang='lat' dir='ltr'>recipiendo.</span> <span class='ocrx_word' id='word_1_369' title='bbox 977 3579 1093 3656; x_wconf 75' lang='lat' dir='ltr'>pascit·</span> 
     </span>
     <span class='ocr_line' id='line_1_35' title="bbox 124 3676 1770 3757; baseline -0.002 -17"><span class='ocrx_word' id='word_1_370' title='bbox 124 3677 221 3738; x_wconf 89' lang='lat' dir='ltr'>Unde</span> <span class='ocrx_word' id='word_1_371' title='bbox 236 3679 437 3756; x_wconf 86' lang='lat' dir='ltr'>praeceptum</span> <span class='ocrx_word' id='word_1_372' title='bbox 453 3681 525 3742; x_wconf 89' lang='lat' dir='ltr'>erat</span> <span class='ocrx_word' id='word_1_373' title='bbox 545 3680 579 3740; x_wconf 95' lang='lat' dir='ltr'>in</span> <span class='ocrx_word' id='word_1_374' title='bbox 600 3683 698 3757; x_wconf 83' lang='lat' dir='ltr'>Lege,</span> <span class='ocrx_word' id='word_1_375' title='bbox 715 3683 752 3745; x_wconf 87' lang='lat' dir='ltr'>ut</span> <span class='ocrx_word' id='word_1_376' title='bbox 774 3682 873 3745; x_wconf 88' lang='lat' dir='ltr'>homo</span> <span class='ocrx_word' id='word_1_377' title='bbox 887 3685 923 3746; x_wconf 87' lang='lat' dir='ltr'>in</span> <span class='ocrx_word' id='word_1_378' title='bbox 1017 3676 1164 3738; x_wconf 89' lang='lat' dir='ltr'>Historia</span> <span class='ocrx_word' id='word_1_379' title='bbox 1179 3676 1357 3753; x_wconf 89' lang='lat' dir='ltr'>dupliciter</span> <span class='ocrx_word' id='word_1_380' title='bbox 1376 3693 1436 3738; x_wconf 94' lang='lat' dir='ltr'>nos</span> <span class='ocrx_word' id='word_1_381' title='bbox 1459 3676 1606 3751; x_wconf 89' lang='lat' dir='ltr'>instruit,</span> <span class='ocrx_word' id='word_1_382' title='bbox 1623 3677 1656 3739; x_wconf 91' lang='lat' dir='ltr'>et</span> <span class='ocrx_word' id='word_1_383' title='bbox 1669 3677 1706 3739; x_wconf 91' lang='lat' dir='ltr'>ul</span> <span class='ocrx_word' id='word_1_384' title='bbox 1728 3676 1770 3737; x_wconf 92' lang='lat' dir='ltr'>ad</span> 
     </span>
     <span class='ocr_line' id='line_1_36' title="bbox 122 3774 1771 3853; baseline 0.008 -20"><span class='ocrx_word' id='word_1_385' title='bbox 122 3789 190 3850; x_wconf 94' lang='lat' dir='ltr'>quo</span> <span class='ocrx_word' id='word_1_386' title='bbox 216 3775 349 3851; x_wconf 80' lang='lat' dir='ltr'>signum</span> <span class='ocrx_word' id='word_1_387' title='bbox 373 3776 475 3853; x_wconf 85' lang='lat' dir='ltr'>leprae</span> <span class='ocrx_word' id='word_1_388' title='bbox 501 3776 686 3850; x_wconf 84' lang='lat' dir='ltr'>videbatur,</span> <span class='ocrx_word' id='word_1_389' title='bbox 704 3779 923 3842; x_wconf 85' lang='lat' dir='ltr'>adduceretur</span> <span class='ocrx_word' id='word_1_390' title='bbox 977 3776 1080 3836; x_wconf 79' lang='lat' dir='ltr'>Deum</span> <span class='ocrx_word' id='word_1_391' title='bbox 1106 3775 1146 3835; x_wconf 79' lang='lat' dir='ltr'>de</span> <span class='ocrx_word' id='word_1_392' title='bbox 1170 3774 1383 3836; x_wconf 69' lang='lat' dir='ltr'>tribulatifflfl</span> <span class='ocrx_word' id='word_1_393' title='bbox 1407 3775 1597 3846; x_wconf 73' lang='lat' dir='ltr'>clamemus,</span> <span class='ocrx_word' id='word_1_394' title='bbox 1619 3776 1652 3836; x_wconf 73' lang='grc' dir='ltr'>θῒ</span> <span class='ocrx_word' id='word_1_395' title='bbox 1675 3775 1710 3836; x_wconf 74' lang='lat' dir='ltr'>ut</span> <span class='ocrx_word' id='word_1_396' title='bbox 1736 3775 1771 3835; x_wconf 91' lang='lat' dir='ltr'>in</span> 
     </span>
     <span class='ocr_line' id='line_1_37' title="bbox 122 3871 1773 3954; baseline 0.005 -24"><span class='ocrx_word' id='word_1_397' title='bbox 122 3871 166 3931; x_wconf 88' lang='lat' dir='ltr'>ad</span> <span class='ocrx_word' id='word_1_398' title='bbox 183 3872 407 3947; x_wconf 82' lang='lat' dir='ltr'>sacerdotem3</span> <span class='ocrx_word' id='word_1_399' title='bbox 431 3874 464 3935; x_wconf 93' lang='lat' dir='ltr'>et</span> <span class='ocrx_word' id='word_1_400' title='bbox 478 3877 549 3950; x_wconf 83' lang='lat' dir='ltr'>eJus</span> <span class='ocrx_word' id='word_1_401' title='bbox 560 3874 688 3952; x_wconf 89' lang='lat' dir='ltr'>judicio</span> <span class='ocrx_word' id='word_1_402' title='bbox 706 3877 923 3954; x_wconf 87' lang='lat' dir='ltr'>separabatur</span> <span class='ocrx_word' id='word_1_403' title='bbox 976 3871 1141 3949; x_wconf 81' lang='lat' dir='ltr'>principio</span> <span class='ocrx_word' id='word_1_404' title='bbox 1158 3872 1321 3933; x_wconf 80' lang='lat' dir='ltr'>sermonis</span> <span class='ocrx_word' id='word_1_405' title='bbox 1348 3872 1453 3935; x_wconf 79' lang='lat' dir='ltr'>nostri</span> <span class='ocrx_word' id='word_1_406' title='bbox 1480 3872 1700 3949; x_wconf 76' lang='lat' dir='ltr'>nosmetipsos</span> <span class='ocrx_word' id='word_1_407' title='bbox 1713 3887 1773 3933; x_wconf 75' lang='lat' dir='ltr'>ac·</span> 
     </span>
    </p>
   </div>
   <div class='ocr_carea' id='block_1_6' title="bbox 121 3968 1869 4053">
    <p class='ocr_par' dir='ltr' id='par_1_6' title="bbox 121 3968 1869 4053">
     <span class='ocr_line' id='line_1_38' title="bbox 121 3968 1869 4053; baseline 0.001 -25"><span class='ocrx_word' id='word_1_408' title='bbox 121 3968 166 4028; x_wconf 90' lang='lat' dir='ltr'>ab</span> <span class='ocrx_word' id='word_1_409' title='bbox 183 3968 261 4029; x_wconf 90' lang='lat' dir='ltr'>aliis</span> <span class='ocrx_word' id='word_1_410' title='bbox 284 3969 484 4042; x_wconf 90' lang='lat' dir='ltr'>hominibus,</span> <span class='ocrx_word' id='word_1_411' title='bbox 504 3971 557 4033; x_wconf 82' lang='lat' dir='ltr'>vel</span> <span class='ocrx_word' id='word_1_412' title='bbox 579 3972 802 4050; x_wconf 88' lang='lat' dir='ltr'>recipiebatur</span> <span class='ocrx_word' id='word_1_413' title='bbox 820 3990 923 4036; x_wconf 88' lang='lat' dir='ltr'>sana·</span> <span class='ocrx_word' id='word_1_414' title='bbox 977 3985 1140 4041; x_wconf 90' lang='lat' dir='ltr'>cusemus,</span> <span class='ocrx_word' id='word_1_415' title='bbox 1158 3970 1236 4047; x_wconf 91' lang='lat' dir='ltr'>quia</span> <span class='ocrx_word' id='word_1_416' title='bbox 1256 3969 1344 4032; x_wconf 89' lang='lat' dir='ltr'>sicut</span> <span class='ocrx_word' id='word_1_417' title='bbox 1357 3969 1438 4031; x_wconf 89' lang='lat' dir='ltr'>dicit</span> <span class='ocrx_word' id='word_1_418' title='bbox 1457 3969 1635 4031; x_wconf 87' lang='lat' dir='ltr'>Salomon:</span> <span class='ocrx_word' id='word_1_419' title='bbox 1651 3971 1772 4032; x_wconf 81' lang='lat' dir='ltr'>Justas</span> <span class='ocrx_word' id='word_1_420' title='bbox 1866 4048 1869 4053; x_wconf 27' lang='grc' dir='ltr'>Ι</span> 
     </span>
    </p>
   </div>
   <div class='ocr_carea' id='block_1_7' title="bbox 121 4067 1771 4142">
    <p class='ocr_par' dir='ltr' id='par_1_7' title="bbox 121 4067 1771 4142">
     <span class='ocr_line' id='line_1_39' title="bbox 121 4067 1771 4142; baseline 0 -14"><span class='ocrx_word' id='word_1_421' title='bbox 121 4070 190 4129; x_wconf 89' lang='lat' dir='ltr'>tus.</span> <span class='ocrx_word' id='word_1_422' title='bbox 976 4069 1013 4128; x_wconf 85' lang='lat' dir='ltr'>ta</span> <span class='ocrx_word' id='word_1_423' title='bbox 1037 4070 1211 4142; x_wconf 70' lang='lat' dir='ltr'>pitaciolo</span> <span class='ocrx_word' id='word_1_424' title='bbox 1232 4071 1405 4129; x_wconf 81' lang='lat' dir='ltr'>serawals</span> <span class='ocrx_word' id='word_1_425' title='bbox 1432 4068 1614 4129; x_wconf 83' lang='lat' dir='ltr'>accusator</span> <span class='ocrx_word' id='word_1_426' title='bbox 1638 4067 1690 4129; x_wconf 87' lang='lat' dir='ltr'>cst</span> <span class='ocrx_word' id='word_1_427' title='bbox 1715 4069 1771 4129; x_wconf 84' lang='lat' dir='ltr'>sal</span> 
     </span>
    </p>
   </div>
   <div class='ocr_carea' id='block_1_8' title="bbox 163 4161 1890 4244">
    <p class='ocr_par' dir='ltr' id='par_1_8' title="bbox 163 4161 1890 4244">
     <span class='ocr_line' id='line_1_40' title="bbox 163 4161 1890 4244; baseline -0.001 -18"><span class='ocrx_word' id='word_1_428' title='bbox 163 4165 277 4226; x_wconf 78' lang='lat' dir='ltr'>Variae</span> <span class='ocrx_word' id='word_1_429' title='bbox 292 4166 420 4243; x_wconf 88' lang='lat' dir='ltr'>species</span> <span class='ocrx_word' id='word_1_430' title='bbox 439 4167 645 4244; x_wconf 83' lang='lat' dir='ltr'>leprosorum</span> <span class='ocrx_word' id='word_1_431' title='bbox 667 4167 856 4244; x_wconf 82' lang='lat' dir='ltr'>significant</span> <span class='ocrx_word' id='word_1_432' title='bbox 870 4169 922 4230; x_wconf 92' lang='lat' dir='ltr'>di·</span> <span class='ocrx_word' id='word_1_433' title='bbox 977 4162 1088 4242; x_wconf 76' lang='lat' dir='ltr'>(prov.</span> <span class='ocrx_word' id='word_1_434' title='bbox 1107 4179 1203 4235; x_wconf 79' lang='lat' dir='ltr'>xvia,</span> <span class='ocrx_word' id='word_1_435' title='bbox 1227 4161 1290 4244; x_wconf 83' lang='lat'>17).</span> <span class='ocrx_word' id='word_1_436' title='bbox 1312 4164 1545 4226; x_wconf 84' lang='lat' dir='ltr'>clamaverunt</span> <span class='ocrx_word' id='word_1_437' title='bbox 1566 4164 1627 4226; x_wconf 87' lang='lat' dir='ltr'>iiiii</span> <span class='ocrx_word' id='word_1_438' title='bbox 1654 4164 1768 4236; x_wconf 91' lang='lat' dir='ltr'>lsrael,</span> <span class='ocrx_word' id='word_1_439' title='bbox 1887 4184 1890 4189; x_wconf 94' lang='lat'>·</span> 
     </span>
    </p>
   </div>
   <div class='ocr_carea' id='block_1_9' title="bbox 120 4260 1772 4439">
    <p class='ocr_par' dir='ltr' id='par_1_9' title="bbox 120 4260 1772 4439">
     <span class='ocr_line' id='line_1_41' title="bbox 120 4260 1772 4341; baseline -0.002 -17"><span class='ocrx_word' id='word_1_440' title='bbox 120 4263 302 4324; x_wconf 74' lang='lat' dir='ltr'>versitates</span> <span class='ocrx_word' id='word_1_441' title='bbox 327 4265 549 4341; x_wconf 88' lang='lat' dir='ltr'>peccatorum.</span> <span class='ocrx_word' id='word_1_442' title='bbox 576 4265 637 4337; x_wconf 86' lang='lat' dir='ltr'>Qui</span> <span class='ocrx_word' id='word_1_443' title='bbox 659 4266 880 4328; x_wconf 80' lang='lat' dir='ltr'>excluduntur</span> <span class='ocrx_word' id='word_1_444' title='bbox 901 4283 921 4328; x_wconf 92' lang='lat' dir='ltr'>a</span> <span class='ocrx_word' id='word_1_445' title='bbox 975 4261 1008 4323; x_wconf 92' lang='lat' dir='ltr'>et</span> <span class='ocrx_word' id='word_1_446' title='bbox 1033 4261 1194 4322; x_wconf 90' lang='lat' dir='ltr'>Dominus</span> <span class='ocrx_word' id='word_1_447' title='bbox 1216 4261 1256 4322; x_wconf 92' lang='lat' dir='ltr'>de</span> <span class='ocrx_word' id='word_1_448' title='bbox 1276 4262 1529 4323; x_wconf 87' lang='lat' dir='ltr'>necessitatibus</span> <span class='ocrx_word' id='word_1_449' title='bbox 1549 4278 1664 4324; x_wconf 90' lang='lat' dir='ltr'>eorum</span> <span class='ocrx_word' id='word_1_450' title='bbox 1686 4260 1772 4322; x_wconf 92' lang='lat' dir='ltr'>libe-</span> 
     </span>
     <span class='ocr_line' id='line_1_42' title="bbox 120 4357 1768 4439; baseline 0.003 -19"><span class='ocrx_word' id='word_1_451' title='bbox 120 4360 485 4432; x_wconf 89' lang='lat' dir='ltr'>consortiohominum,</span> <span class='ocrx_word' id='word_1_452' title='bbox 498 4362 922 4439; x_wconf 83' lang='lat' dir='ltr'>quandoexcommunican·</span> <span class='ocrx_word' id='word_1_453' title='bbox 976 4357 1062 4419; x_wconf 73' lang='lat' dir='ltr'>ravit</span> <span class='ocrx_word' id='word_1_454' title='bbox 1084 4358 1462 4432; x_wconf 69' lang='lat' dir='ltr'>0083013maVitDassiel</span> <span class='ocrx_word' id='word_1_455' title='bbox 1490 4359 1530 4419; x_wconf 75' lang='lat' dir='ltr'>de</span> <span class='ocrx_word' id='word_1_456' title='bbox 1553 4359 1629 4420; x_wconf 78' lang='lat' dir='ltr'>lacu</span> <span class='ocrx_word' id='word_1_457' title='bbox 1650 4358 1768 4425; x_wconf 80' lang='lat' dir='ltr'>leonis,</span> 
     </span>
    </p>
   </div>
   <div class='ocr_carea' id='block_1_10' title="bbox 119 4446 1892 4531">
    <p class='ocr_par' dir='ltr' id='par_1_10' title="bbox 119 4446 1892 4531">
     <span class='ocr_line' id='line_1_43' title="bbox 119 4446 1892 4531; baseline -0.002 -14"><span class='ocrx_word' id='word_1_458' title='bbox 119 4460 178 4517; x_wconf 91' lang='lat' dir='ltr'>tur</span> <span class='ocrx_word' id='word_1_459' title='bbox 194 4456 236 4518; x_wconf 89' lang='lat' dir='ltr'>ad</span> <span class='ocrx_word' id='word_1_460' title='bbox 254 4456 429 4519; x_wconf 90' lang='lat' dir='ltr'>arbitrium</span> <span class='ocrx_word' id='word_1_461' title='bbox 444 4459 664 4531; x_wconf 89' lang='lat' dir='ltr'>sacerdotum,</span> <span class='ocrx_word' id='word_1_462' title='bbox 679 4461 712 4521; x_wconf 87' lang='lat' dir='ltr'>et</span> <span class='ocrx_word' id='word_1_463' title='bbox 725 4460 846 4522; x_wconf 88' lang='lat' dir='ltr'>iterum</span> <span class='ocrx_word' id='word_1_464' title='bbox 861 4462 922 4522; x_wconf 91' lang='lat' dir='ltr'>ad·</span> <span class='ocrx_word' id='word_1_465' title='bbox 975 4456 1008 4516; x_wconf 87' lang='lat' dir='ltr'>et</span> <span class='ocrx_word' id='word_1_466' title='bbox 1022 4455 1135 4516; x_wconf 91' lang='lat' dir='ltr'>clausa</span> <span class='ocrx_word' id='word_1_467' title='bbox 1151 4455 1228 4517; x_wconf 90' lang='lat' dir='ltr'>sunt</span> <span class='ocrx_word' id='word_1_468' title='bbox 1245 4470 1305 4517; x_wconf 88' lang='lat' dir='ltr'>ora</span> <span class='ocrx_word' id='word_1_469' title='bbox 1331 4454 1479 4530; x_wconf 83' lang='lat' dir='ltr'>leonum3</span> <span class='ocrx_word' id='word_1_470' title='bbox 1495 4456 1652 4517; x_wconf 85' lang='lat' dir='ltr'>clamavit</span> <span class='ocrx_word' id='word_1_471' title='bbox 1667 4458 1770 4517; x_wconf 88' lang='lat' dir='ltr'>Jonas</span> <span class='ocrx_word' id='word_1_472' title='bbox 1881 4446 1892 4459; x_wconf 78' lang='grc'><em>’</em></span> 
     </span>
    </p>
   </div>
   <div class='ocr_carea' id='block_1_11' title="bbox 118 4552 1773 5218">
    <p class='ocr_par' dir='ltr' id='par_1_11' title="bbox 118 4552 1773 5218">
     <span class='ocr_line' id='line_1_44' title="bbox 120 4552 1771 4635; baseline 0.007 -20"><span class='ocrx_word' id='word_1_473' title='bbox 120 4555 300 4615; x_wconf 85' lang='lat' dir='ltr'>mittuntur</span> <span class='ocrx_word' id='word_1_474' title='bbox 322 4555 363 4614; x_wconf 88' lang='lat' dir='ltr'>ad</span> <span class='ocrx_word' id='word_1_475' title='bbox 383 4555 647 4616; x_wconf 90' lang='lat' dir='ltr'>communionem</span> <span class='ocrx_word' id='word_1_476' title='bbox 672 4556 811 4619; x_wconf 88' lang='lat' dir='ltr'>arbitrio</span> <span class='ocrx_word' id='word_1_477' title='bbox 830 4559 922 4635; x_wconf 93' lang='lat' dir='ltr'>ipso-</span> <span class='ocrx_word' id='word_1_478' title='bbox 975 4553 1010 4613; x_wconf 92' lang='lat' dir='ltr'>in</span> <span class='ocrx_word' id='word_1_479' title='bbox 1036 4554 1152 4613; x_wconf 85' lang='lat' dir='ltr'>venire</span> <span class='ocrx_word' id='word_1_480' title='bbox 1175 4552 1250 4626; x_wconf 80' lang='lat' dir='ltr'>ceti,</span> <span class='ocrx_word' id='word_1_481' title='bbox 1276 4554 1309 4614; x_wconf 68' lang='lat' dir='ltr'>ei</span> <span class='ocrx_word' id='word_1_482' title='bbox 1332 4553 1493 4615; x_wconf 87' lang='lat' dir='ltr'>evomitus</span> <span class='ocrx_word' id='word_1_483' title='bbox 1518 4554 1582 4627; x_wconf 72' lang='lat' dir='ltr'>esti</span> <span class='ocrx_word' id='word_1_484' title='bbox 1604 4553 1771 4613; x_wconf 66' lang='lat' dir='ltr'>clamave-</span> 
     </span>
     <span class='ocr_line' id='line_1_45' title="bbox 119 4647 1770 4756; baseline -0.002 -45"><span class='ocrx_word' id='word_1_485' title='bbox 119 4667 210 4711; x_wconf 90' lang='lat' dir='ltr'>rum.</span> <span class='ocrx_word' id='word_1_486' title='bbox 235 4652 315 4712; x_wconf 78' lang='lat' dir='ltr'>Item</span> <span class='ocrx_word' id='word_1_487' title='bbox 341 4652 433 4728; x_wconf 79' lang='lat' dir='ltr'>ligat,</span> <span class='ocrx_word' id='word_1_488' title='bbox 455 4653 682 4730; x_wconf 78' lang='lat' dir='ltr'>paenitentiam</span> <span class='ocrx_word' id='word_1_489' title='bbox 699 4653 918 4732; x_wconf 87' lang='lat' dir='ltr'>imponendo;</span> <span class='ocrx_word' id='word_1_490' title='bbox 975 4651 1052 4711; x_wconf 87' lang='lat' dir='ltr'>runt</span> <span class='ocrx_word' id='word_1_491' title='bbox 1073 4651 1139 4711; x_wconf 89' lang='lat' dir='ltr'>tres</span> <span class='ocrx_word' id='word_1_492' title='bbox 1165 4651 1260 4727; x_wconf 91' lang='lat' dir='ltr'>pueri</span> <span class='ocrx_word' id='word_1_493' title='bbox 1275 4650 1311 4712; x_wconf 92' lang='lat' dir='ltr'>in</span> <span class='ocrx_word' id='word_1_494' title='bbox 1334 4651 1463 4712; x_wconf 90' lang='lat' dir='ltr'>camino</span> <span class='ocrx_word' id='word_1_495' title='bbox 1484 4650 1584 4725; x_wconf 83' lang='lat' dir='ltr'>ignis,</span> <span class='ocrx_word' id='word_1_496' title='bbox 1598 4651 1631 4709; x_wconf 89' lang='lat' dir='ltr'>et</span> <span class='ocrx_word' id='word_1_497' title='bbox 1649 4647 1770 4756; x_wconf 62' lang='lat' dir='ltr'>satiati</span> 
     </span>
     <span class='ocr_line' id='line_1_46' title="bbox 119 4744 1771 4826; baseline -0.002 -18"><span class='ocrx_word' id='word_1_498' title='bbox 119 4749 234 4819; x_wconf 77' lang='lat' dir='ltr'>soluit,</span> <span class='ocrx_word' id='word_1_499' title='bbox 262 4749 490 4826; x_wconf 88' lang='lat' dir='ltr'>poenitentiam</span> <span class='ocrx_word' id='word_1_500' title='bbox 516 4750 697 4826; x_wconf 83' lang='lat' dir='ltr'>mitigando</span> <span class='ocrx_word' id='word_1_501' title='bbox 723 4753 777 4814; x_wconf 88' lang='lat' dir='ltr'>vel</span> <span class='ocrx_word' id='word_1_502' title='bbox 804 4753 920 4813; x_wconf 90' lang='lat' dir='ltr'>indul·</span> <span class='ocrx_word' id='word_1_503' title='bbox 976 4747 1067 4821; x_wconf 90' lang='lat' dir='ltr'>sunt;</span> <span class='ocrx_word' id='word_1_504' title='bbox 1084 4747 1241 4809; x_wconf 85' lang='lat' dir='ltr'>clamavit</span> <span class='ocrx_word' id='word_1_505' title='bbox 1252 4748 1380 4819; x_wconf 87' lang='lat' dir='ltr'>Petrus,</span> <span class='ocrx_word' id='word_1_506' title='bbox 1397 4748 1429 4809; x_wconf 88' lang='lat' dir='ltr'>ei</span> <span class='ocrx_word' id='word_1_507' title='bbox 1444 4763 1503 4823; x_wconf 90' lang='lat' dir='ltr'>per</span> <span class='ocrx_word' id='word_1_508' title='bbox 1517 4745 1671 4822; x_wconf 83' lang='lat' dir='ltr'>angelum</span> <span class='ocrx_word' id='word_1_509' title='bbox 1687 4744 1771 4805; x_wconf 81' lang='lat' dir='ltr'>llbe-</span> 
     </span>
     <span class='ocr_line' id='line_1_47' title="bbox 118 4842 1772 4927; baseline -0.003 -20"><span class='ocrx_word' id='word_1_510' title='bbox 118 4845 243 4922; x_wconf 81' lang='lat' dir='ltr'>gendo.</span> <span class='ocrx_word' id='word_1_511' title='bbox 260 4846 354 4907; x_wconf 91' lang='lat' dir='ltr'>Unde</span> <span class='ocrx_word' id='word_1_512' title='bbox 369 4848 571 4924; x_wconf 84' lang='lat' dir='ltr'>praeceptum</span> <span class='ocrx_word' id='word_1_513' title='bbox 584 4849 656 4909; x_wconf 87' lang='lat' dir='ltr'>erat</span> <span class='ocrx_word' id='word_1_514' title='bbox 672 4848 708 4909; x_wconf 93' lang='lat' dir='ltr'>in</span> <span class='ocrx_word' id='word_1_515' title='bbox 726 4851 824 4927; x_wconf 82' lang='lat' dir='ltr'>Lege,</span> <span class='ocrx_word' id='word_1_516' title='bbox 841 4852 879 4912; x_wconf 88' lang='lat' dir='ltr'>ut</span> <span class='ocrx_word' id='word_1_517' title='bbox 891 4851 921 4913; x_wconf 90' lang='lat' dir='ltr'>si</span> <span class='ocrx_word' id='word_1_518' title='bbox 975 4848 1068 4905; x_wconf 88' lang='lat' dir='ltr'>ratus</span> <span class='ocrx_word' id='word_1_519' title='bbox 1092 4848 1152 4917; x_wconf 86' lang='lat' dir='ltr'>est,</span> <span class='ocrx_word' id='word_1_520' title='bbox 1180 4846 1213 4906; x_wconf 90' lang='lat' dir='ltr'>et</span> <span class='ocrx_word' id='word_1_521' title='bbox 1239 4845 1279 4905; x_wconf 89' lang='lat' dir='ltr'>de</span> <span class='ocrx_word' id='word_1_522' title='bbox 1302 4842 1455 4905; x_wconf 86' lang='lat' dir='ltr'>manibus</span> <span class='ocrx_word' id='word_1_523' title='bbox 1480 4845 1552 4920; x_wconf 89' lang='lat' dir='ltr'>ejus</span> <span class='ocrx_word' id='word_1_524' title='bbox 1580 4842 1772 4904; x_wconf 85' lang='lat' dir='ltr'>ceciderunt</span> 
     </span>
     <span class='ocr_line' id='line_1_48' title="bbox 118 4939 1767 5019; baseline -0.001 -17"><span class='ocrx_word' id='word_1_525' title='bbox 118 4958 252 5019; x_wconf 89' lang='lat' dir='ltr'>pauper</span> <span class='ocrx_word' id='word_1_526' title='bbox 265 4943 412 5004; x_wconf 91' lang='lat' dir='ltr'>animam</span> <span class='ocrx_word' id='word_1_527' title='bbox 428 4960 522 5005; x_wconf 90' lang='lat' dir='ltr'>suam</span> <span class='ocrx_word' id='word_1_528' title='bbox 543 4946 610 5007; x_wconf 89' lang='lat' dir='ltr'>Deo</span> <span class='ocrx_word' id='word_1_529' title='bbox 633 4947 781 5019; x_wconf 85' lang='lat' dir='ltr'>voveret,</span> <span class='ocrx_word' id='word_1_530' title='bbox 797 4948 830 5010; x_wconf 89' lang='lat' dir='ltr'>et</span> <span class='ocrx_word' id='word_1_531' title='bbox 844 4948 922 5008; x_wconf 92' lang='lat' dir='ltr'>red·</span> <span class='ocrx_word' id='word_1_532' title='bbox 975 4944 1112 5003; x_wconf 87' lang='lat' dir='ltr'>catenae.</span> <span class='ocrx_word' id='word_1_533' title='bbox 1126 4941 1311 5002; x_wconf 86' lang='lat' dir='ltr'>Clamemus</span> <span class='ocrx_word' id='word_1_534' title='bbox 1326 4941 1359 5003; x_wconf 89' lang='lat' dir='ltr'>et</span> <span class='ocrx_word' id='word_1_535' title='bbox 1372 4955 1444 5011; x_wconf 89' lang='lat' dir='ltr'>nos,</span> <span class='ocrx_word' id='word_1_536' title='bbox 1461 4957 1536 5001; x_wconf 90' lang='lat' dir='ltr'>cum</span> <span class='ocrx_word' id='word_1_537' title='bbox 1557 4939 1767 5012; x_wconf 88' lang='lat' dir='ltr'>tribulamur,</span> 
     </span>
     <span class='ocr_line' id='line_1_49' title="bbox 118 5037 1771 5120; baseline 0.009 -20"><span class='ocrx_word' id='word_1_538' title='bbox 118 5040 202 5101; x_wconf 86' lang='lat' dir='ltr'>dere</span> <span class='ocrx_word' id='word_1_539' title='bbox 224 5040 478 5102; x_wconf 73' lang='lat' dir='ltr'>aestimationem</span> <span class='ocrx_word' id='word_1_540' title='bbox 501 5040 737 5119; x_wconf 86' lang='lat' dir='ltr'>redemptionis</span> <span class='ocrx_word' id='word_1_541' title='bbox 761 5060 820 5120; x_wconf 92' lang='lat' dir='ltr'>pro</span> <span class='ocrx_word' id='word_1_542' title='bbox 844 5047 921 5113; x_wconf 89' lang='lat' dir='ltr'>voto</span> <span class='ocrx_word' id='word_1_543' title='bbox 975 5041 1007 5101; x_wconf 73' lang='lat' dir='ltr'>et</span> <span class='ocrx_word' id='word_1_544' title='bbox 1022 5039 1180 5100; x_wconf 70' lang='lat' dir='ltr'>Dominus</span> <span class='ocrx_word' id='word_1_545' title='bbox 1202 5037 1359 5100; x_wconf 65' lang='lat' dir='ltr'>exaudiet</span> <span class='ocrx_word' id='word_1_546' title='bbox 1382 5053 1455 5110; x_wconf 91' lang='lat' dir='ltr'>nos,</span> <span class='ocrx_word' id='word_1_547' title='bbox 1475 5038 1552 5115; x_wconf 90' lang='lat' dir='ltr'>quia</span> <span class='ocrx_word' id='word_1_548' title='bbox 1578 5037 1665 5099; x_wconf 64' lang='lat' dir='ltr'>Sicut</span> <span class='ocrx_word' id='word_1_549' title='bbox 1690 5037 1771 5099; x_wconf 68' lang='lat' dir='ltr'>dicit</span> 
     </span>
     <span class='ocr_line' id='line_1_50' title="bbox 118 5135 1773 5218; baseline -0.002 -20"><span class='ocrx_word' id='word_1_550' title='bbox 118 5153 191 5198; x_wconf 92' lang='lat' dir='ltr'>non</span> <span class='ocrx_word' id='word_1_551' title='bbox 207 5140 328 5214; x_wconf 87' lang='lat' dir='ltr'>posset,</span> <span class='ocrx_word' id='word_1_552' title='bbox 342 5139 446 5199; x_wconf 88' lang='lat' dir='ltr'>staret</span> <span class='ocrx_word' id='word_1_553' title='bbox 458 5153 569 5199; x_wconf 89' lang='lat' dir='ltr'>coram</span> <span class='ocrx_word' id='word_1_554' title='bbox 583 5139 755 5201; x_wconf 88' lang='lat' dir='ltr'>sacerdote</span> <span class='ocrx_word' id='word_1_555' title='bbox 769 5141 803 5203; x_wconf 94' lang='lat' dir='ltr'>et</span> <span class='ocrx_word' id='word_1_556' title='bbox 814 5157 922 5218; x_wconf 88' lang='lat' dir='ltr'>quan·</span> <span class='ocrx_word' id='word_1_557' title='bbox 975 5135 1076 5198; x_wconf 90' lang='lat' dir='ltr'>Jacob</span> <span class='ocrx_word' id='word_1_558' title='bbox 1089 5157 1096 5196; x_wconf 91' lang='lat'><strong>:</strong></span> <span class='ocrx_word' id='word_1_559' title='bbox 1109 5136 1256 5198; x_wconf 83' lang='lat' dir='ltr'>Mallum</span> <span class='ocrx_word' id='word_1_560' title='bbox 1271 5135 1360 5196; x_wconf 80' lang='lat' dir='ltr'>valet</span> <span class='ocrx_word' id='word_1_561' title='bbox 1374 5136 1667 5211; x_wconf 77' lang='lat' dir='ltr'>(leprecotlojasti</span> <span class='ocrx_word' id='word_1_562' title='bbox 1681 5138 1773 5195; x_wconf 83' lang='lat' dir='ltr'>assi-</span> 
     </span>
    </p>
   </div>
   <div class='ocr_carea' id='block_1_12' title="bbox 118 5229 1890 5323">
    <p class='ocr_par' dir='ltr' id='par_1_12' title="bbox 118 5229 1890 5323">
     <span class='ocr_line' id='line_1_51' title="bbox 118 5229 1890 5323; baseline -0.003 -27"><span class='ocrx_word' id='word_1_563' title='bbox 118 5236 194 5296; x_wconf 89' lang='lat' dir='ltr'>ium</span> <span class='ocrx_word' id='word_1_564' title='bbox 217 5234 347 5295; x_wconf 77' lang='lat' dir='ltr'>siderei</span> <span class='ocrx_word' id='word_1_565' title='bbox 374 5250 450 5296; x_wconf 91' lang='lat' dir='ltr'>eum</span> <span class='ocrx_word' id='word_1_566' title='bbox 474 5251 582 5312; x_wconf 88' lang='lat' dir='ltr'>posse,</span> <span class='ocrx_word' id='word_1_567' title='bbox 604 5237 731 5298; x_wconf 86' lang='lat' dir='ltr'>tantum</span> <span class='ocrx_word' id='word_1_568' title='bbox 755 5238 918 5301; x_wconf 76' lang='lat' dir='ltr'>redderet.</span> <span class='ocrx_word' id='word_1_569' title='bbox 975 5236 1054 5305; x_wconf 72' lang='lat' dir='ltr'>daea,</span> <span class='ocrx_word' id='word_1_570' title='bbox 1069 5237 1168 5298; x_wconf 73' lang='lat' dir='ltr'>calais</span> <span class='ocrx_word' id='word_1_571' title='bbox 1187 5233 1298 5294; x_wconf 79' lang='lat' dir='ltr'>oratio</span> <span class='ocrx_word' id='word_1_572' title='bbox 1319 5233 1482 5307; x_wconf 78' lang='lat' dir='ltr'>parictrat</span> <span class='ocrx_word' id='word_1_573' title='bbox 1499 5237 1622 5295; x_wconf 82' lang='lat' dir='ltr'>coctam</span> <span class='ocrx_word' id='word_1_574' title='bbox 1638 5229 1721 5310; x_wconf 84' lang='lat' dir='ltr'>(lac.</span> <span class='ocrx_word' id='word_1_575' title='bbox 1735 5246 1768 5302; x_wconf 83' lang='lat' dir='ltr'>r,</span> <span class='ocrx_word' id='word_1_576' title='bbox 1887 5316 1890 5323; x_wconf 27' lang='grc' dir='ltr'>Ι</span> 
     </span>
    </p>
   </div>
   <div class='ocr_carea' id='block_1_13' title="bbox 118 5328 1772 5506">
    <p class='ocr_par' dir='ltr' id='par_1_13' title="bbox 118 5328 1772 5506">
     <span class='ocr_line' id='line_1_52' title="bbox 118 5328 1772 5413; baseline -0.004 -19"><span class='ocrx_word' id='word_1_577' title='bbox 118 5334 229 5394; x_wconf 86' lang='lat' dir='ltr'>llomo</span> <span class='ocrx_word' id='word_1_578' title='bbox 253 5330 353 5392; x_wconf 82' lang='lat' dir='ltr'>vovet</span> <span class='ocrx_word' id='word_1_579' title='bbox 378 5333 445 5392; x_wconf 93' lang='lat' dir='ltr'>Deo</span> <span class='ocrx_word' id='word_1_580' title='bbox 472 5331 618 5392; x_wconf 89' lang='lat' dir='ltr'>animam</span> <span class='ocrx_word' id='word_1_581' title='bbox 643 5349 758 5405; x_wconf 90' lang='lat' dir='ltr'>suam,</span> <span class='ocrx_word' id='word_1_582' title='bbox 788 5336 921 5413; x_wconf 86' lang='lat' dir='ltr'>quando</span> <span class='ocrx_word' id='word_1_583' title='bbox 977 5328 1040 5409; x_wconf 83' lang='lat'>16).</span> <span class='ocrx_word' id='word_1_584' title='bbox 1055 5332 1138 5390; x_wconf 85' lang='lat' dir='ltr'>Ecce</span> <span class='ocrx_word' id='word_1_585' title='bbox 1154 5329 1317 5406; x_wconf 92' lang='lat' dir='ltr'>quomodo</span> <span class='ocrx_word' id='word_1_586' title='bbox 1339 5329 1455 5392; x_wconf 90' lang='lat' dir='ltr'>beatus</span> <span class='ocrx_word' id='word_1_587' title='bbox 1480 5330 1597 5391; x_wconf 87' lang='lat' dir='ltr'>Petrus</span> <span class='ocrx_word' id='word_1_588' title='bbox 1619 5344 1680 5390; x_wconf 91' lang='lat' dir='ltr'>nos</span> <span class='ocrx_word' id='word_1_589' title='bbox 1700 5329 1772 5388; x_wconf 90' lang='lat' dir='ltr'>ins-</span> 
     </span>
     <span class='ocr_line' id='line_1_53' title="bbox 119 5427 1066 5506; baseline -0.004 -17"><span class='ocrx_word' id='word_1_590' title='bbox 119 5427 264 5506; x_wconf 88' lang='lat' dir='ltr'>spondet</span> <span class='ocrx_word' id='word_1_591' title='bbox 288 5427 323 5488; x_wconf 93' lang='lat' dir='ltr'>in</span> <span class='ocrx_word' id='word_1_592' title='bbox 342 5427 505 5504; x_wconf 89' lang='lat' dir='ltr'>baptismo</span> <span class='ocrx_word' id='word_1_593' title='bbox 526 5428 653 5491; x_wconf 87' lang='lat' dir='ltr'>servire</span> <span class='ocrx_word' id='word_1_594' title='bbox 668 5433 735 5491; x_wconf 92' lang='lat' dir='ltr'>Deo</span> <span class='ocrx_word' id='word_1_595' title='bbox 752 5433 784 5492; x_wconf 89' lang='lat' dir='ltr'>et</span> <span class='ocrx_word' id='word_1_596' title='bbox 796 5448 923 5494; x_wconf 91' lang='lat' dir='ltr'>renun-</span> <span class='ocrx_word' id='word_1_597' title='bbox 976 5427 1066 5489; x_wconf 88' lang='lat' dir='ltr'>truit.</span> 
     </span>
    </p>
   </div>
   <div class='ocr_carea' id='block_1_14' title="bbox 118 5520 1772 5704">
    <p class='ocr_par' dir='ltr' id='par_1_14' title="bbox 118 5520 1772 5704">
     <span class='ocr_line' id='line_1_54' title="bbox 118 5520 1772 5604; baseline -0.004 -17"><span class='ocrx_word' id='word_1_598' title='bbox 118 5527 208 5588; x_wconf 81' lang='lat' dir='ltr'>liare</span> <span class='ocrx_word' id='word_1_599' title='bbox 223 5524 369 5598; x_wconf 88' lang='lat' dir='ltr'>diabolo,</span> <span class='ocrx_word' id='word_1_600' title='bbox 384 5525 438 5587; x_wconf 79' lang='lat' dir='ltr'>rel</span> <span class='ocrx_word' id='word_1_601' title='bbox 460 5525 591 5601; x_wconf 90' lang='lat' dir='ltr'>quando</span> <span class='ocrx_word' id='word_1_602' title='bbox 609 5527 679 5604; x_wconf 81' lang='lat' dir='ltr'>agit</span> <span class='ocrx_word' id='word_1_603' title='bbox 693 5529 922 5604; x_wconf 80' lang='lat' dir='ltr'>poenitentiam</span> <span class='ocrx_word' id='word_1_604' title='bbox 1017 5524 1153 5585; x_wconf 90' lang='lat' dir='ltr'>Instruit</span> <span class='ocrx_word' id='word_1_605' title='bbox 1163 5524 1262 5585; x_wconf 89' lang='lat' dir='ltr'>eliam</span> <span class='ocrx_word' id='word_1_606' title='bbox 1275 5524 1462 5585; x_wconf 88' lang='lat' dir='ltr'>accusando</span> <span class='ocrx_word' id='word_1_607' title='bbox 1473 5524 1619 5601; x_wconf 85' lang='lat' dir='ltr'>seipsum</span> <span class='ocrx_word' id='word_1_608' title='bbox 1631 5522 1666 5582; x_wconf 94' lang='lat' dir='ltr'>in</span> <span class='ocrx_word' id='word_1_609' title='bbox 1677 5520 1772 5598; x_wconf 89' lang='lat' dir='ltr'>prin-</span> 
     </span>
     <span class='ocr_line' id='line_1_55' title="bbox 119 5620 1768 5704; baseline -0.003 -20"><span class='ocrx_word' id='word_1_610' title='bbox 119 5622 319 5704; x_wconf 90' lang='lat' dir='ltr'>promilteus</span> <span class='ocrx_word' id='word_1_611' title='bbox 352 5638 389 5685; x_wconf 89' lang='lat' dir='ltr'>se</span> <span class='ocrx_word' id='word_1_612' title='bbox 413 5624 679 5686; x_wconf 88' lang='lat' dir='ltr'>renuntiaturum</span> <span class='ocrx_word' id='word_1_613' title='bbox 708 5628 856 5703; x_wconf 86' lang='lat' dir='ltr'>peccato,</span> <span class='ocrx_word' id='word_1_614' title='bbox 887 5628 924 5693; x_wconf 86' lang='lat' dir='ltr'>ut</span> <span class='ocrx_word' id='word_1_615' title='bbox 977 5620 1064 5698; x_wconf 87' lang='lat' dir='ltr'>cipio</span> <span class='ocrx_word' id='word_1_616' title='bbox 1077 5621 1240 5684; x_wconf 87' lang='lat' dir='ltr'>sermonis</span> <span class='ocrx_word' id='word_1_617' title='bbox 1264 5622 1318 5685; x_wconf 88' lang='lat' dir='ltr'>sui</span> <span class='ocrx_word' id='word_1_618' title='bbox 1332 5621 1446 5683; x_wconf 88' lang='lat' dir='ltr'>dicens</span> <span class='ocrx_word' id='word_1_619' title='bbox 1461 5643 1468 5682; x_wconf 89' lang='lat'><strong>:</strong></span> <span class='ocrx_word' id='word_1_620' title='bbox 1483 5622 1578 5683; x_wconf 83' lang='lat' dir='ltr'>Nunc</span> <span class='ocrx_word' id='word_1_621' title='bbox 1594 5620 1663 5682; x_wconf 91' lang='lat' dir='ltr'>scio</span> <span class='ocrx_word' id='word_1_622' title='bbox 1678 5634 1768 5683; x_wconf 84' lang='lat' dir='ltr'>vero.</span> 
     </span>
    </p>
   </div>
   <div class='ocr_carea' id='block_1_15' title="bbox 0 0 1906 6166">
    <p class='ocr_par' dir='ltr' id='par_1_15' title="bbox 0 0 1906 6166">
     <span class='ocr_line' id='line_1_56' title="bbox 0 0 1906 6166; baseline 0 3"><span class='ocrx_word' id='word_1_623' title='bbox 0 0 1906 6166; x_wconf 95' lang='lat' dir='ltr'> </span> 
     </span>
    </p>
   </div>
  </div>
 </body>
</html>
