3802 6166
179 262 239 327 231

181 426 346 499 homines,
376 424 409 488 et
436 422 674 488 conscientiam
698 424 866 486 maculant
890 422 977 501 apud

181 528 297 587 Deum.
315 528 401 585 Sane
417 524 503 584 inter
517 523 619 583 multa
634 522 749 597 gravia
764 522 803 583 de
815 524 846 583 te
861 538 880 581 a
896 521 978 581 mul-

137 626 140 631 '
181 623 225 685 tis
235 623 347 684 nostro
358 620 559 697 apostolatui
571 622 731 691 reserata,
745 636 819 697 quae
832 618 977 680 scribere

182 721 289 798 pudor
303 720 401 786 esset,
418 720 566 794 exparte
582 717 702 777 nobilis
717 717 867 778 mulieris
882 718 978 777 Blan-

182 818 254 880 chae
274 816 453 879 comitissae
477 815 666 891 Campaniae
693 815 756 876 suit
773 815 978 892 propositum

182 913 416 985 66161666116,
434 913 519 991 quod
539 914 673 990 quidam
695 914 859 973 mercator
881 913 979 974 Atre-

182 1013 292 1075 116166.
318 1010 405 1089 apud
426 1011 607 1072 Pruvinum
628 1011 661 1071 in
682 1010 839 1070 nundinis
855 1011 979 1071 cousti-

181 1112 284 1183 tutus,
309 1112 345 1171 ut
364 1110 486 1171 dicitur
509 1107 596 1169 inira
617 1107 858 1169 immunitatem
877 1107 976 1168 cimi-

181 1210 269 1282 terii,
287 1225 346 1269 seu
361 1206 511 1269 ecclesiae
528 1204 641 1268 Sancti
657 1207 787 1283 aygulfi
802 1207 865 1267 loci
893 1210 979 1284 ejus-

182 1307 267 1379 dem,
304 1307 484 1381 instigante
519 1305 654 1365 humani
684 1305 816 1381 generis
842 1304 978 1365 inimico

181 1403 356 1483 quemdam
372 1420 468 1465 suum
487 1403 663 1464 occidisset
681 1402 863 1473 concivem,
890 1402 924 1462 et
937 1401 979 1462 ad

181 1518 315 1581 poenam
329 1500 413 1563 16611
427 1499 586 1561 166166116
602 1499 802 1569 evitandam,
825 1498 867 1561 ad
883 1515 977 1560 eam-

182 1599 257 1662 dem
272 1598 459 1670 ecclesiam,
485 1597 520 1657 in
547 1614 611 1674 qua
633 1596 742 1658 iorum
762 1596 980 1658 exercebatur

181 1696 362 1775 publicum,
390 1695 612 1771 confugisset,
635 1694 833 1772 praepositus
857 1694 890 1755 et
920 1710 980 1755 sex

177 1794 282 1874 jurati
308 1792 455 1871 deputati
472 1794 513 1853 ad
538 1793 720 1854 custodiam
743 1791 977 1862 nundinarum,

181 1894 408 1954 nonvalentes
419 1891 663 1954 multitudinem
674 1890 787 1968 populi
799 1890 979 1952 refraenare

180 1988 380 2052 homicidam
400 1990 606 2067 insequentis
631 1989 792 2061 eumdem,
823 2005 842 2049 a
867 1989 978 2065 priore

180 2088 287 2167 ipsius
302 2088 453 2149 ecclesiae
469 2088 644 2164 petierunt,
660 2087 761 2149 61161
777 2085 978 2147 homicidam

181 2187 277 2247 illum
293 2185 415 2262 161666
433 2185 576 2246 66616616
596 2183 721 2246 1666161
739 2182 978 2253 custodirent

181 2283 267 2362 qnod
283 2284 346 2360 ipsi
361 2285 423 2344 hoc
443 2284 582 2359 agerent
596 2283 774 2360 pateretur,
792 2282 895 2344 donec
910 2284 977 2344 tam

180 2383 273 2444 tuum
288 2399 347 2459 pro
363 2398 402 2443 eo
418 2382 503 2459 quod
520 2382 554 2441 in
571 2383 626 2442 tua
642 2380 788 2453 diaecesi,
805 2396 904 2457 quam
916 2395 977 2440 co·

180 2481 318 2542 mitissae
334 2479 514 2557 praedictae,
528 2479 562 2539 in
577 2482 672 2556 cujus
684 2479 855 2540 territorio
870 2477 979 2538 166161

179 2578 370 2656 hujusmodi
387 2577 516 2637 1661666
540 2576 776 2653 6616611616111,
791 2575 980 2653 166611616-

179 2677 235 2738 tur
248 2675 491 2753 beneplacitum
506 2675 698 2736 1616616116.
725 2675 871 2751 Cumque
887 2672 978 2749 prior

180 2773 251 2851 ipse
270 2773 389 2833 horum
407 2778 559 2833 neutrum
575 2771 706 2832 61116616
728 2770 898 2842 161616661,
913 2770 978 2847 ipsi

181 2869 276 2947 quasi
305 2868 514 2930 multitudino
548 2868 769 2928 mercatorum
802 2866 974 2943 compulsi,

179 2964 380 3026 homicidam
405 2966 555 3026 eumdem
576 2964 920 3042 66116616616111666,
944 2967 978 3025 et

180 3063 373 3125 distractum
398 3079 458 3140 per
487 3064 632 3125 castrum
668 3062 777 3124 secere
805 3062 974 3138 suspendi,

178 3162 363 3239 praesertim
379 3178 452 3221 cum
468 3161 639 3224 videretur
657 3160 742 3238 quod
759 3160 905 3238 ejusdem
921 3176 977 3221 ec-

179 3258 289 3321 clesiae
307 3276 372 3319 non
395 3259 529 3320 deberat
542 3259 750 3320 immunitate
764 3258 920 3334 gaudere,
936 3274 976 3319 66

178 3356 265 3435 quod
280 3356 434 3418 violando
457 3357 617 3428 camdem,
635 3356 740 3432 ipsius
754 3356 917 3417 beneficio
940 3372 975 3418 se

176 3454 367 3517 reddiderat
380 3454 565 3532 indignum.
584 3456 631 3514 'lu
654 3454 797 3532 denique
810 3454 862 3514 his
878 3455 977 3515 audi-

175 3552 220 3615 tis
235 3554 410 3631 praedictos
427 3553 552 3631 septem
570 3568 632 3614 nec
647 3553 765 3614 citatos
780 3568 842 3614 nec
861 3553 974 3613 moni-

176 3652 228 3713 tos
252 3652 603 3713 excommunicatiouis
619 3650 737 3728 laqueo
748 3651 926 3723 innodasti,
943 3651 976 3712 et

177 3750 322 3810 castrum
349 3749 498 3821 Pruvini,
529 3748 613 3825 quod
644 3764 710 3809 non
739 3748 779 3808 ad
805 3748 892 3821 illos,
917 3750 974 3809 scd

176 3848 287 3924 potius
314 3847 354 3906 ad
381 3846 584 3907 comitissam
604 3847 637 3906 61
660 3846 765 3907 illium
786 3863 899 3918 suum,
918 3847 973 3923 qui

177 3944 261 4005 nihil
296 3946 522 4024 commiserat,
557 3945 723 4020 661116616
756 3944 972 4018 dignoscitur,

178 4042 381 4119 supposuisti
405 4043 576 4104 sententiae
595 4042 761 4102 interdicti
777 4042 812 4101 in
828 4042 974 4119 ipsorum

177 4139 407 4217 prejudicium
431 4145 463 4200 et
487 4154 677 4214 gravamen.
696 4141 833 4199 ilemum
857 4139 976 4216 hujus·

177 4236 267 4297 modi
283 4237 457 4298 sententiis
466 4236 562 4314 jtmta
579 4236 718 4297 sormam
736 4238 891 4299 Ecclesiae
907 4254 973 4298 non

179 4334 252 4395 sine
267 4333 461 4396 difficultate
476 4334 620 4395 inanima
634 4335 788 4407 relaxati,
805 4335 972 4412 cupidita-

177 4430 221 4496 tis
232 4432 356 4495 motum
370 4432 587 4510 potiusquam
600 4432 716 4493 domus
727 4433 857 4494 Domini
867 4434 974 4495 zelum

177 4546 331 4608 sequens,
344 4529 468 4591 eisdem
482 4531 668 4608 praecepisti
683 4529 975 4609 61666661166116-

177 4629 271 4701 ratis,
289 4631 448 4689 uteorum
464 4627 974 4706 661111161111116661611666616·

177 4727 335 4805 quaginta
349 4727 491 4804 quatuor
505 4726 608 4787 libras
623 4726 815 4787 Pruvinien.
829 4726 890 4787 tibi
903 4744 974 4804 per-

177 4825 332 4895 solveret,
356 4827 389 4888 61
407 4824 553 4903 ejusdem
574 4825 675 4887 castri
695 4825 898 4903 presbyteris
917 4842 974 4887 66-

176 4922 369 4985 11616661661
384 4924 423 4984 de
437 4923 659 4985 oblationibus
675 4922 807 4995 6161116,
822 4940 905 5001 quas
916 4940 974 4985 oc-

177 5020 312 5081 casione
325 5021 506 5082 amiserant
521 5021 699 5092 interdicti,
716 5021 749 5082 et
765 5022 928 5094 remissie,
944 5022 972 5082 si

177 5132 276 5194 quam
288 5117 353 5193 ipsi
368 5118 552 5195 presbyteri
573 5119 622 5180 616
642 5119 788 5180 6166166
808 5135 972 5181 66666666

176 5213 334 5285 iacerent,
352 5217 565 5288 66111616161,
581 5217 679 5278 61616
694 5216 774 5277 1616
788 5215 871 5276 illud
889 5232 970 5294 pro-

176 5310 344 5388 pheticum
367 5311 579 5388 impleretur:
605 5313 766 5375 61616611
790 5314 911 5391 quippe
929 5316 971 5377 ad

176 5410 337 5485 majorem
354 5423 469 5470 omnes
488 5411 638 5472 avaritiae
654 5411 797 5483 student,
813 5413 878 5473 616
894 5429 973 5489 616-

176 5505 397 5584 611616116666
417 5506 457 5566 ad
482 5508 687 5569 sacerdotem
711 5509 821 5572 cuncti
844 5508 971 5572 1661661

176 5603 306 5681 dolum;
324 5619 398 5666 cum
413 5604 447 5664 in
463 5602 526 5665 1166
542 5605 706 5668 1616616111
720 5605 876 5671 videlicet
895 5606 971 5669 6111-

800 259 1042 327 1161661161
1064 251 1214 323 OPERA.

1781 260 1839 323 232

1032 417 1167 483 cialium
1174 416 1332 491 videaris,
1345 416 1378 480 et
1387 415 1568 494 praesulum
1579 416 1759 483 avaritiam
1768 418 1839 483 imb

1023 516 1107 579 1611.
1135 517 1268 578 Eisdem
1292 516 1453 594 praeterea
1476 515 1667 593 injunxisti,
1691 518 1729 579 ut
1752 518 1837 597 apud

1033 616 1216 677 Pruvinum
1232 614 1339 692 prima
1362 613 1528 676 dominica
1543 617 1620 692 post
1634 618 1836 694 praeceptum

1032 714 1066 774 in
1091 714 1305 791 processione
1332 726 1467 773 secum
1493 711 1599 790 virgis
1620 713 1658 773 in
1681 714 1835 777 manibus

1033 812 1282 889 praesentarent,
1309 811 1475 887 recepturi
1495 806 1669 873 humiliter
1687 812 1837 889 discipli-

1032 926 1128 985 nam;
1145 908 1290 971 secunda
1303 924 1382 969 vero
1398 909 1565 971 dominica
1584 910 1672 985 apud
1699 913 1834 984 Trecas,

1033 1022 1072 1069 66
1097 1007 1215 1069 deinde
1240 1006 1416 1068 dominicis
1434 1008 1575 1083 singulis
1600 1024 1661 1085 per
1684 1008 1836 1086 singulas

1033 1106 1192 1167 ecclesias
1210 1105 1418 1166 cathedrales
1435 1107 1616 1184 provinciae
1642 1110 1834 1183 senonen.;

1033 1204 1176 1265 cadaver
1191 1219 1322 1281 quoque
1333 1204 1509 1265 homicidae
1522 1204 1685 1282 praedicti,
1701 1205 1837 1267 161161-

1033 1302 1139 1363 66616
1155 1301 1274 1379 quibus
1290 1302 1501 1379 pependerat,
1516 1302 1557 1363 ad
1569 1303 1766 1379 praedictam
1782 1320 1837 1365 ec-

1034 1400 1170 1461 clesiam
1198 1416 1218 1460 a
1246 1416 1311 1476 qua
1337 1401 1506 1461 extractus
1534 1400 1655 1473 166161,
1687 1402 1835 1479 61661116

1033 1497 1180 1558 humeris
1196 1497 1417 1574 deportarent,
1435 1499 1468 1560 et
1481 1498 1658 1560 visitarent
1671 1499 1765 1560 beati
1779 1502 1837 1562 Ja-

1034 1595 1107 1658 cobi
1120 1596 1248 1664 limina,
1263 1596 1315 1657 vel
1327 1596 1415 1657 irent
1426 1596 1461 1657 in
1471 1597 1594 1658 1611661
1603 1596 1835 1673 Albigensium

1033 1709 1159 1754 moram
1170 1693 1292 1754 ibidem
1304 1708 1364 1770 661
1376 1694 1596 1771 quadraginta
1610 1694 1683 1755 dies
1695 1694 1833 1772 facturi;

1033 1793 1066 1852 et
1084 1790 1124 1852 de
1145 1794 1267 1853 caetero
1295 1792 1329 1852 in
1347 1794 1438 1853 terra
1456 1793 1634 1854 comitissae
1650 1793 1761 1870 ipsius
1782 1794 1835 1855 vel

1034 1889 1202 1950 haeredum
1218 1888 1836 1954 6661611111611616616166166161666-

1034 1988 1240 2049 66666116161
1256 1989 1389 2050 11666116
1403 2005 1469 2049 1166
1484 1989 1683 2066 reciperent,
1699 1990 1733 2050 in
1750 1994 1837 2068 ejus·

1034 2086 1107 2148 dem
1122 2087 1302 2147 comitissae
1317 2102 1356 2147 ac
1371 2087 1477 2164 ipsius
1492 2087 1662 2148 haeredum
1679 2089 1836 2166 praejudi-

1034 2184 1122 2245 cium
1141 2185 1174 2246 61
1192 2201 1393 2260 gravamen:
1411 2202 1485 2246 cum
1503 2186 1552 2248 sic
1566 2202 1623 2248 eos
1639 2186 1697 2264 qui
1712 2188 1836 2264 culpa-

1032 2280 1117 2343 biles
1159 2299 1225 2343 non
1264 2281 1417 2356 luerunt,
1452 2284 1610 2362 obsequio
1645 2285 1837 2360 privaveris

1033 2378 1249 2440 subditorum.
1268 2380 1362 2441 Unde
1377 2381 1573 2457 praepositus
1588 2383 1621 2442 et
1628 2382 1736 2460 jurati
1751 2398 1839 2458 6166-

1033 2477 1112 2538 dicti
1134 2476 1222 2538 16116
1246 2493 1312 2538 666
1327 2479 1476 2540 valentes
1498 2479 1712 2556 asperitatem
1736 2496 1839 2542 man·

1032 2575 1112 2646 dati,
1139 2575 1180 2635 ad
1203 2579 1349 2637 nostram
1379 2577 1583 2638 audientiam
1604 2578 1836 2654 appellarunt.

1033 2674 1114 2732 Cum
1135 2672 1238 2747 igitur
1261 2689 1402 2735 censura
1424 2674 1651 2736 ecclesiastica
1675 2677 1841 2752 616661-

1032 2786 1161 2831 marum
1185 2770 1334 2833 instituta
1359 2772 1466 2833 salute
1493 2775 1526 2833 et
1546 2772 1587 2832 ad
1608 2773 1839 2835 cohibendum

1032 2869 1193 2931 malitiam
1204 2885 1437 2945 perversorum
1448 2871 1489 2930 ad
1500 2870 1651 2931 avaritiae
1665 2874 1838 2947 quaestum

1032 2981 1098 3055 non
1121 2965 1239 3028 debeat
1259 2968 1455 3044 retorqueri,
1472 2968 1717 3029 fraternitatem
1740 2969 1839 3031 tuam

1031 3079 1213 3135 monemus,
1238 3066 1271 3125 61
1294 3064 1510 3127 exhortamur
1533 3065 1567 3124 in
1596 3065 1751 3137 Domino,
1775 3084 1840 3145 per

1031 3161 1213 3238 apostolica
1239 3163 1298 3224 tibi
1327 3163 1452 3240 scripta
1484 3164 1709 3240 praepriendo
1734 3180 1840 3227 man-

1030 3259 1158 3332 dantes,
1177 3260 1340 3337 quatenus
1359 3278 1425 3323 non
1446 3278 1519 3339 quae
1543 3264 1612 3332 tua,
1636 3260 1694 3322 sed
1721 3264 1841 3339 potius

1030 3374 1104 3437 quae
1118 3361 1136 3420 J
1140 3376 1197 3420 esu
1209 3360 1331 3420 Christi
1345 3362 1421 3421 66111
1437 3375 1600 3436 66661666,
1618 3361 1718 3435 prout
1732 3361 1840 3422 debi-

1029 3457 1098 3518 tum
1115 3457 1292 3533 pastoralis
1307 3458 1408 3518 6111611
1426 3458 1580 3534 66616161,
1603 3459 1635 3518 61
1653 3459 1839 3522 maturitas

1030 3556 1229 3632 persuadere
1244 3555 1341 3616 debet
1355 3556 1473 3627 aetatis,
1491 3572 1564 3632 quae
1579 3572 1599 3616 a
1613 3558 1749 3618 senecta
1759 3560 1838 3633 jam

1029 3653 1170 3715 vertitur
1191 3655 1227 3713 in
1243 3654 1388 3729 senium3
1405 3654 1453 3714 616
1476 3653 1663 3731 hujusmodi
1683 3655 1837 3716 manda-

1029 3751 1098 3811 tum
1121 3766 1180 3827 per
1194 3752 1227 3811 te
1248 3753 1356 3827 ipsum
1376 3752 1510 3812 studeas
1526 3751 1703 3823 moderari,
1731 3755 1768 3813 ut
1792 3752 1837 3814 611

1030 3848 1082 3907 1116
1099 3847 1263 3908 similibus
1279 3849 1391 3910 1611161
1410 3849 1637 3926 conquiescas
1652 3850 1686 3909 in
1704 3849 1836 3927 hujus-

1030 3946 1835 4026 modisententiisproferemlisgravitatemquam
1868 3990 1877 4004 .

1029 4044 1123 4104 decet
1139 4044 1261 4105 Clnisti
1280 4046 1470 4120 pontificem
1483 4045 1682 4116 exhibendo,
1700 4047 1835 4108 61661-

1030 4158 1158 4202 marum
1186 4142 1315 4202 lucrum
1350 4145 1460 4220 potius
1500 4158 1651 4221 quaerere
1678 4143 1833 4206 videaris

1029 4255 1127 4316 quam
1143 4240 1320 4317 quaestum,
1340 4244 1373 4302 et
1394 4242 1434 4301 de
1456 4256 1595 4303 numero
1610 4242 1742 4302 censeri
1763 4259 1833 4304 non

1029 4338 1135 4414 possis
1153 4338 1298 4409 illorum,
1322 4340 1379 4416 qui
1393 4340 1554 4416 quaestum
1573 4339 1743 4402 aestimant
1757 4341 1835 4417 616-

1027 4436 1146 4511 tatem3
1163 4436 1220 4496 sed
1235 4437 1345 4514 661166
1357 4437 1392 4497 16
1407 4437 1503 4498 domo
1519 4438 1649 4498 Domini
1663 4438 1762 4514 66661
1777 4439 1834 4499 lu-

1028 4550 1128 4596 cerna
1157 4551 1258 4611 66661
1282 4535 1517 4596 candelabrum
1544 4536 1723 4597 constituta
1750 4537 1833 4598 61116

1028 4632 1139 4694 166166
1156 4632 1304 4709 praebeas
1325 4649 1386 4710 per
1409 4633 1607 4710 exemplum,
1629 4636 1662 4694 61
1686 4650 1749 4694 666
1772 4637 1832 4712 661

1027 4730 1094 4791 1616
1118 4730 1207 4791 66116
1233 4730 1375 4791 libenter
1403 4730 1582 4792 deserimus
1608 4731 1832 4809 inquantum

1028 4844 1102 4889 cum
1118 4831 1185 4889 Deo
1202 4829 1235 4890 61
1254 4830 1369 4889 666116
1383 4844 1559 4904 possumus
1574 4829 1762 4902 honestate,
1787 4831 1831 4892 ad

1027 4941 1141 4987 eorum
1152 4926 1390 4987 correctionem
1406 4942 1504 5004 quam
1516 4943 1689 5004 perperam
1702 4927 1831 4991 diceris

1027 5025 1202 5095 attentare,
1219 5040 1337 5084 manus
1352 5028 1484 5086 nostras
1503 5041 1670 5102 apponere
1683 5041 1751 5086 non
1770 5044 1833 5090 co-

1026 5137 1154 5199 gamur.
1182 5122 1339 5199 Alioquin
1367 5122 1497 5185 dilectis
1531 5123 1609 5183 111116
1644 5122 1759 5185 abbati
1794 5128 1829 5189 et

1026 5219 1130 5297 priori
1148 5220 1279 5280 Sanctae
1292 5219 1465 5281 Genoveiae
1483 5220 1694 5291 Parisiensis,
1708 5222 1741 5281 et
1755 5238 1832 5284 ma·

1025 5317 1129 5392 gistro
1145 5320 1182 5376 G.
1200 5317 1360 5378 canonico
1381 5317 1560 5378 Bituricen.
1578 5317 1719 5377 Parisiis
1731 5333 1830 5393 com-

1026 5415 1170 5475 moranti
1185 5415 1302 5475 damus
1318 5415 1440 5476 nostris
1454 5415 1573 5476 litteris
1588 5414 1624 5474 in
1635 5419 1826 5493 praeceptis,

1025 5514 1061 5573 ut
1082 5512 1171 5572 circa
1187 5512 1420 5589 praedictorum
1441 5512 1608 5590 praepositi
1636 5513 1670 5574 61
1688 5515 1828 5591 jurato-

1024 5625 1097 5671 rum
1118 5609 1275 5673 delictum
1290 5610 1449 5688 inquisita
1463 5612 1496 5673 et
1510 5611 1643 5687 cognita
1664 5611 1822 5687 veritate,
