3802 6166
11 246 189 357 ¹'etro

129 456 272 533 speratae
305 453 506 533 provisionis
540 451 660 514 solatio
695 450 925 527 defraudatum

132 554 342 616 universitati
365 554 486 615 restrae
508 567 566 629 per
588 550 779 628 Apostolica
803 550 926 627 scripta

129 652 353 731 praecipiendo
367 650 574 721 maneamne,
589 650 753 727 qnatenus
769 648 877 725 ipsum
893 648 926 708 in

130 750 327 835 ¹canonicum
341 750 503 826 recipere,
521 749 553 811 et
568 748 717 816 fratrem,
733 749 766 809 et
781 746 927 808 fraterna

131 848 269 911 caritate
281 848 427 910 tractare
442 847 576 919 curetis
594 846 701 907 eidem
717 844 928 924 praebendam

130 962 229 1025 quam
245 946 311 1008 cito
331 962 367 1007 se
385 945 525 1007 facultas
541 944 699 1007 obtulerit
713 943 926 1019 assignando.

128 1045 287 1123 Alioquin
314 1044 444 1107 dilectis
469 1044 548 1104 filiis
572 1044 633 1104 Th.
658 1046 697 1104 A.
723 1042 763 1104 de
786 1040 928 1103 Cosdum

130 1143 268 1220 majoris
295 1143 457 1215 ecclesiae,
488 1142 522 1203 et
549 1141 708 1218 magistro
738 1144 774 1201 L.
804 1141 928 1201 sanctae

39 1270 46 1285 =
129 1241 248 1304 Mariae
264 1241 298 1302 in
311 1241 429 1303 Vincis
440 1239 610 1302 canonicis
627 1239 840 1301 suessionen.
856 1254 930 1300 nos-

129 1340 193 1403 tris
219 1339 372 1401 dedimus
396 1338 518 1401 litteris
539 1339 573 1399 in
594 1337 771 1410 mandatis,
798 1338 834 1399 ut
855 1353 927 1410 vos,

129 1438 196 1501 nisi
220 1437 312 1500 aliud
336 1437 536 1499 canonicum
564 1435 729 1513 objectum
758 1435 870 1507 luerit,
896 1437 930 1497 et

129 1536 316 1615 probatum,
343 1551 447 1613 quare
468 1535 501 1594 id
529 1533 603 1595 neri
626 1550 693 1594 non
719 1532 848 1605 debeat,
875 1533 928 1594 vel

130 1650 198 1701 non
213 1635 329 1711 possit,
349 1633 390 1694 ad
408 1633 453 1703 id,
470 1632 654 1693 monitione
668 1631 853 1709 praemissa,
870 1648 930 1709 per

95 1796 99 1801 ,
130 1747 307 1795 censuram
332 1730 593 1793 ecclesiasticam
619 1730 844 1809 appellatione
868 1746 928 1792 re-

129 1832 220 1893 mota
235 1830 444 1907 compellant.

94 2006 98 2011 Ι
170 1926 619 2000 DatumLaterani‚secundo
636 1925 926 2001 kalendasmartii,

130 2026 344 2106 pontificatus
358 2026 464 2089 nostri
479 2041 568 2088 anno
581 2025 700 2102 primo.

435 2238 620 2329 ccxliv

130 2411 184 2471 Ad
213 2410 406 2486 Siquidem
441 2412 735 2485 archiepiscopum
768 2410 926 2488 Macrini.

339 2508 373 2571 et
385 2508 625 2585 samardacos
637 2510 722 2581 ajars.

422 2658 458 2717 28
476 2656 533 2717 leb.
555 2659 635 2717 1217.

130 2746 311 2814 [Wurdtneim
327 2749 398 2800 Nora
412 2747 527 2799 subsidia
538 2748 715 2813 diplomatica,
727 2753 747 2802 t.
766 2748 811 2800 111.
830 2762 857 2813 p.
874 2747 927 2813 lt]

131 2880 250 2940 lionorii
263 2885 303 2940 lll
316 2884 402 2955 Papte
423 2897 475 2955 pro
489 2880 610 2940 levanda
628 2883 763 2940 vicesima
782 2883 812 2939 in
832 2881 925 2939 subsi-

167 2969 271 3028 sldinm
289 2972 383 3028 Terre
398 2973 509 3029 Sanctae
528 2970 615 3029 breve
630 2970 666 3029 ad
681 2970 927 3048 archiepiscopum

167 3060 420 3133 Maguntinensern
430 3059 549 3135 ejusque
564 3060 775 3135 suliraganeos.

171 3204 339 3267 Honorius
381 3204 575 3283 episcopus,
605 3221 720 3267 sersus
755 3221 927 3268 servorum

131 3303 202 3376 Dei,
224 3301 469 3367 venerabilibus
493 3302 652 3365 iratribus
676 3304 928 3384 archiepiscopo

130 3402 379 3479 Maguntinensi
397 3401 430 3463 et
444 3402 665 3479 suffraganeis
687 3404 770 3479 eJus,
788 3403 927 3466 salutem

130 3500 165 3563 et
178 3500 404 3579 apostolicam
418 3499 693 3562 benedictionem.

171 3598 382 3678 approbante
409 3597 555 3676 generali
580 3598 726 3660 Concilio
749 3596 799 3679 (n)
819 3601 929 3664 extitit

131 3698 331 3768 ordinatum,
348 3698 384 3759 ut
407 3713 521 3758 omnes
536 3697 669 3759 omnino
691 3696 816 3770 clerici,
842 3701 928 3760 tam-

131 3812 230 3874 quam
245 3795 386 3873 praelati,
399 3795 521 3856 subditi
543 3795 734 3856 vicesimam
756 3796 929 3858 ecclesias·

130 3894 273 3957 ticornm
302 3893 519 3969 proventuum
546 3892 719 3969 usquead
745 3894 927 3955 triennium

129 3988 927 4067 integreconserantinsubsidianerraeSanctae

166 4167 209 4243 (a)
234 4166 404 4296 indigitetur
425 4168 472 4225 bic
497 4168 655 4225 Concilium
668 4170 856 4228 tarwanense
874 4173 925 4239 W,

130 4238 166 4324 ad
181 4240 269 4325 ‚qnod
309 4242 471 4297 naamatites
493 4240 541 4296 lll
563 4242 617 4298 PP.
641 4240 842 4300 celebrandum
866 4243 926 4315 jam

129 4319 262 4369 tntrtnvrt
277 4326 353 4369 anuo
367 4326 485 4369 nccxnr.

13 4372 22 4445 ’,
124 4422 128 4427 -
165 4385 198 4440 1ιι
210 4382 265 4440 bac
278 4382 437 4440 invitatoria
452 4384 525 4440 inter
537 4381 591 4439 alia
608 4381 738 4440 Pontifex
750 4392 924 4443 memorat...

128 4454 192 4513 Duo
205 4455 234 4511 in
251 4453 306 4511 boc
317 4454 423 4511 seculo
441 4454 634 4527 principaliter
648 4454 827 4521 allectamns,
841 4464 873 4514 ut
890 4456 925 4513 ad

33 4552 38 4565 ·
129 4526 377 4599 recuperationem
392 4527 486 4581 Terrae
508 4526 619 4581 Sancte
639 4540 674 4582 ae
693 4523 924 4583 reformationem

68 4600 74 4605 '
127 4598 299 4655 nrrivcrsnlis
319 4597 456 4654 Ecclesiae
470 4596 616 4653 valeamus
635 4595 817 4654 intendere...
833 4612 923 4670 gene·

128 4668 188 4726 tale
203 4668 359 4727 Concilium
373 4681 600 4725 convocemus...
613 4666 648 4724 ad
662 4666 838 4725 inducendos
853 4670 926 4741 prin·

126 4739 206 4796 cies
235 4748 264 4797 et
295 4740 415 4812 populos
443 4738 613 4795 christianos
639 4738 675 4795 ad
701 4753 868 4796 succursum
897 4748 926 4798 ct

126 4754 285 4868 subaratum
304 4813 399 4868 i'errte
420 4811 541 4880 Sancte,
554 4817 613 4868 tarn
635 4824 651 4868 a
672 4809 784 4869 clericis
805 4826 923 4883 quamn

127 4879 210 4937 laicis
230 4880 477 4954 inpendentium...

162 4954 193 5008 ln
206 4952 259 5008 boc
269 4954 330 5023 ipso
338 4953 463 5010 Concilio
477 4952 618 5010 sancitum
629 4958 682 5010 eat.
692 4949 736 5011 bd
745 4951 923 5011 liberandam

125 5020 241 5079 Terram
257 5024 390 5081 Sanctam
414 5022 450 5079 de
476 5022 608 5080 manibus
634 5025 785 5095 implorum
812 5023 923 5083 ardenti

123 5090 266 5150 desiderio
288 5094 459 5165 aspirantes,
474 5093 510 5151 de
526 5094 696 5166 prudentum
712 5094 836 5152 virorum
850 5110 920 5153 con·

122 5162 198 5231 silio,
210 5165 258 5235 qni
272 5165 354 5236 plene
370 5173 508 5222 noverant
519 5166 748 5223 circumstantias
761 5172 923 5239 temporum

82 5284 89 5295 .
122 5240 152 5292 et
175 5234 337 5293 locorum...
364 5234 542 5293 diffinimus:
564 5244 594 5293 ul
613 5239 650 5295 ite
671 5237 862 5311 crucesignati
891 5253 922 5295 se

122 5315 294 5381 praeparent,
310 5308 385 5378 quod
407 5308 436 5363 in
457 5306 595 5364 kalendas
606 5310 678 5379 patrii
701 5312 847 5380 sequentis
860 5323 922 5381 post

122 5378 299 5453 provintiam,
317 5392 418 5434 ornnes
438 5378 485 5449 qui
506 5376 705 5449 disposuerant
729 5381 849 5438 transire
872 5396 923 5453 per

121 5464 217 5513 mare,
245 5450 418 5505 conveniant
440 5449 467 5504 in
488 5463 610 5521 regnum
636 5451 754 5517 siritio,
781 5451 827 5508 alii
849 5452 923 5509 sicnt

120 5521 279 5597 oportuerit
298 5529 327 5578 ct
350 5520 478 5577 decuerit
505 5520 580 5591 aprrd
599 5521 798 5591 lirinensium,
822 5531 850 5579 et
874 5523 922 5580 alii

120 5591 197 5667 apud
208 5594 368 5651 Messanam
380 5598 409 5648 et
422 5598 517 5664 partes
531 5590 680 5665 utrobique
696 5594 817 5662 vicinas,
831 5592 878 5649 nbi
893 5602 922 5651 et

119 5678 175 5727 ltus
195 5663 392 5741 personaliter,
409 5662 533 5723 Domino
554 5670 709 5733 annuente,
725 5663 922 5740 disposuimus

734 292 910 355 rion'oml
932 292 978 353 111
1000 292 1148 355 OPERA.

1718 290 1781 355 300

982 468 1041 530 per
1055 469 1173 517 manus
1187 468 1315 529 eornm,
1331 453 1389 533 qui
1401 452 1443 516 ad
1458 452 1522 517 boc
1536 452 1663 517 inerint
1674 456 1785 531 Apos-

981 551 1081 613 tolica
1095 552 1303 630 providentia
1316 554 1687 633 deputati3quibusdam
1698 552 1783 614 dun·

982 650 1075 712 taran
1086 651 1252 727 religiosis
1267 652 1415 729 exceptis
1430 651 1471 713 ab
1487 652 1549 714 bac
1564 652 1782 730 praestatione

982 749 1101 810 merito
1122 749 1307 811 eximendis
1321 752 1355 812 et
1373 750 1451 823 illis,
1462 751 1518 828 qni
1540 751 1711 828 assumpto
1726 750 1781 811 vel

983 848 1181 909 assumendo
1196 849 1303 909 crucis
1324 849 1497 925 signaculo
1512 849 1592 911 illuc
1607 852 1685 911 sunt
1699 865 1783 927 per·

983 946 1143 1009 sonaliter
1167 947 1348 1024 profecturi
1364 946 1423 1026 (b).
1441 950 1528 1010 Sane
1552 965 1654 1026 super
1682 948 1781 1010 modo

983 1044 1197 1122 dispensandi
1221 1045 1410 1122 hujusmodi
1425 1046 1618 1109 vicesimam
1642 1046 1782 1109 audivi-

983 1159 1055 1204 mus
1082 1143 1222 1205 consilia
1246 1143 1465 1213 diversorum,
1484 1144 1604 1223 quibus
1632 1145 1723 1206 inter
1747 1161 1782 1205 se

983 1240 1161 1317 plurimum
1195 1242 1416 1316 variantibus,
1443 1242 1525 1304 illud
1562 1245 1604 1305 de
1641 1244 1783 1305 consilio

983 1337 1123 1400 fratrum
1143 1341 1334 1401 nostrorum
1358 1341 1563 1419 providimus
1579 1342 1782 1419 eligendum,

984 1436 1164 1500 secundum
1202 1438 1288 1517 quod
1327 1439 1471 1501 vidimus
1511 1440 1618 1517 ipsam
1660 1440 1784 1502 vicesi-

983 1552 1071 1597 mam
1093 1535 1354 1598 distribuendam
1380 1538 1495 1600 utilius
1521 1540 1554 1601 et
1578 1540 1647 1600 tam
1671 1538 1714 1601 ab
1740 1539 1782 1599 iis

983 1634 1040 1712 qui
1062 1634 1243 1708 conserent,
1260 1652 1358 1713 quam
1378 1636 1520 1710 abillis,
1544 1636 1664 1715 quibus
1679 1636 1779 1700 luerit

984 1732 1170 1806 distributa,
1197 1735 1371 1795 materiam
1400 1734 1600 1812 suspicionis
1628 1735 1663 1797 et
1690 1752 1783 1797 mur-

983 1833 1088 1893 muris
1123 1832 1241 1892 melius
1276 1832 1534 1910 amputandam3
1559 1836 1596 1896 ut
1626 1834 1783 1897 videlicet

983 1930 1142 1992 vicesima
1169 1933 1329 2008 cujusque
1359 1930 1525 2003 dioecesis,
1543 1932 1678 1994 redacta
1698 1932 1783 1995 lide-

983 2028 1060 2090 liter
1074 2028 1108 2088 in
1129 2029 1314 2105 pecuniam,
1339 2029 1399 2090 sub
1423 2030 1513 2091 certo
1529 2046 1670 2092 numero
1691 2046 1784 2093 com-

984 2126 1229 2203 prehendendo,
1246 2126 1280 2186 in
1296 2126 1562 2188 authenticorum
1581 2128 1733 2190 virorum
1752 2130 1784 2191 et

983 2225 1167 2302 praesertim
1186 2224 1329 2297 illorum,
1345 2225 1401 2301 qui
1417 2239 1490 2286 eam
1505 2226 1704 2301 collegerint
1716 2228 1783 2289 tes-

982 2322 1209 2385 timonialibus
1230 2322 1362 2394 litteris,
1383 2323 1416 2384 et
1437 2322 1532 2385 nobis
1552 2325 1654 2386 etiam
1670 2325 1781 2403 expli-

983 2421 1098 2493 cando,
1114 2420 1201 2482 ultra
1216 2436 1309 2482 mare
1328 2421 1479 2497 portetur
1493 2437 1552 2499 per
1571 2424 1717 2500 quatuor
1730 2422 1781 2485 vel

982 2519 1128 2597 quinque
1143 2534 1201 2579 seu
1215 2518 1327 2596 plures
1341 2519 1433 2580 viros
1448 2519 1628 2597 prudentes
1641 2521 1782 2583 clericos

982 2620 1015 2680 et
1040 2617 1144 2678 laicos
1171 2618 1435 2693 crucesignatos,
1463 2617 1556 2678 illius
1581 2618 1729 2682 civitatis
1751 2619 1783 2680 et

982 2715 1151 2783 dioecesis,
1180 2715 1236 2792 qui
1266 2717 1354 2777 notae
1382 2715 1474 2787 fidei,
1505 2715 1719 2780 discretionis
1750 2718 1783 2779 et

982 2814 1149 2891 opinionis
1164 2814 1323 2885 existant,
1341 2829 1481 2891 quorum
1497 2830 1583 2875 unus
1596 2815 1640 2876 sit
1652 2815 1783 2893 episco-

982 2928 1043 2989 pus
1070 2910 1146 2983 loci,
1163 2911 1191 2972 si
1206 2910 1338 2988 quidem
1353 2913 1605 2988 crucesignatus
1619 2915 1778 2988 extiterit,

982 3010 1120 3087 reliquis
1141 3008 1182 3070 ab
1210 3010 1365 3086 episcopo
1394 3010 1583 3072 dioecesano
1614 3013 1650 3074 et
1676 3013 1780 3090 ipsius

981 3108 1149 3170 vicesimae
1164 3107 1396 3170 collectoribus
1412 3108 1574 3183 eligendis
1590 3111 1623 3171 et
1636 3127 1697 3186 per
1711 3127 1781 3172 ma-

982 3222 1046 3268 nus
1061 3206 1208 3283 ipsorum
1225 3206 1264 3266 de
1278 3206 1482 3268 conscientia
1497 3207 1608 3268 tamen
1630 3209 1781 3271 cardina·

982 3304 1035 3377 lis,
1053 3304 1109 3382 qui
1124 3303 1225 3365 luerit
1244 3302 1291 3364 ibi
1311 3303 1451 3379 legatus,
1465 3303 1688 3368 distribuatur
1700 3308 1780 3369 ilde-

982 3402 1105 3465 litaret
1133 3401 1275 3463 discrete
1294 3402 1536 3478 crucesignatis
1551 3404 1726 3480 egentibus
1749 3406 1780 3468 et

983 3501 1118 3563 utilibus
1134 3500 1266 3575 negotio
1277 3501 1584 3574 TerraeSanctae,ac
1595 3505 1778 3579 praesertim

982 3599 1023 3660 de
1044 3598 1102 3659 illa
1123 3597 1275 3666 dioecesi,
1296 3597 1352 3657 nbi
1373 3598 1534 3661 vicesima
1554 3599 1614 3660 illa
1641 3602 1778 3663 collecta

982 3697 1092 3768 fuerit,
1109 3694 1270 3763 oriundis,
1287 3695 1453 3773 iidemque
1468 3695 1703 3760 distributores
1716 3698 1777 3777 ipsi

982 3795 1090 3870 legato
1127 3795 1159 3854 et
1189 3792 1357 3869 magistris
1388 3793 1562 3870 hospitalis
1591 3797 1624 3858 et
1652 3798 1778 3875 Templi

981 3889 1121 3953 reddant
1141 3888 1396 3965 diligentissime
1415 3891 1589 3964 rationem,
1607 3909 1776 3972 perquam

981 3989 1151 4051 redactam
1181 3986 1374 4064 inscriptis
1402 3991 1562 4066 appareat
1595 3990 1775 4065 evidenter,

981 4174 1049 4224 tunc
1068 4167 1181 4236 adesse,
1197 4175 1338 4240 quatenns
1355 4176 1453 4225 nostro
1473 4168 1594 4226 consilio
1615 4176 1644 4225 et
1662 4167 1776 4233 auxilio,

981 4240 1122 4296 exercitos
1150 4240 1323 4296 clrristienus
1350 4240 1500 4296 salubriter
1528 4239 1690 4306 ordinetur,
1713 4251 1776 4296 curn

981 4310 1178 4368 bertedrctione
1193 4310 1288 4367 divine
1304 4318 1332 4367 et
1349 4311 1503 4383 apostolica
1526 4310 1718 4382 prolecturus.

1027 4381 1074 4453 (tt
1105 4383 1136 4438 ln
1165 4396 1200 4438 ex
1233 4381 1345 4438 ditione
1377 4396 1427 4453 pro
1457 4380 1650 4452 recuperanda
1693 4383 1775 4438 Terra

981 4451 1083 4509 Sancta
1104 4450 1178 4509 idem
1212 4451 1331 4510 ’ontiiex
1353 4453 1445 4509 innnit
1462 4468 1469 4508 :
1489 4452 1579 4524 liujus
1601 4452 1777 4510 remissionis

980 4524 1185 4580 vulurnusesse
1201 4524 1363 4596 participes,
1380 4539 1436 4579 non
1450 4523 1542 4580 solunt
1555 4538 1616 4591 eos,
1628 4524 1675 4606 qui
1691 4537 1777 4581 nares

980 4595 1109 4721 groprins
1124 4593 1308 4663 enlribebunt,
1327 4592 1376 4650 sed
1401 4595 1487 4650 etiarn
1501 4594 1574 4663 illos,
1616 4609 1643 4650 ιιι
1665 4602 1777 4667 propter

1000 4680 1035 4722 oc
1047 4680 1119 4738 opus
1141 4680 1230 4722 naves
1249 4663 1408 4722 studuerint
1423 4665 1597 4723 labricere...
1634 4680 1652 4723 e
1666 4681 1735 4723 vero
1749 4666 1777 4720 in

979 4734 1115 4794 humeros
1135 4735 1282 4793 bominum
1302 4750 1388 4792 onera
1408 4737 1509 4809 gravia
1533 4744 1563 4793 et
1585 4736 1776 4808 importabilia

979 4807 1017 4864 im
1039 4822 1127 4864 onere
1154 4806 1311 4875 videamur,
1334 4822 1397 4878 quar
1421 4806 1512 4880 digito
1534 4815 1632 4864 nostro
1661 4821 1777 4864 movere

980 4823 1112 4946 notimns,
1129 4878 1237 4934 similes
1256 4878 1320 4945 illis,
1336 4878 1383 4949 qui
1403 4877 1501 4935 dicunt
1522 4878 1629 4951 ntique,
1647 4878 1701 4935 sed
1720 4892 1776 4935 non

979 4949 1101 5017 iaciunt,
1121 4963 1189 5005 ecce
1215 4962 1283 5015 nos,
1304 4956 1383 5006 etc...
1408 4951 1558 5021 cupientes
1588 4957 1685 5007 nutem
1708 4951 1778 5007 alios

978 5021 1163 5079 ecclesiarum
1189 5020 1321 5091 prelatos
1336 5034 1389 5076 nec
1404 5035 1461 5075 non
1476 5020 1596 5077 clericus
1614 5022 1776 5087 universos,

977 5100 1005 5149 et
1024 5092 1053 5148 in
1076 5092 1176 5148 merito
1198 5098 1226 5147 et
1251 5092 1279 5147 in
1302 5090 1419 5162 premio
1444 5089 1549 5148 trabere
1575 5091 1730 5164 participes
1749 5100 1777 5148 ct

977 5170 1134 5230 consortes,
1165 5177 1200 5219 cx
1232 5164 1378 5218 communi
1409 5162 1526 5218 concilii
1556 5161 1776 5235 approbatione.

977 5237 1138 5301 statuimus,
1160 5240 1192 5290 ut
1216 5247 1318 5289 omnes
1341 5233 1458 5289 omnino
1474 5234 1569 5289 clerici
1591 5239 1649 5290 tant
1672 5233 1777 5292 subditi

977 5320 1062 5378 quarn
1079 5305 1186 5376 praelati
1200 5304 1372 5376 vigesimam
1389 5311 1497 5376 partem
1514 5305 1775 5363 ecclesiasticorum

978 5383 1164 5448 proventuum
1176 5389 1266 5446 nsque
1278 5373 1313 5431 etl
1324 5377 1476 5432 triennium
1489 5374 1637 5432 conterant
1649 5376 1676 5433 in
1688 5376 1776 5434 subsi-

977 5448 1053 5504 dium
1070 5449 1163 5503 Tcrrae
1178 5448 1289 5503 Sanctae
1304 5461 1354 5518 per
1369 5461 1471 5502 manns
1483 5460 1591 5513 eorum,
1609 5448 1657 5530 qui
1672 5448 1708 5505 ad
1722 5448 1778 5505 boc

978 5519 1138 5591 apostolica
1169 5516 1274 5574 luerint
1300 5517 1476 5589 providentia
1506 5518 1663 5576 ordinati...
1698 5522 1775 5592 (Act.

978 5590 1169 5647 Caruilianum
1188 5603 1222 5645 ex
1251 5587 1375 5644 editione
1396 5590 1476 5661 regia
1501 5590 1618 5649 I'nrisiis
1637 5604 1685 5650 an.
1708 5590 1776 5650 lili

976 5661 1134 5735 divulgata,
1145 5667 1214 5717 tom.
1230 5661 1293 5729 Vll,
1309 5675 1337 5735 p.
1355 5660 1399 5729 il,
1412 5659 1482 5733 etc.)
