3802 6166
127 282 190 343 aaa
461 240 470 255 ’
764 293 992 357 nrisronn.
1016 298 1096 361 nin.
1120 300 1145 361 i.
1720 308 1780 371 iai
1825 280 1828 285 ’

128 441 215 503 ilinc
242 444 303 515 est,
325 443 411 521 quod
435 461 495 523 pro
520 446 641 511 dilecto
660 447 730 511 tilio
747 450 787 513 R.
804 452 926 515 clerico
980 457 1036 535 qul
1067 458 1249 522 secundum
1283 462 1398 535 Deum,
1434 463 1468 525 et
1495 460 1585 527 beati
1606 465 1780 529 Benedicti

128 539 241 601 dilecti
253 540 314 602 tilii
325 543 431 605 nostri
441 546 480 607 ii.
491 546 598 608 sancti
609 544 769 625 Stephani
779 549 813 610 in
824 550 926 613 coelio
980 556 1130 632 regulam
1144 556 1179 619 in
1193 557 1308 620 eodem
1328 561 1531 623 monasterio
1552 562 1702 626 noscitur
1719 564 1779 627 ln·

127 640 241 700 monte
266 639 452 719 presbyteri
473 643 655 706 cardinalis
677 646 926 712 universitatem
980 653 1126 725 stitutus,
1150 656 1320 734 perpetuis
1347 656 1471 720 ibidem
1498 660 1704 737 temporibus
1719 661 1779 723 in-

125 736 272 797 vestram
287 753 444 813 rogamus
470 741 503 801 et
519 757 701 814 monemus,
727 745 760 805 et
773 745 928 807 exhorta·
980 749 1183 813 violabiliter
1197 753 1403 816 observetur.

126 849 202 894 mur
228 835 362 907 attente,
388 852 448 913 per
473 839 674 919 apostolice,
687 840 782 902 vobis
803 843 926 919 scripta
1020 850 1186 911 Praeterea
1203 867 1427 930 quascumque
1441 856 1679 931 possessiones,
1692 872 1782 935 quae·

127 930 335 1001 mandantes,
352 936 515 1010 quatenus
530 935 572 997 ob
586 938 806 1000 reverentiam
821 943 928 1017 lipos-
981 947 1217 1023 cunrqneltona
1232 948 1318 1011 idem
1335 952 1617 1015 monasteriumin
1631 970 1781 1032 praesen-

127 1027 237 1089 tolicae
254 1028 350 1089 Sedis
368 1029 401 1090 et
415 1033 573 1105 nostram,
592 1033 700 1110 ipsum
716 1034 755 1095 ad
771 1035 926 1112 praeben·
980 1044 1060 1106 tiam
1070 1047 1173 1123 juste,
1192 1048 1227 1109 et
1243 1049 1403 1109 canonice
1421 1049 1578 1125 possidet,
1599 1053 1659 1113 aut
1671 1052 1707 1113 in
1722 1051 1779 1115 iu-

127 1124 215 1195 dam,
230 1126 259 1184 si
272 1126 381 1203 quain
396 1127 538 1190 ecclesia
552 1131 663 1192 vestra
676 1134 773 1194 vacat
784 1131 825 1193 ad
840 1150 928 1210 prae-
980 1142 1091 1203 turum
1119 1145 1334 1207 concessione
1358 1146 1570 1222 pontificum,
1600 1148 1782 1227 largitione

127 1238 217 1294 sens,
247 1223 283 1283 in
315 1225 461 1285 vestrum
496 1225 632 1289 fratrem
664 1230 698 1291 et
730 1230 926 1293 canonicum
980 1254 1107 1314 regum,
1132 1240 1186 1302 vel
1207 1242 1405 1320 principum,
1430 1244 1598 1308 oblatione
1617 1246 1777 1321 tidelium,

127 1318 321 1391 admittatis,
347 1321 411 1383 sibi
440 1324 575 1385 stallum
597 1326 631 1386 in
655 1326 758 1388 choro
772 1328 805 1389 et
819 1328 926 1390 locum
981 1351 1040 1396 seu
1065 1336 1253 1415 aliisjustis
1277 1341 1395 1413 modis,
1420 1344 1600 1419 praestante
1624 1345 1778 1418 Domino,

127 1417 161 1476 in
176 1418 321 1494 capitulo
339 1420 560 1496 assignantes.
575 1422 730 1500 Alioquin
741 1424 848 1502 primo
862 1441 926 1487 va·
981 1434 1101 1510 poterit
1115 1436 1266 1514 adipisci,
1282 1438 1377 1501 ilrma
1395 1439 1490 1502 vobis
1502 1442 1688 1520 vestrisque
1697 1458 1779 1504 suo-

126 1515 277 1576 caturam
292 1515 415 1577 ibidem
425 1516 596 1581 donationi
608 1521 806 1597 apostolicae
821 1538 930 1585 reser-
980 1532 1168 1594 cessorilius
1190 1534 1319 1597 illibata
1347 1540 1575 1613 permaneant,
1600 1539 1635 1600 in
1659 1539 1780 1617 quibus

126 1628 245 1673 vamns
268 1629 421 1690 personae
442 1614 570 1678 idoneae
595 1617 841 1681 conserendam.
858 1622 926 1682 De·
980 1628 1053 1691 haec
1068 1630 1212 1707 propriis
1226 1632 1383 1694 duximus
1400 1634 1615 1712 exprimenda
1631 1636 1780 1698 vocabu-

125 1711 301 1773 cernentes
323 1712 454 1774 irritum
476 1716 509 1775 et
531 1715 633 1777 inane
655 1716 683 1778 si
706 1717 838 1795 quidde
854 1718 927 1794 ipsa
980 1725 1046 1787 lis:
1068 1729 1191 1788 Locum
1206 1729 1315 1807 ipsum
1329 1730 1442 1809 inquo
1456 1732 1630 1809 praelatum
1645 1749 1783 1796 monas-

126 1808 249 1883 praetor
272 1808 462 1872 mandatum
489 1814 637 1874 nostrum
662 1813 763 1877 inierit
782 1815 928 1877 attenta·
979 1824 1100 1886 terium
1122 1825 1221 1887 situm
1235 1828 1296 1897 est,
1312 1844 1387 1890 cum
1402 1828 1555 1892 omnihus
1570 1831 1780 1908 pertinentiis

126 1906 207 1965 tum·
230 1908 349 1968 Datum
377 1909 548 1984 Anagniae,
571 1912 630 1972 XV
652 1910 812 1974 kalendas
833 1912 924 1991 julii,
980 1922 1060 1983 suis.
1076 1926 1216 2002 specum
1229 1925 1263 1988 in
1287 1943 1353 2005 quo
1370 1925 1487 1991 beatus
1509 1929 1719 2003 Benedictus,
1742 1929 1778 1999 in

124 2002 337 2078 pontificatus
349 2005 454 2066 nostri
465 2021 552 2068 anno
565 2007 682 2084 primo.
980 2037 1049 2083 suae
1084 2023 1312 2084 conversionis
1344 2024 1483 2088 exordio
1508 2025 1672 2089 habitavit
1702 2042 1778 2089 cum

980 2119 1152 2197 adjacente
1167 2120 1272 2196 sylva,
1288 2122 1321 2182 et
1334 2123 1446 2185 monte
1467 2124 1534 2186 toto
1548 2124 1777 2197 circumcirca,

165 2154 332 2231 scriptum
354 2157 404 2217 est
425 2172 526 2233 super
546 2158 610 2220 ¹¹⁰⁰
626 2160 877 2238 archiepi⁸⁰⁰p⁰
893 2167 927 2228 et
979 2219 1098 2278 etcum
1110 2216 1262 2279 omnihus
1280 2218 1401 2281 tinibus
1415 2221 1474 2283 aut
1488 2222 1696 2298 pertinentiis
1711 2237 1778 2283 an-

124 2250 230 2325 priori
255 2252 296 2313 de
321 2254 433 2316 Monte
460 2256 693 2331 Leprosorum,
718 2258 752 2319 et
766 2258 926 2334 magistro
995 2315 1001 2327 ,
1053 2316 1060 2329 ,
1303 2318 1311 2331 ,

124 2349 178 2406 W·
198 2349 330 2410 ossen„
352 2353 513 2413 canonico
530 2353 769 2430 Romomagen·
784 2355 821 2416 ut
835 2354 926 2432 epis·
978 2316 1118 2392 trqurtus
1143 2316 1349 2391 constitut1s;
1374 2319 1407 2380 et
1437 2317 1499 2380 sub
1527 2319 1644 2381 eodem
1677 2334 1779 2396 specu

126 2460 245 2521 copum
273 2448 307 2509 et
334 2448 515 2526 capitulum
540 2449 581 2511 de
608 2451 672 2515 hoc
697 2452 864 2525 moneant,
892 2453 925 2515 et
979 2412 1099 2524 ¹³⁰,um’
1114 2414 1185 2525 ⁸³‚V0
1205 2414 1404 2527 ,fluviumfl'l
1424 2417 1722 2528 ⁰⁰·1'1J000d011t0m·
1741 2420 1779 2479 1¹1

126 2540 300 2606 inducant,
582 2561 590 2575 .
979 2511 1098 2588 quibus
1111 2512 1268 2576 videlicet
1279 2530 1375 2591 aquis
1391 2531 1526 2587 nemim,
1543 2514 1664 2593 praeter
1674 2514 1782 2577 abba-

978 2608 1021 2670 tis
1041 2610 1075 2671 et
1088 2609 1226 2672 fratrum
1246 2611 1463 2684 voluntatem,
1486 2613 1545 2675 aut
1566 2612 1701 2691 piscari,
1722 2615 1781 2674 aut

345 2746 355 2765 .
423 2709 622 2797 CCCXLH
979 2706 1204 2770 molendinum
1216 2709 1778 2788 adificareliceatusqueadarcum

979 2805 1035 2882 qui
1063 2804 1185 2868 dicitur
1210 2806 1251 2867 de
1274 2808 1423 2869 Ferrata.
1440 2810 1486 2870 De
1507 2810 1627 2869 Forma
1649 2822 1779 2886 qnoque

130 2856 180 2914 Ad
204 2857 372 2917 Joonriem
394 2858 550 2923 abbatem
576 2860 781 2921 monosterii
804 2862 927 2924 Silbla·
978 2903 1125 2980 antiqua,
1151 2920 1224 2982 ω
1248 2904 1338 2966 ducit
1363 2921 1483 2983 aquam
1506 2905 1548 2967 de
1577 2905 1714 2967 flumine
1737 2904 1779 2966 ad

457 2958 580 3019 ww·
978 3000 1107 3076 plebem
1134 3003 1247 3065 Sancti
1271 3004 1453 3077 Laurentii,
1478 3004 1512 3067 et
1537 3002 1578 3066 de
1598 3019 1685 3083 aqua
1705 3018 1779 3082 quae

416 3077 453 3136 ²⁰
463 3077 537 3151 junii
551 3080 630 3137 ¹²¹⁷·
690 3130 694 3135 -
978 3100 1117 3160 vocatur
1135 3102 1287 3175 augusta,
1308 3102 1434 3163 nemini
1450 3101 1561 3174 liceat,
1580 3103 1702 3180 praeter
1718 3118 1780 3164 vo-

176 3187 316 3251 [liverani
328 3190 487 3255 spicilegium
499 3192 671 3251 misianum,
686 3209 712 3258 v·
726 3193 783 3253 ⁷¹¹·
798 3207 825 3245 n·
840 3194 878 3260 2]
978 3195 1138 3258 luntatem
1173 3200 1339 3270 vestram,
1372 3215 1492 3276 aquam
1524 3199 1676 3271 deviare,
1710 3199 1779 3261 nisi

126 3294 290 3351 nonasterii
306 3296 486 3356 sublacensis
510 3300 697 3371 patrocinium
716 3300 835 3373 suscipit
850 3300 924 3374 ejm-
978 3296 1137 3373 quantum
1163 3295 1307 3357 sufficiet
1336 3296 1442 3359 hortis
1470 3296 1636 3373 rigandis,
1663 3296 1698 3359 et
1719 3312 1778 3358 re-

156 3398 214 3454 que
233 3386 431 3455 possessiones
443 3387 558 3445 acione
569 3389 692 3460 propriis
705 3389 765 3446 suis
778 3388 926 3449 vocabulis
978 3391 1099 3469 plendo
1116 3392 1239 3456 iontem
1257 3393 1465 3470 baptismatis
1478 3393 1514 3455 in
1531 3393 1646 3456 eadem
1666 3394 1778 3456 ecole-

157 3468 205 3528 hiss
221 3471 325 3529 insono
341 3473 500 3532 00ssssrm81·
978 3488 1039 3557 sia,
1054 3505 1116 3552 nec
1132 3507 1229 3569 aquae
1244 3491 1366 3552 molam
1379 3492 1554 3570 quisquam
1567 3490 1639 3553 illic
1657 3495 1780 3571 praeter

162 3596 333 3657 Honorius
343 3598 530 3675 episcopus,
543 3615 659 3661 servus
670 3615 841 3662 servorum
850 3601 923 3670 Dei,
978 3586 1123 3649 Vestiam
1159 3588 1361 3651 V⁰l¹1sst³t0m
1399 3588 1565 3651 aedffifflie
1599 3589 1779 3667 lll'oeffllfflat

123 3691 254 3754 directis
269 3692 348 3754 eius
371 3695 492 3757 ioanni
513 3694 625 3759 ainau
644 3696 838 3759 monasterii
855 3701 923 3760 su·
978 3700 1082 3763 usque
1100 3686 1135 3748 in
1154 3687 1349 3764 predictum
1371 3702 1486 3748 arcum
1507 3686 1548 3749 de
1567 3688 1715 3749 senaa.
1741 3686 1780 3749 Si

122 3787 290 3851 blacensis
304 3792 925 3871 ejusqueir·atrihus,tampraeseniibus
978 3784 1052 3861 quis
1086 3800 1166 3847 l01'0
1194 3785 1293 3847 aliie?
1329 3785 1451 3862 θέθΐίῐ,
1478 3785 1587 3847 bando
1619 3788 1779 3850 R0ffl³¹1ae

123 3902 223 3962 quam
250 3888 370 3950 tuturis
394 3890 582 3966 regularem
597 3892 698 3953 vitam
713 3891 872 3969 professis
890 3892 925 3955 in
978 3883 1080 3944 ⁰1³1ae
1105 3882 1341 3960 distrinssfliurs
1368 3886 1463 3962 culus
1488 3882 1590 3946 bandi
1617 3881 1779 3945 11¹0d10¹⁸⁸

125 3986 331 4061 perpetuum.
978 3995 1074 4041 sacro
1102 3983 1216 4042 nostro
1254 3981 1390 4058 palatio,
1420 3982 1587 4043 etaltera
1617 3980 1779 4043 medietas

164 4083 322 4154 Quamvis
333 4084 566 4146 universarum
580 4086 796 4149 ecclesiarum
808 4104 923 4150 curam
978 4077 1084 4139 eidem
1092 4079 1295 4141 ffl01138i0ii⁰
1308 4078 1527 4156 leii⁰llal¹1i·
1538 4079 1779 4142 C⁰nflim³ml¹⁸

122 4195 165 4239 ex
179 4178 291 4242 orricio
312 4182 474 4260 susceptae
491 4183 790 4246 administrationis
807 4200 924 4260 gerere
979 4176 1078 4237 etiam
1093 4176 1198 4247 vobis,
1215 4180 1248 4240 et
1261 4180 1372 4240 vestro
1386 4178 1590 4239 monasterio
1604 4177 1778 4240 castelium

123 4276 459 4352 teneamur3illarum
470 4281 582 4342 tamen
595 4297 668 4358 quae
682 4282 724 4343 ad
740 4285 923 4344 Romanam
978 4272 1064 4351 quod
1087 4274 1248 4336 sublacus
1266 4273 1398 4347 dicitur,
1425 4290 1500 4336 cum
1528 4273 1683 4336 Omnibus
1706 4275 1778 4337 Silii

122 4375 318 4448 Ecclesiam,
337 4376 430 4439 nullo
446 4377 624 4450 mediante,
646 4379 838 4455 respiciunt,
855 4379 925 4441 sol·
978 4371 1200 4450 pertinentiis,
1216 4372 1639 4448 sicutepraedecessoribus
1652 4372 1778 4434 nostris

121 4470 327 4534 licitudinem
340 4474 465 4537 habere
479 4491 539 4537 nos
555 4477 712 4539 convenit
726 4478 921 4554 specialem3
978 4470 1109 4532 constat
1128 4485 1203 4533 esse
1226 4485 1431 4541 concessum,
1454 4487 1528 4535 oum
1550 4469 1729 4543 montibus,
1745 4472 1780 4532 et

121 4571 155 4631 et
181 4586 297 4631 earum
322 4573 396 4649 paci
412 4576 445 4634 et
462 4574 710 4652 tranquillitati,
736 4575 924 4638 auxiliante
977 4566 1130 4641 0⁰llibu⁸‚
1160 4567 1271 4630 fundis
1296 4572 1330 4632 θῑ
1357 4569 1525 4632 casalibus
1547 4570 1617 4632 suis
1643 4569 1676 4630 θῐ
1700 4584 1777 4631 cum

120 4668 272 4741 Domino,
303 4669 488 4745 providere.
518 4671 717 4748 Eepropter,
746 4671 862 4735 dilecti
889 4673 924 4734 in
977 4665 1131 4727 omnibus
1145 4666 1307 4741 ecclesiis,
1319 4669 1353 4729 et
1366 4667 1465 4730 rebus
1480 4666 1592 4729 adeas
1605 4666 1777 4744 generali-

120 4765 260 4826 Domino
282 4766 355 4839 tilii,
372 4767 492 4829 vestris
515 4768 616 4846 justis
643 4769 924 4846 postulationibus
976 4766 1029 4825 ter
1050 4765 1085 4826 et
1106 4764 1142 4825 in
1164 4763 1330 4842 integrum
1354 4765 1608 4843 pertinentibus.
1625 4763 1778 4826 Fundam

118 4862 299 4925 clementer
320 4865 515 4937 annuimus,
544 4867 577 4927 et
601 4866 777 4943 praeiatum
801 4867 924 4930 subla-
977 4865 1121 4939 canalis,
1138 4864 1276 4929 ttmdum
1291 4870 1416 4929 Gennae
1431 4867 1597 4943 integrum
1612 4881 1687 4927 cum
1701 4880 1776 4944 per·

120 4975 221 5021 oense
236 4962 485 5035 monasterium,
500 4963 586 5040 quod
605 4964 647 5024 ad
666 4967 849 5026 Romanam
864 4980 922 5028 ec·
976 4963 1127 5026 tinentiis
1147 4963 1228 5036 suis,
1250 4963 1388 5026 fundum
1404 4965 1587 5026 Fraxinum
1608 4980 1683 5027 curn
1705 4979 1780 5026 om-

120 5058 269 5129 clesiam,
297 5059 389 5121 nullo
414 5060 591 5129 mediante,
617 5063 771 5139 pertinet,
798 5064 834 5125 in
859 5079 923 5141 quo
977 5059 1074 5121 nibus
1090 5060 1160 5122 suis
1174 5061 1395 5139 pertinentiis,
1407 5065 1441 5125 ot
1453 5061 1561 5122 locum
1572 5062 1629 5140 qni
1639 5063 1779 5124 vocatur

120 5155 235 5217 divino
259 5156 339 5217 estis
355 5155 512 5235 obsequio
537 5159 727 5236 mancipati,
744 5160 786 5221 ad
802 5176 921 5223 exem·
976 5157 1096 5229 Fundi,
1122 5156 1209 5221 sicut
1231 5158 1423 5220 extenditur
1450 5173 1555 5237 usque
1579 5159 1620 5220 ad
1647 5160 1776 5235 petram

119 5252 193 5329 pler
208 5253 316 5315 felicis
328 5254 755 5318 recordationisclementis
768 5273 863 5335 papae
877 5261 922 5320 111
975 5254 1198 5332 imperatoris,
1224 5257 1257 5318 et
1273 5256 1364 5319 vadit
1384 5257 1420 5317 in
1442 5259 1585 5319 montem
1605 5257 1661 5334 qui
1680 5273 1778 5320 voca·

118 5350 375 5426 praedecessoris
399 5352 516 5424 nostri,
547 5353 608 5414 sub
631 5353 720 5415 beati
747 5356 857 5427 Petri,
889 5357 923 5419 et
976 5353 1031 5414 tur
1042 5354 1191 5422 Pionica,
1207 5354 1285 5415 inde
1300 5370 1359 5431 per
1371 5370 1498 5417 serram
1508 5355 1545 5416 in
1560 5355 1704 5417 montem
1714 5358 1779 5417 Ro·

118 5450 234 5510 nostra
247 5449 452 5526 protectione
466 5451 677 5528 suscipimus,
697 5453 731 5514 et
746 5453 922 5530 praesentis
976 5467 1121 5522 manum,
1138 5454 1171 5514 et
1185 5451 1255 5514 exit
1269 5452 1305 5512 in
1318 5468 1470 5529 campum
1484 5453 1631 5529 longum,
1647 5452 1727 5515 inde
1741 5453 1777 5514 in

119 5546 234 5624 scripti
260 5546 438 5622 privilegio
467 5548 719 5610 communimus.
746 5552 782 5611 ln
803 5551 921 5627 primis
975 5562 1127 5627 campum
1150 5548 1301 5620 latinum,
1325 5548 1444 5612 deinde
1466 5550 1554 5613 redit
1581 5549 1622 5612 ad
1651 5564 1776 5627 supra-

119 5643 282 5725 siquidem
308 5645 503 5719 statuentes,
529 5648 565 5709 ut
592 5646 672 5709 ordo
699 5648 919 5722 monasticus,
974 5645 1096 5709 dictam
1120 5648 1248 5727 petram
1279 5646 1491 5726 imperatoris
1516 5647 1557 5710 ad
1586 5646 1695 5711 locum
1720 5646 1777 5728 qui
