3794 6166
121 303 184 363 753
288 308 292 315 ·
749 290 978 365 saissonis.
1000 304 1080 367 liu.
1104 306 1144 367 11.
1194 297 1195 300 ‘
1708 316 1768 378 101

122 475 188 537 qua
210 459 471 522 contradictione
498 460 674 524 retentent.
705 463 785 525 Cum
808 463 919 525 autem
973 466 1067 527 catus
1081 481 1161 529 vero
1183 466 1308 532 domiui
1326 471 1467 534 Honoril
1490 474 1591 549 Papa
1612 476 1657 535 lll
1680 490 1770 538 anuo

121 556 278 632 generale
294 556 393 619 fuerit
407 557 629 630 interdictum,
651 558 777 621 licitum
790 560 834 621 sit
847 560 919 621 010-
974 562 1131 626 secundo.

121 654 197 715 dem
219 654 416 731 ubicumque
442 656 662 729 manentibus,
688 657 833 719 exclusis
859 673 921 718 ex·
1280 683 1463 770 CCXLVI

121 752 376 814 communicatis
391 752 425 814 01
437 752 631 827 interdictis,
641 770 918 832 0000100001000,

121 865 189 911 non
205 848 344 926 pulsatis
359 851 541 927 campanis,
562 851 675 913 divina
700 851 807 913 officia
832 851 923 913 eele-

120 946 232 1008 brare.
260 949 432 1019 Caeterum,
466 964 541 1009 cum
570 949 657 1010 idem
683 949 921 1011 monasterium
1267 931 1301 988 ¹5
1316 931 1384 988 ”¹³¹¹
1399 932 1478 990 ¹²¹⁸·

121 1043 268 1122 speciale
283 1044 472 1106 membrum
496 1047 696 1123 apostolica
713 1045 808 1108 Sedis
828 1047 922 1108 exis-
1057 1035 1186 1098 [rienes
1199 1037 1267 1086 ³¹⁰⁰·
1280 1038 1423 1103 surgens,
1436 1045 1457 1089 ‘-
1472 1040 1493 1098 ¹2
1505 1055 1531 1105 l·
1543 1040 1581 1099 ¹³·
1595 1056 1620 1091 ⁰·
1633 1041 1685 1106 ²¹·]

121 1142 182 1214 tat,
204 1141 391 1216 statuimus,
413 1144 446 1204 et
460 1144 640 1216 sancimus,
655 1144 692 1205 ut
704 1144 791 1205 sicut
805 1145 920 1206 contra
975 1141 1090 1201 Mandat
1104 1150 1136 1201 ut
1149 1143 1281 1202 informet
1294 1143 1329 1202 de
1346 1146 1474 1219 episcopi
1488 1147 1643 1206 watiensis
1659 1148 1770 1207 ratione

122 1240 306 1300 Romanam
335 1239 516 1302 Ecclesiam
529 1257 607 1313 nos,
638 1240 704 1303 nisi
728 1241 921 1303 centenaria
1314 1233 1431 1308 fidendi·

982 818 1035 876 Ad
1048 817 1233 878 Robertum
1252 820 1540 892 vesprimiensem
1552 824 1758 896 episcopam.

121 1337 228 1398 currit
242 1337 460 1414 praescriptio,
472 1338 653 1401 secundum
668 1338 921 1401 constitutiones
1015 1340 1183 1402 Honorius
1192 1340 1377 1420 episcopus,
1390 1343 1466 1414 010,
1478 1343 1663 1405 venerabili
1674 1344 1771 1406 tratri

121 1434 314 1506 canonicas,
328 1436 362 1496 et
378 1435 544 1511 legitimas
558 1436 763 1510 sanctionem
778 1436 825 1498 ita
844 1453 922 1513 quo·
975 1436 1009 1499 et
1022 1436 1152 1500 dilectis
1167 1437 1245 1499 tiliis
1260 1439 1301 1500 de
1318 1439 1444 1502 Bolsam
1458 1443 1492 1502 01
1505 1440 1547 1503 de
1560 1440 1648 1502 Palis
1663 1441 1770 1503 abba-

121 1547 198 1608 que,
218 1531 356 1609 0101010
378 1534 581 1595 monasterio
604 1534 920 1610 10100110101100110
975 1533 1064 1595 tibus
1077 1535 1335 1612 vesprimiensis
1357 1536 1689 1610 (11000001000101001,
1706 1540 1769 1600 etc.

121 1629 332 1707 praescriptio
349 1646 416 1693 non
435 1629 585 1693 obsistat.
612 1631 822 1708 sepulturam
838 1647 922 1709 quo-
1015 1632 1150 1694 Utinam
1164 1634 1367 1695 venerabilis
1380 1634 1484 1696 trater
1498 1637 1612 1697 noster
1625 1636 1773 1698 Wutien·

122 1743 188 1803 que
216 1727 321 1803 ipsius
343 1728 409 1790 loci
435 1728 574 1791 liberam
600 1745 674 1791 esse
699 1729 919 1802 decernimus
975 1728 1022 1789 sis
1044 1729 1218 1806 episcopus
1240 1746 1306 1792 non
1330 1733 1421 1793 esset
1444 1732 1561 1794 ironiis
1583 1733 1771 1804 sinitaut

123 1827 292 1886 uteorum
313 1825 492 1898 devotioni,
512 1828 545 1888 et
563 1829 721 1889 extremae
744 1826 919 1898 voluntati,
975 1826 1118 1889 sollicita
1140 1827 1353 1890 meditatione
1376 1829 1556 1906 pensando,
1576 1846 1651 1907 quae
1673 1830 1713 1892 de
1733 1845 1771 1890 se

122 1922 740 2000 (0110011110000011111011110101011111,
757 1924 824 1985 nisi
836 1923 921 1986 forte
975 1923 1126 1986 discussa
1144 1923 1280 1986 luerunt
1293 1925 1380 2002 apud
1399 1925 1518 1988 Sedem
1532 1927 1767 2003 apostolicam,

122 2020 412 2092 excommunicati,
435 2021 489 2082 rel
513 2021 682 2083 interdicti
706 2021 783 2093 sint,
809 2021 921 2081 nullus
975 2020 1123 2083 evicino
1139 2021 1362 2097 pontificalem
1377 2021 1573 2084 modestiam
1587 2038 1654 2084 non
1671 2038 1771 2099 pror-

123 2117 279 2191 obsistat;
292 2118 384 2179 salva
399 2120 507 2180 tamen
521 2119 651 2195 justitia
665 2119 799 2180 illarum
814 2117 923 2180 ecele-
975 2133 1031 2178 sus
1045 2117 1213 2194 ainceret,
1230 2135 1270 2180 ac
1284 2135 1304 2181 a
1317 2119 1365 2182 tot
1378 2121 1412 2182 et
1425 2121 1537 2194 tantis,
1554 2136 1627 2198 quae
1643 2121 1683 2182 de
1697 2121 1770 2197 ipso
1875 2145 1879 2152 ·

122 2216 283 2276 siaruma
303 2215 421 2291 quibus
446 2217 615 2292 assumpta
636 2216 760 2280 luerint
781 2230 920 2293 corpora
975 2214 1181 2286 audivimus,
1211 2214 1403 2287 abstineret,
1427 2216 1505 2277 dum
1534 2232 1578 2278 ex
1604 2217 1768 2279 anteactis

122 2316 340 2375 mortuorum.
976 2312 1201 2388 praesumeret,
1218 2313 1296 2390 quid
1311 2312 1376 2374 sibi
1385 2314 1497 2375 essent
1510 2314 1591 2376 talia
1606 2314 1767 2391 paritura.

161 2411 378 2472 Decernimus
397 2426 488 2487 0130,
505 2412 541 2473 ut
558 2411 641 2472 nulli
656 2411 791 2472 omnino
812 2408 922 2470 bomi-
976 2411 1063 2470 Sane
1075 2408 1188 2471 dilecti
1202 2410 1263 2471 11111
1278 2412 1314 2472 ld.
1328 2411 1405 2473 etB.
1414 2411 1642 2473 archidiaconi
1661 2411 1770 2473 eccle-

122 2496 202 2568 num
225 2507 325 2570 liceat
345 2508 519 2586 praelatum
538 2509 776 2570 monasterium
795 2510 920 2569 temere
975 2505 1034 2566 siae
1050 2506 1231 2568 watiensis
1253 2523 1313 2585 pro
1334 2522 1371 2569 se
1391 2523 1431 2570 ac
1452 2508 1597 2585 capitulo
1620 2508 1769 2584 ejusdem

122 2604 328 2681 perturbare,
350 2606 408 2667 aut
432 2608 505 2682 ejus
529 2606 756 2682 possessiones
774 2604 918 2671 auterre,
975 2603 1124 2665 ecclesiae
1144 2603 1309 2666 innostra
1330 2608 1573 2682 proposuerunt
1590 2604 1769 2681 prasentia

120 2701 922 2785 0010111010010110010,10100010,0000011100-
974 2700 1164 2774 constituti,
1195 2701 1282 2778 quod
1315 2717 1416 2778 quum
1450 2718 1565 2764 eorum
1593 2701 1769 2779 episcopus

120 2799 203 2861 libet
220 2799 453 2862 vexationibus
471 2799 630 2875 fatigare,
654 2800 711 2862 sed
731 2801 843 2864 omnia
866 2801 922 2863 in·
973 2800 1131 2875 tanquam
1147 2798 1282 2859 lucerna
1298 2814 1400 2876 super
1412 2799 1649 2861 caudelabrum
1661 2799 1770 2876 posita

119 2898 216 2975 tegra
252 2898 491 2959 conserventur
519 2913 650 2970 eorum,
689 2913 748 2974 pro
779 2910 919 2974 quorum
975 2896 1008 2956 in
1019 2895 1116 2957 domo
1130 2896 1262 2957 Domini
1274 2896 1387 2958 lucere
1397 2897 1542 2967 deberet,
1557 2897 1768 2958 informando

119 2996 383 3074 gubernatione,
413 3010 452 3057 ao
486 2995 726 3058 sustentatione
759 3011 919 3058 concessa
974 2993 1293 3066 doctrinasubditos,
1304 2994 1338 3056 01
1345 2995 1534 3071 praestando
1544 2996 1593 3056 eis
1601 3010 1770 3072 peropera

120 3094 213 3165 sunt,
240 3092 354 3153 usibus
378 3091 576 3153 omnimodis
604 3091 788 3168 protutura.
820 3092 919 3153 Salva
974 3090 1157 3152 honestatis
1165 3090 1353 3168 exemplum
1370 3107 1378 3151 :
1393 3091 1480 3153 idem
1490 3094 1647 3170 tanquam
1658 3092 1770 3154 lumen

120 3189 217 3253 sedis
240 3188 439 3265 apostolice
462 3187 676 3262 auctoritate;
697 3203 738 3249 ac
758 3187 793 3249 in
817 3197 920 3264 paro·
974 3187 1154 3249 extinctum
1178 3203 1241 3248 nec
1268 3187 1420 3264 exemplo
1440 3189 1585 3266 01011011,
1605 3204 1666 3250 nec
1687 3190 1771 3250 doc·

119 3285 287 3349 cbialibns
313 3284 466 3348 ecclesiis
498 3285 761 3346 dioecesanorum
790 3283 922 3361 episco-
973 3284 1073 3357 trina,
1090 3285 1147 3346 sed
1162 3284 1771 3364 prosequendojustitiametcommes·

118 3398 239 3462 porum
253 3383 385 3461 justitia
408 3384 582 3457 eonsueta;
614 3382 683 3445 illis
700 3382 859 3459 exceptis,
885 3382 920 3442 in
974 3381 1158 3444 sationibus
1173 3382 1428 3446 etebrietatibus
1438 3384 1574 3446 nitendo
1588 3385 1772 3446 delectatur

119 3481 242 3560 quibus
262 3482 395 3558 plenum
410 3483 467 3558 jus
479 3481 568 3543 idem
583 3479 820 3543 monasterinm
838 3479 922 3541 bac-
974 3479 1009 3540 in
1029 3479 1118 3553 dolo,
1134 3481 1167 3542 01
1187 3480 1223 3540 in
1242 3480 1370 3541 malitia
1389 3480 1562 3556 gloriatur.
1578 3481 1659 3542 Cum
1680 3483 1770 3543 enim

118 3582 219 3641 tenus
246 3578 452 3655 dignoscitur
476 3577 644 3639 habuisse.
666 3577 701 3639 Si
725 3593 790 3654 qua
817 3577 921 3653 igitur
969 3579 1049 3654 jura
1070 3579 1104 3638 et
1121 3577 1321 3655 approbatas
1342 3577 1598 3640 consuetudines
1619 3579 1770 3641 ecclesiae

119 3677 155 3739 in
179 3676 326 3738 loturum
345 3675 587 3743 ecclesiastica,
604 3674 817 3737 saecularisve
837 3689 919 3751 per-
974 3674 1386 3738 watiensisdeiendereac
1397 3691 1563 3753 opponere
1574 3691 1610 3737 se
1621 3677 1770 3753 proipsis

119 3790 204 3837 sona
229 3773 316 3835 banc
344 3775 466 3835 nostrae
489 3771 737 3834 constitutionis
763 3772 918 3848 paginam
975 3771 1036 3832 sub
1046 3771 1228 3848 juramenti
1247 3772 1357 3833 debito
1372 3773 1534 3843 teneatur,
1551 3773 1623 3849 1000
1646 3773 1768 3835 tamin

119 3871 246 3943 sciens,
276 3871 391 3932 contra
418 3885 494 3931 eam
521 3869 636 3931 venire
660 3869 839 3932 tentaverit
864 3885 921 3930 se·
974 3869 1048 3942 hoc,
1066 3886 1165 3946 quam
1180 3870 1215 3931 in
1230 3869 1419 3942 alienando,
1434 3869 1650 3932 distrahendo
1663 3886 1704 3933 ac
1717 3871 1771 3931 di-

121 3969 247 4040 cundo,
285 3967 426 4029 tertiove
456 3966 670 4041 commonita;
698 3967 763 4028 nisi
791 3967 920 4028 reatum
974 3966 1151 4044 lapidando
1166 3968 1394 4044 possessiones
1408 3967 1442 4029 01
1454 3967 1603 4030 redditus
1619 3967 1769 4030 00010010

120 4082 218 4127 suum
238 4080 385 4140 congrua
400 4063 626 4127 satisfactione
645 4064 839 4135 correxerit,
859 4078 921 4140 00-
974 4065 1173 4142 supradictae
1203 4065 1387 4142 praestitum
1417 4065 1662 4142 transgreditur
1672 4068 1772 4143 jura-

119 4163 262 4235 testatis,
294 4161 498 4239 honorisque
530 4162 583 4226 sul
610 4161 771 4237 dignitate
794 4161 918 4232 careat,
975 4164 1120 4225 mentum
1135 4184 1143 4223 r
1159 4163 1216 4240 qui
1233 4163 1446 4240 parochianis
1465 4163 1534 4224 suis
1558 4163 1770 4226 interdictum

119 4276 277 4337 reamque
293 4276 330 4321 se
343 4259 456 4324 divino
474 4258 603 4335 judicio
620 4260 764 4321 existere
782 4257 823 4320 de
842 4273 920 4336 per·
973 4259 1160 4336 spiritualia
1171 4261 1220 4321 010
1231 4261 1409 4331 ministrat,
1419 4261 1504 4338 quod
1515 4261 1668 4322 nonnulli
1678 4261 1771 4322 exis-

120 4360 249 4436 0011010
263 4357 439 4434 iniquitate
457 4357 647 4432 cognoseat,
671 4357 703 4418 et
722 4371 742 4417 a
761 4356 921 4418 sacratis-
973 4356 1770 4435 timentipsumorthodoxaeddeinonsaperepu·

119 4457 205 4519 simo
229 4470 379 4532 corpore,
400 4470 441 4516 ac
455 4455 617 4530 sanguine
637 4453 708 4526 Dei,
734 4454 767 4517 et
787 4453 918 4516 Domini
974 4454 1117 4516 ritatem.
1133 4454 1278 4516 elericos
1302 4469 1432 4532 quoque
1453 4454 1641 4516 Watienses
1655 4455 1766 4527 terris,

120 4552 352 4629 Redemptoris
372 4551 480 4614 nostri
493 4554 573 4615 1000
588 4550 711 4616 Christi
724 4550 833 4615 aliena
849 4551 917 4619 ilat,
974 4552 1088 4629 sylvis,
1107 4551 1222 4629 pratis,
1245 4550 1429 4615 redditibus
1448 4553 1480 4614 et
1499 4551 1598 4613 rebus
1616 4552 1695 4612 aliis
1710 4567 1770 4628 per
1874 4628 1882 4638 ,

119 4654 219 4729 alque
233 4651 269 4711 in
283 4652 431 4711 extremo
449 4649 603 4710 examine
621 4648 779 4710 districtae
798 4648 917 4712 ultioni
973 4648 1167 4710 violentiam
1200 4648 1331 4726 spoliat,
1357 4648 1391 4710 01
1416 4648 1768 4712 excommunicationis

118 4748 301 4826 subjaceat.
328 4746 462 4808 Cunctis
488 4748 598 4809 antem
623 4745 730 4809 eidem
758 4746 831 4809 loco
857 4760 919 4807 sua
974 4745 1106 4806 vinculo
1115 4746 1232 4807 contra
1248 4746 1370 4807 statuta
1380 4745 1520 4807 concilii
1530 4745 1698 4822 generalis
1712 4762 1769 4806 as-

113 4851 194 4925 jnra
208 4844 428 4916 servantibus,
441 4845 477 4906 iit
487 4861 554 4920 pax
566 4844 697 4906 Domini
711 4844 919 4906 nostrilesu·
972 4842 1103 4919 tringit;
1115 4859 1155 4903 00
1163 4843 1322 4920 quosdam
1333 4858 1376 4905 ex
1386 4843 1435 4904 eis
1446 4858 1505 4920 per
1515 4843 1767 4920 incompositam

117 4944 258 5019 Christi3
273 4944 447 5020 quatenus,
462 4942 564 5007 ethic
582 4941 727 5005 auctum
746 4941 918 5004 1000000-
972 4939 1144 5008 familiam,
1170 4956 1268 5016 quam
1289 4939 1414 5000 habere
1432 4941 1505 5016 ipse
1530 4940 1767 5017 incompositus

116 5043 221 5106 tionis
233 5040 420 5119 percipiant
432 5042 464 5103 et
476 5039 564 5117 apud
577 5038 762 5104 districtum
771 5038 919 5117 jndicem
973 5036 1167 5109 delectatur,
1181 5037 1229 5099 slc
1242 5037 1319 5098 10011
1328 5036 1504 5098 inhoneste
1518 5038 1665 5110 tractari,
1680 5038 1767 5117 qnod

117 5138 257 5220 praemia
272 5139 405 5199 aeternae
418 5137 510 5216 pacis
526 5135 709 5198 inveniant.
723 5141 838 5200 Amen.
973 5135 1107 5212 quidam
1126 5133 1260 5196 illorum
1279 5133 1379 5196 rebus
1394 5134 1547 5196 omnibus
1570 5135 1702 5212 spoliati
1724 5151 1768 5197 ex

158 5240 278 5300 Datum
301 5238 414 5298 Romae
429 5234 516 5311 apud
535 5234 693 5295 Sanctum
709 5236 843 5296 Petrum
859 5250 919 5310 per
972 5230 1704 5309 1011101101010011110000110110111100011011
1715 5249 1768 5293 ar·

117 5351 255 5398 manum
268 5331 428 5410 Rayuerii
444 5331 568 5393 sanctae
587 5333 745 5394 Romanae
760 5332 918 5394 Ecclesia
972 5328 1161 5391 chidiaconi
1172 5330 1331 5407 quosdam
1344 5329 1385 5391 de
1394 5329 1519 5392 familia
1529 5330 1632 5408 ipsius
1642 5332 1768 5409 episco-

117 5431 398 5503 vicecancellarii,
419 5428 527 5490 idibus
548 5428 640 5501 maii,
665 5428 845 5491 indictione
860 5444 920 5490 oc-
972 5426 1017 5504 pi,
1034 5427 1091 5503 qui
1101 5442 1159 5488 eos
1167 5427 1317 5503 aggressi
1331 5427 1475 5500 inerant,
1487 5443 1599 5490 coram
1612 5429 1766 5490 saeculari

116 5535 208 5602 tava,
229 5527 473 5591 incarnationis
497 5526 677 5589 Dominicae
700 5542 788 5590 anno
805 5527 917 5590 mille·
971 5524 1082 5586 indice
1098 5526 1324 5597 convenirent,
1340 5525 1425 5604 ipse,
1441 5526 1478 5589 ut
1491 5526 1532 5588 ab
1545 5527 1675 5588 actione
1688 5525 1765 5586 illos

119 5631 205 5694 simo
230 5626 457 5691 ducentesimo
479 5625 598 5687 octavo
623 5623 762 5696 dec-imo,
779 5622 917 5702 pontid·
971 5620 1766 5702 excluderetmuntiaviteosdemperlitterassuas
