3802 6166
119 278 193 363 :183

134 455 248 513 eausa,
263 440 296 503 et
310 455 373 518 qua
379 437 507 517 udoque
520 454 581 517 pro
595 436 717 501 ritibus
738 440 772 501 et
782 438 929 502 minimis

135 538 373 615 quaestionibus
389 536 478 616 juris
489 537 606 599 ordine
619 536 855 615 praetermisso,
876 536 931 599 in-

134 635 266 701 terdicti
293 636 327 699 et
360 635 712 697 excommunicationis
745 636 928 698 sententias

134 731 363 809 promulgatis,
380 733 504 795 motum
519 732 622 794 animi
637 732 747 809 potius
762 748 860 809 quam
874 748 931 793 ze-

134 828 204 889 lum
226 829 435 892 rectitudinis
458 832 691 907 exsequentes.
713 831 794 891 Cum
818 829 929 907 itaque

134 926 293 1003 scriptum
312 927 367 1000 sit,
388 927 475 1005 quod
497 927 587 990 labia
611 927 793 990 sacerdotis
818 929 931 989 custo-

134 1023 231 1086 diunt
251 1025 436 1099 scientiam,
459 1027 493 1088 et
515 1025 622 1102 legem
637 1042 680 1089 en
694 1040 753 1087 ore
773 1028 846 1103 eJus
869 1039 931 1087 ex·

135 1121 280 1199 quirunt,
304 1138 346 1184 ne
365 1123 632 1200 jurisdictionem
655 1123 751 1185 vobis
773 1122 929 1186 traditam

134 1219 171 1280 in
186 1220 329 1281 aliorum
343 1220 503 1299 injuriam
524 1222 738 1294 convertatis,
758 1220 929 1282 universi·

134 1318 236 1379 tatem
249 1319 395 1381 vestram
416 1334 585 1396 rogamus,
601 1321 634 1381 et
648 1319 864 1382 exhortamur
878 1319 931 1379 at-

134 1414 270 1487 tentius,
293 1432 352 1493 per
364 1417 546 1492 apostolica
560 1417 655 1478 vobis
674 1417 796 1503 scripta
810 1417 931 1493 piraeei·

134 1512 256 1588 piendo
266 1513 473 1587 mandantes,
485 1514 746 1592 quatenuseirca
757 1513 929 1591 praelatam

134 1609 297 1685 reginam,
309 1610 461 1671 homines
472 1628 612 1689 quoque,
625 1627 664 1673 ac
675 1611 800 1673 terram
813 1611 927 1687 ipsius,

135 1704 374 1782 benignitatem
389 1710 422 1770 et
436 1709 733 1781 mansuetudinem,
751 1722 849 1786 quam
866 1708 928 1770 de-

134 1810 188 1865 cet
202 1804 324 1865 Christi
347 1804 516 1868 ministros
531 1806 665 1879 habere,
682 1807 723 1869 de
737 1808 857 1869 caetere
869 1822 930 1868 ex-

135 1899 347 1973 hibentesab
357 1902 547 1980 hujusmodi
555 1905 811 1981 [transumptione
820 1904 930 1968 taliter

136 1996 315 2071 desistatis,
333 2000 419 2076 quod
443 2000 474 2062 ei
495 2001 587 2061 nulla
607 2001 647 2061 de
664 2001 758 2063 tollis
769 2003 859 2080 Justa
874 2016 930 2063 re·

134 2098 269 2157 maneat
302 2098 441 2159 materia
468 2099 708 2175 conquerendi,
739 2100 771 2162 et
799 2116 859 2161 nos
888 2097 929 2159 ad

134 2194 375 2255 correctionem
404 2194 526 2257 abusus
552 2196 755 2274 hujusmodi,
778 2196 807 2257 si
834 2211 929 2258 secus

135 2290 281 2365 egeritis,
296 2308 362 2353 non
373 2308 531 2369 cogamur
540 2310 707 2371 apponere
719 2311 837 2355 manus
851 2312 931 2355 nos-

133 2384 214 2457 trae,
240 2387 397 2461 quoniam
412 2389 475 2448 etsi
498 2387 642 2450 debitam
668 2389 763 2452 vobis
788 2389 928 2451 velimus

133 2481 421 2545 honorificentiam
449 2487 656 2559 conservari,
689 2487 842 2549 nolumus
873 2489 927 2548 ta-

133 2595 209 2641 men
235 2582 322 2658 quod
346 2598 389 2643 en
410 2583 473 2645 ltoc
494 2583 570 2644 aliis
594 2584 735 2661 injurias
762 2585 926 2659 irrogetis,

133 2694 216 2757 quas
241 2681 356 2741 estex
379 2681 538 2756 patientia
559 2681 703 2743 tolerare
726 2682 926 2754 consultius,

134 2791 233 2853 quam
247 2776 383 2837 interro.
400 2780 517 2838 Datum
533 2778 703 2851 Laterani,
720 2782 794 2840 XVI
811 2779 929 2840 kalen-

134 2871 194 2932 das
233 2873 416 2947 februarii,
453 2875 663 2954 pontificatus
698 2876 802 2937 nostri
840 2892 927 2939 anno

133 2984 251 3046 prame.

458 3193 610 3282 CXLIX

133 3442 187 3503 Act
206 3442 482 3507 lt'tnaontenscan
507 3444 541 3507 et
569 3446 819 3509 cicestrensem
837 3450 929 3522 epis-

172 3555 274 3614 copos
286 3542 320 3603 ct
335 3546 479 3605 Garatom
498 3543 549 3604 ttt.
564 3547 599 3605 S.
614 3543 762 3606 Martini
782 3548 927 3620 prestm-

171 3638 286 3701 ternnt
300 3644 513 3705 cnrrcttnotena
531 3644 732 3719 apostoncae
752 3645 850 3705 Sectis
874 3648 925 3706 te-

169 3738 300 3813 qntttna.

427 3835 460 3891 17
477 3834 536 3908 jan.
550 3835 628 3893 lati.

181 3954 291 4019 [Regcst.
303 3955 347 4007 lib.
358 3957 380 4017 Ι,
391 3956 467 4022 epist.
476 3957 530 4008 tel.
539 3959 596 4011 liss.
606 3960 644 4011 La
653 3958 772 4009 Portcdu
782 3956 879 4023 Tacit]

129 4111 245 4170 Mandat
259 4115 302 4171 eis
315 4124 345 4173 ut
357 4118 381 4174 J.
396 4115 540 4189 quondam
555 4117 713 4189 auglorum
730 4118 808 4191 regis
821 4116 926 4176 iaciant

164 4200 310 4261 observari
326 4211 540 4274 testamentum,
564 4205 646 4279 eujus
661 4208 860 4264 executionem
876 4221 926 4264 rex

164 4289 227 4365 ipse
239 4293 366 4352 moriens
380 4293 435 4353 illis
450 4293 684 4352 demandaverat.

168 4454 348 4529 Honorius,
378 4458 462 4529 ete,
492 4456 739 4520 venerabilibus
766 4458 925 4521 tratribus

128 4552 338 4616 Wurtenien.
364 4556 398 4617 et
420 4556 599 4618 cicestren.
616 4556 791 4633 episeopis,
812 4558 845 4619 et
869 4558 924 4618 di-

130 4650 215 4713 lecto
230 4651 300 4713 illio
313 4654 427 4715 Gualae
446 4654 533 4716 tituli
548 4655 656 4715 sancti
672 4654 810 4715 Martini
832 4671 927 4732 pres-

128 4747 243 4826 bytero
268 4750 431 4813 cardinali
455 4751 654 4829 Apostolicae
682 4752 776 4814 Sedis
802 4752 922 4828 legate.

168 4848 248 4908 Cum
263 4849 364 4910 clarae
378 4850 547 4911 memoriae
564 4852 582 4912 J
585 4866 710 4912 oannes
724 4865 786 4912 rex
800 4851 926 4926 Anglo-

129 4958 215 5015 rum,
239 4962 297 5006 vos
320 4947 353 5009 et
375 4948 537 5024 quosdam
555 4948 640 5009 alios
663 4947 715 5009 sui
730 4950 924 5010 executores

130 5042 341 5106 constituerit
354 5046 554 5118 testamenti,
568 5061 629 5124 per
638 5045 821 5123 apostolica
830 5046 924 5108 robis

127 5138 251 5215 scripta
264 5142 470 5216 mandamus,
488 5145 650 5221 quatenus
661 5144 689 5204 si
705 5143 761 5221 qui
776 5144 924 5221 ejusdem

127 5235 317 5299 testamenti
354 5242 586 5303 executionem
621 5257 706 5303 ausu
745 5240 923 5304 temerario

127 5337 399 5412 praesumpserint
423 5338 596 5416 impedire,
624 5355 684 5402 res
703 5339 922 5401 temeritatem

125 5430 286 5509 ipsorum,
297 5435 478 5497 monitione
486 5438 668 5513 praemissa,
683 5452 922 5515 percensuram

126 5530 408 5606 ecclesiasticam,
451 5535 673 5611 appellatione
719 5535 919 5612 postposita,

128 5618 357 5709 compescatis.
374 5632 465 5706 Quod
484 5632 512 5694 si
537 5647 604 5695 non
617 5649 743 5705 omnes,
760 5634 837 5707 ete,
857 5632 922 5695 duo

749 276 927 341 HONORII
948 278 994 341 111
1016 280 1164 342 OPERA.

1724 272 1778 335 184

983 440 1141 514 vestrum,
1163 439 1224 503 etc.
1248 438 1367 501 Datum
1388 436 1557 510 Laterani,
1571 436 1650 499 XVI
1664 416 1778 497 kalen-¹

984 539 1044 599 das
1077 537 1261 612 februarii,
1295 536 1507 615 pontillcatas
1543 532 1655 597 nostri
1694 546 1777 595 anne

983 652 1101 713 primo.

1351 857 1412 945 CL

983 1054 1035 1113 Ad
1051 1054 1247 1114 Stmconem
1266 1054 1549 1115 Terracinensem
1573 1054 1774 1129 episcopum.

1274 1193 1313 1254 ‚17
1328 1192 1389 1266 jan.
1411 1193 1489 1251 lam.

1046 1352 1199 1418 [Bullatium
1213 1354 1366 1412 Romanum,
1377 1352 1517 1411 adram,
1525 1357 1543 1403 t.
1555 1352 1597 1411 llt,
1606 1367 1633 1416 p.
1644 1352 1714 1416 alal.

984 1495 1166 1555 Contlrniatio
1191 1495 1331 1553 bonorum
1351 1495 1478 1553 omnium
1502 1508 1536 1552 ae
1564 1495 1772 1569 privilegiorum

1018 1586 1148 1643 eeclesiae
1174 1586 1353 1643 Terraicinen.
1380 1600 1414 1642 ac
1440 1584 1555 1640 trationis
1583 1599 1651 1641 euin
1679 1582 1770 1641 eadem

1019 1675 1204 1733 eeclesiarum
1220 1673 1393 1733 Privernatis
1404 1680 1433 1731 et
1445 1674 1559 1731 Setina.

1023 1820 1190 1880 Honorius
1209 1819 1384 1896 episeopus
1399 1833 1517 1880 serras
1531 1832 1705 1878 servornm
1719 1818 1769 1877 liei

983 1917 1168 1978 venerabili
1214 1916 1309 1978 tratri
1359 1916 1504 1979 Simeoni
1546 1913 1770 1975 'terracinensi

984 2015 1138 2090 episcopo
1167 2016 1303 2091 eiusque
1337 2012 1586 2074 successoribus
1620 2011 1770 2074 canonice

983 2112 1194 2174 instituendis
1210 2112 1463 2188 inperpetuum.

1023 2209 1300 2281 ll01·taturnos‚et
1312 2209 1467 2270 admonet
1481 2223 1562 2269 eura
1575 2205 1770 2283 suscepiire

983 2302 1770 2383 giminis,etc.Eapropter,l·'en.inchristotrater

983 2405 1147 2483 episcope,
1161 2404 1228 2467 tuis
1238 2404 1339 2482 justis
1349 2402 1629 2481 postulationibus
1641 2402 1770 2463 cleiuen·

984 2504 1034 2563 ter
1050 2503 1238 2574 antistianus,
1256 2502 1289 2564 et
1303 2501 1575 2563 Terracinensem
1591 2499 1767 2563 ecclesiam,

983 2600 1038 2660 cui
1063 2602 1199 2662 auctore
1226 2604 1292 2663 Deo
1319 2616 1462 2678 praeesse
1488 2598 1707 2674 dignosceris,
1734 2593 1767 2655 ad

983 2698 1154 2774 exemplar
1190 2698 1297 2759 telieis
1325 2697 1492 2759 memoriae
1520 2694 1704 2757 Alexandri
1727 2693 1766 2763 ll,

984 2792 1109 2853 Urbani
1125 2795 1165 2865 Il,
1183 2793 1354 2854 Pasclialis
1376 2795 1416 2864 ll,
1434 2791 1554 2852 Calixti
1569 2794 1611 2863 ll,
1629 2789 1766 2852 Alexan-

983 2888 1035 2949 dri
1050 2891 1106 2961 lll,
1124 2889 1292 2951 Caelestini
1307 2892 1353 2949 lll
1367 2889 1400 2950 et
1414 2887 1599 2948 Innocentii
1617 2889 1767 2948 Romano

983 3003 1057 3048 rum
1072 2986 1271 3050 Pontificum
1290 2986 1570 3064 praedecessorum
1586 2986 1762 3047 nostrorum

984 3084 1045 3145 sub
1059 3086 1096 3146 Β.
1124 3085 1215 3146 Petri
1231 3086 1262 3147 et
1276 3085 1389 3146 nostra
1405 3082 1610 3161 protectione
1635 3079 1765 3157 suscipi·

982 3198 1068 3251 mus,
1080 3184 1112 3244 et
1127 3183 1299 3260 presentis
1316 3181 1431 3259 scripti
1442 3179 1618 3258 privilegio
1632 3192 1764 3243 commu·

983 3279 1102 3354 ninius,
1120 3280 1310 3354 statuentes,
1340 3280 1375 3341 ut
1396 3295 1620 3358 quascumque
1646 3288 1763 3356 posses-

983 3379 1113 3453 siones,
1139 3395 1353 3457 quaecumque
1382 3378 1467 3440 bena
1494 3377 1611 3439 eadem
1637 3372 1763 3438 ecclesia

983 3477 1020 3537 in
1034 3478 1285 3555 praesentiarum
1296 3478 1386 3555 juste
1403 3478 1436 3539 et
1446 3476 1606 3538 canonice
1621 3469 1761 3553 possidet

982 3576 1040 3637 aut
1067 3576 1103 3637 in
1131 3575 1276 3638 suturam
1313 3574 1529 3637 concessione
1567 3572 1761 3638 Pontificum,

981 3672 1158 3749 largitione
1172 3688 1288 3751 regum
1311 3674 1364 3735 rel
1388 3673 1585 3750 principum,
1612 3669 1763 3733 oblatione

982 3770 1138 3844 fidelium,
1165 3787 1224 3832 seu
1250 3771 1327 3832 aliis
1348 3771 1448 3847 justis
1473 3770 1579 3831 modis
1599 3766 1763 3845 praestante

982 3867 1119 3929 Domino
1141 3869 1262 3945 peterit
1277 3868 1428 3946 adipisci,
1446 3867 1540 3928 firma
1561 3867 1623 3929 tibi
1646 3866 1762 3941 tuisque

982 3965 1238 4038 successoribus,
1252 3965 1419 4028 etillibata
1433 3963 1661 4042 permaneant,
1677 3958 1763 4039 eqni·

980 4062 1042 4123 bus
1057 4063 1128 4123 liaec
1144 4063 1287 4140 propriis
1309 4063 1464 4124 altisimus
1481 4062 1697 4139 exprimenda
1711 4074 1762 4121 so-

981 4160 1107 4222 cabulis
1131 4182 1138 4221 :
1164 4161 1274 4223 casale
1298 4161 1333 4222 in
1359 4162 1500 4236 integre,
1529 4160 1616 4237 quod
1640 4162 1765 4221 roratur

980 4258 1175 4320 niitisanum
1188 4274 1262 4319 cum
1277 4258 1445 4336 aquimolo
1462 4274 1533 4330 sue,
1553 4258 1586 4319 et
1599 4256 1764 4320 Teruniam

980 4372 1055 4418 cum
1069 4356 1245 4433 aquimolis
1261 4357 1342 4428 suis,
1357 4358 1389 4419 et
1395 4357 1493 4433 Juxta
1509 4355 1649 4417 standum
1662 4351 1766 4416 cai-‹li-

980 4455 1103 4528 culum,
1118 4455 1283 4517 coloniam
1295 4455 1543 4533 quaeposilaest
1554 4454 1630 4516 in...
1649 4451 1762 4518 casale

981 4553 1066 4629 quod
1082 4555 1220 4616 vocatur
1234 4557 1394 4625 Derausa,
1409 4552 1575 4614 coloniam
1591 4569 1665 4630 quaa
1677 4564 1765 4612 seca-

980 4651 1038 4713 tur
1061 4650 1229 4722 Rosetum,
1259 4650 1422 4711 coloniam
1447 4666 1520 4726 qnae
1541 4651 1766 4711 roeaturRos·

980 4747 1097 4820 sinam,
1135 4748 1244 4810 casale
1271 4748 1357 4825 quod
1380 4750 1520 4810 roratur
1551 4744 1764 4815 Casatnartim

979 4845 1089 4906 casale
1113 4843 1199 4922 quod
1234 4846 1284 4905 est
1312 4844 1455 4922 positum
1488 4845 1524 4905 in
1552 4845 1685 4917 Silana,
1714 4858 1765 4904 ca-

980 4942 1050 5004 sale
1072 4942 1157 5020 quod
1182 4944 1320 5005 vocatur
1322 4986 1395 5003 ......
1425 4943 1525 5019 Sylva
1547 4942 1767 5019 quaereretur
1798 4996 1803 5003 .

981 5040 1155 5117 Sigubara,
1196 5042 1229 5103 et
1254 5040 1459 5102 Lonciscnm.
1484 5043 1555 5101 Duo
1589 5040 1715 5102 casalia
1737 5036 1767 5098 in

982 5140 1129 5216 Circey0,
1160 5138 1297 5199 tandum
1328 5139 1414 5216 quod
1451 5141 1593 5200 vocatur
1618 5142 1768 5206 Pensam,

979 5237 1089 5299 casale
1102 5237 1188 5314 quod
1202 5238 1341 5299 vocatur
1356 5240 1432 5309 lire,
1448 5235 1586 5299 fundum
1602 5239 1660 5315 qui
1674 5250 1770 5299 veca-

978 5335 1032 5396 tur
1046 5336 1211 5407 Belazam,
1235 5336 1491 5411 Prepesianum,
1508 5337 1642 5412 pratum
1656 5340 1770 5397 tinea-

977 5434 1046 5496 tnm
1056 5434 1155 5511 juxta
1168 5434 1340 5505 Balneum,
1357 5434 1389 5495 et
1402 5434 1585 5495 Canuetzma
1600 5452 1676 5496 cnm
1691 5434 1766 5495 dra-

977 5531 1083 5601 cinia,
1121 5547 1226 5609 usque
1260 5532 1296 5593 in
1325 5534 1420 5609 porta
1448 5530 1561 5593 Sancti
1586 5527 1769 5601 Laurentii,

977 5629 1114 5691 fundum
1135 5630 1337 5703 casaricum,
1354 5630 1449 5691 vinea
1473 5645 1514 5706 po
1527 5629 1580 5692 :ita
1596 5629 1637 5691 in
1654 5627 1767 5706 Cepol-
