3802 6166
71 269 135 331 033

72 430 223 506 paterne
236 444 324 493 curse
346 430 514 505 solatium,
529 430 565 493 in
588 446 653 510 quo
674 430 770 493 nobis
783 432 868 494 bene

72 528 274 606 complacuit
305 531 337 592 et
363 529 505 608 placebit
530 531 566 591 in
594 531 772 609 posterum,
800 534 868 593 Deo

71 625 184 697 dante,
202 628 238 688 ut
251 626 298 689 ita
314 627 378 704 piis
397 626 551 704 operibus
564 644 600 690 se
618 629 760 706 adaptet,
782 629 866 706 quod

71 722 195 784 bonum
217 725 319 801 regiae
332 725 518 788 devotionis
533 725 676 799 initium,
693 743 766 805 quat
786 744 867 804 pro-

71 836 224 895 gressum
268 822 384 884 babuit
421 824 612 897 meliorem,
649 824 868 903 subsequatur

71 919 150 980 finis
171 920 315 997 optimus
339 924 372 983 et
393 922 579 994 concludat,
595 923 631 984 ut
644 923 702 985 liat
715 940 812 984 mane
836 925 868 985 et

70 1033 212 1095 vespere
228 1018 299 1079 dies
315 1035 413 1091 unus,
430 1022 463 1082 ot
477 1036 619 1097 regnare
640 1038 714 1082 cum
736 1021 867 1082 Christo

71 1115 183 1176 valeat
197 1116 231 1176 in
247 1117 428 1193 aeternum3
445 1118 523 1196 quia
537 1135 633 1180 nemo
649 1119 781 1181 mittens
796 1136 869 1180 rna·

71 1228 152 1273 num
175 1213 215 1274 ad
235 1218 384 1275 aratrum
409 1219 441 1277 et
463 1218 646 1294 respiciens
666 1219 755 1279 retro
771 1220 867 1294 aptus

71 1313 123 1372 est
136 1327 238 1387 regno
251 1313 321 1385 Dei,
337 1314 434 1390 prout
447 1316 571 1377 veritas
584 1315 776 1390 evangelica
788 1331 867 1393 pro-

70 1412 224 1472 testatur.

113 1510 279 1584 Rogamus
290 1510 427 1587 insuper
439 1511 562 1575 dictum
576 1528 688 1589 regem
704 1513 749 1584 ut,
772 1514 869 1591 quid-

72 1605 868 1688 quidsuperiisfecerit,saltompromunereno-

71 1703 123 1763 bis
134 1702 243 1775 donet,
257 1706 342 1782 quod
354 1706 492 1782 praefato
502 1708 657 1785 episcopo
668 1724 707 1769 ao
716 1709 867 1771 ecclesiae

72 1816 142 1862 suae
153 1803 336 1873 canonicis,
348 1803 549 1882 presbyteris
563 1807 596 1867 et
610 1806 742 1867 clericis
758 1807 868 1869 suiset

72 1897 171 1960 rebus
185 1900 386 1973 eorumdem,
404 1903 600 1965 auctoritate
622 1904 714 1980 regia
739 1905 868 1966 securi.-

70 1998 172 2057 tatem
186 1999 321 2073 prsestet
335 1999 368 2060 et
380 1999 481 2062 faciat
503 2001 741 2063 inviolabiliter
753 2002 868 2063 obser-

68 2095 163 2169 vari3
194 2093 359 2172 alloquin,
399 2100 700 2176 quantumcumque
721 2100 866 2175 regalem

69 2193 303 2254 excellentiam
322 2194 510 2271 diligamus,
533 2198 561 2257 si
578 2197 660 2258 forte
681 2195 781 2276 (quod
801 2214 866 2258 nou

68 2291 250 2369 credimus)
262 2293 379 2354 saltem
395 2310 438 2355 er
450 2295 585 2371 speciali
601 2296 707 2371 gratia
724 2312 789 2357 non
802 2296 868 2357 fue·

69 2388 178 2448 rimus
200 2391 359 2461 exauditi,
382 2391 445 2452 sibi
458 2392 569 2453 tamen
582 2392 712 2455 deferre
727 2410 793 2454 non
808 2409 868 2470 po-

67 2485 209 2547 terimus
233 2490 348 2549 contra
366 2492 480 2562 Deum,
500 2490 556 2551 sed
572 2491 732 2566 eligemus
756 2491 867 2568 potius

69 2584 153 2659 Regi
162 2600 276 2661 regum
286 2587 638 2663 quamregibominum
648 2589 864 2666 complacere.

68 2682 232 2754 Quocirca
254 2683 447 2747 discretioni
464 2689 585 2747 vestrae
605 2702 663 2763 per
678 2687 866 2764 Apostolica

68 2778 195 2856 scripta
211 2781 417 2854 mandamus
441 2784 604 2861 quatenus
624 2784 797 2861 praefatum
811 2800 867 2847 re-

69 2892 144 2951 gern
164 2877 205 2938 ad
230 2878 294 2941 boc
309 2880 472 2941 monentis
497 2882 676 2957 prudenter
697 2882 729 2943 et
752 2882 867 2944 effica-

69 2974 154 3036 citer
164 2975 339 3038 inducatis.
354 2978 485 3050 Quodsi
498 2995 564 3040 non
577 2995 702 3051 omnes,
717 2980 782 3042 duo
793 2996 866 3041 ves·

66 3074 170 3144 trum,
185 3076 246 3135 etc.
266 3076 383 3136 Datum
394 3076 560 3147 Laterani,
579 3079 623 3138 lll
639 3077 714 3138 idus
731 3078 866 3139 februa-

66 3171 124 3242 rii,
139 3172 349 3247 pontificatus
362 3175 467 3234 nostri
480 3190 568 3236 anno
583 3176 738 3236 secundo.

109 3307 148 3364 ln
173 3308 324 3369 eumdem
348 3308 480 3369 modum
505 3308 663 3386 scripturn
687 3309 737 3371 est
758 3309 864 3372 eidem

66 3403 152 3478 regi.

64 3656 121 3715 Ad
135 3656 427 3732 orcttepiscopom
437 3660 679 3729 Seleucensem,
692 3661 866 3733 episcopos

107 3755 865 3829 Portstcescm,AretisstodorcnseeeTrecen-

107 3864 195 3922 scm,
206 3854 415 3914 meldensem
434 3855 467 3914 ct
480 3857 736 3916 Nicerncnsem
754 3856 787 3917 et
800 3859 863 3918 dc-

107 3963 233 4010 comvm
246 3951 280 4011 ct
294 3952 481 4024 capitutum
497 3952 754 4015 Gorrcoteusem.

367 4076 398 4132 lt
415 4073 471 4133 leb.
488 4076 567 4133 lilss.

65 4179 207 4244 [bouquet
218 4180 319 4231 llecueil
327 4180 370 4231 des
382 4182 479 4239 hisl.,t.
491 4184 591 4248 xtxp.
601 4182 656 4241 bb&
666 4184 763 4247 liegest.
776 4183 812 4233 lib
832 4183 863 4243 ll,

388 4262 461 4326 epist.
478 4262 546 4327 ssu]

65 4360 160 4428 Quum
177 4359 251 4432 apud
268 4375 367 4434 regern
386 4360 530 4419 incassum
546 4361 754 4420 intercessisset
772 4364 864 4420 lieno

103 4449 174 4517 rius,
195 4450 287 4523 gratie
312 4450 483 4508 conciliandi
502 4451 719 4509 Aurelianensis
738 4453 864 4525 episcopi

103 4554 170 4595 curn
182 4539 304 4611 quodam
314 4542 435 4609 loanne,
445 4539 560 4599 tandem
571 4540 699 4613 ejusdem
707 4542 826 4599 loannis
837 4549 864 4599 et

102 4629 285 4701 complicium
300 4629 362 4701 ejus
377 4636 468 4687 terras
488 4630 638 4687 interdicto
658 4631 783 4703 graviori
795 4631 863 4689 sub·

100 4717 242 4789 jiciendas
256 4717 382 4790 pontifex
392 4717 529 4778 decernit.

108 4835 275 4896 Honorius
302 4835 512 4913 episcopus...
529 4836 776 4899 venerabilibus
796 4837 867 4900 fra-

65 4932 174 4997 tribus
209 4934 343 5006 nostris,
374 4935 625 5013 archiepiscopo
663 4936 863 5008 senonensi,

66 5032 233 5109 episcopis
259 5032 435 5104 parisien,
461 5034 694 5105 Autissiodor.,
713 5036 863 5105 Trecen„

65 5130 210 5191 Melden.
225 5131 257 5193 et
278 5131 471 5201 Nivernon.,
493 5132 624 5194 dilectis
639 5131 719 5193 tiliis
740 5132 865 5194 decano

66 5231 100 5289 et
115 5227 260 5304 capitulo
283 5227 489 5300 carnotensi,
514 5229 666 5300 salutem,
683 5230 746 5290 etc.

109 5326 319 5387 invalescens
335 5326 401 5387 diei
417 5327 543 5389 malitia
557 5327 615 5387 vix
638 5327 809 5404 permittit,
831 5328 867 5390 ut

65 5424 141 5486 sine
161 5424 284 5486 doloris
313 5425 429 5487 aculeo
454 5425 539 5487 diem
563 5441 663 5486 unum
681 5426 866 5503 transigere

104 5631 146 5699 (l)
167 5631 339 5687 Marrnssem.

635 240 638 245 ’
701 238 1030 333 missensem.
1055 270 1095 331 u.
1339 296 1351 327 0
1390 214 1427 259 ⁹

1661 272 1719 339 tet

922 429 1105 493 valeamus,
1121 431 1287 495 Succensa
1312 433 1412 506 enim,
1428 433 1519 497 velut
1536 432 1632 511 ignis,
1656 436 1722 497 im-

923 527 1028 606 pietas
1042 529 1091 591 sic
1105 530 1275 592 succendit
1289 532 1479 609 cupiditatis
1491 532 1611 595 ardore
1635 551 1720 612 quo-

924 628 1072 688 rumdam
1101 628 1230 689 animos
1258 629 1451 706 impiorum,
1476 632 1522 704 ut,
1545 632 1580 692 in
1604 648 1718 694 sacros

923 725 981 786 Dei
995 725 1135 788 famulos
1161 727 1195 788 et
1208 742 1264 787 res
1282 743 1396 789 sacras
1419 729 1632 806 sacrilegium
1651 746 1718 793 an-

923 822 1037 884 dentes
1059 824 1278 897 committere,
1295 825 1349 903 pia
1363 827 1434 888 loca
1447 828 1583 905 pariter,
1598 830 1630 890 et
1643 845 1721 906 per-

923 936 1023 981 sonas
1035 922 1173 983 Domino
1186 922 1369 985 militantes
1381 925 1416 984 in
1427 925 1720 1003 eis,impietatibus

923 1019 993 1079 suis
1026 1019 1196 1081 offendere
1234 1036 1301 1082 non
1336 1021 1528 1096 formident,
1562 1025 1719 1103 tantoque

922 1114 1066 1177 validius
1081 1120 1197 1179 contra
1213 1121 1316 1178 Deum
1338 1120 1371 1181 et
1392 1120 1560 1181 ministros
1580 1123 1652 1199 ejus
1665 1122 1719 1182 in-

922 1217 1074 1289 surgunt,
1091 1218 1215 1293 quanto
1239 1216 1349 1276 minus
1365 1217 1462 1278 bodie
1478 1217 1647 1280 invenitur
1661 1219 1718 1297 qui

922 1327 958 1371 se
969 1311 1105 1389 objiciat
1118 1313 1244 1374 obicem
1260 1328 1320 1390 pro
1335 1315 1471 1387 eisdem,
1482 1315 1534 1377 vel
1550 1332 1609 1393 pro
1622 1316 1719 1379 domo

922 1410 1716 1489 Dominiseopponatascendentibusexsdverso.

924 1508 1018 1568 Unde
1041 1524 1111 1577 nos,
1128 1510 1184 1587 qui
1209 1524 1275 1571 non
1300 1527 1476 1588 possumus
1501 1511 1638 1575 cuilibet
1656 1528 1720 1590 pa-

922 1605 1019 1667 tienti
1032 1622 1097 1667 non
1110 1608 1265 1685 compati,
1282 1610 1314 1670 ot
1327 1625 1402 1669 cum
1416 1609 1564 1687 quolibet
1576 1611 1720 1671 scanda-

923 1703 1717 1784 lizanteuonuri‚perurimuracriorissartagiue

922 1802 1110 1863 caritatiset
1120 1803 1349 1866 vehementius
1358 1804 1602 1877 contristamur,
1616 1823 1716 1883 quum

923 1897 958 1957 in
974 1897 1094 1959 fratres
1118 1900 1151 1960 et
1174 1899 1387 1976 coepiscopos
1402 1903 1545 1969 nostros,
1558 1902 1613 1979 qui
1628 1903 1717 1964 tam-

922 2012 1020 2072 quam
1033 1995 1184 2073 digniora
1203 1998 1361 2059 Ecclesiae
1376 2000 1435 2059 Dei
1450 1998 1598 2060 membra
1617 1999 1719 2061 debe-

922 2095 1056 2155 reniam
1061 2095 1147 2171 plius
1160 2095 1330 2168 honorari,
1345 2097 1473 2158 malitia
1484 2112 1716 2174 perversorum

922 2191 1033 2251 acrius
1048 2191 1263 2264 incandescit,
1280 2193 1366 2255 sicut
1387 2208 1466 2269 erga
1491 2194 1716 2256 venerabilem

922 2287 1058 2350 fratrem
1092 2292 1240 2352 nostrum
1272 2290 1546 2353 Aurelianensem
1583 2292 1716 2369 episco-

924 2403 1000 2462 pum
1011 2384 1058 2466 (1)
1072 2384 1169 2466 [quod
1185 2388 1361 2450 referimus
1376 2405 1450 2450 cum
1465 2388 1591 2470 dolore]
1609 2405 1715 2467 nuper
1791 2378 1795 2385 ’

922 2485 1109 2562 accepimus
1122 2500 1194 2548 esse
1207 2486 1330 2548 factum
1342 2509 1349 2546 :
1361 2487 1472 2548 oblata
1484 2488 1646 2565 siquidem
1659 2504 1716 2550 no·

920 2581 971 2643 bis
986 2585 1058 2659 ejus
1074 2584 1282 2660 querimonia
1303 2585 1485 2647 declaravit
1502 2585 1715 2663 quodquam

920 2683 1066 2741 loannes
1089 2680 1129 2741 de
1149 2681 1339 2743 Aurelianis
1362 2682 1468 2754 miles
1485 2681 1541 2759 qui
1566 2699 1627 2759 pro
1645 2683 1715 2744 suis

921 2778 1113 2839 excessibus
1136 2776 1177 2839 ab
1199 2779 1314 2841 eodem
1336 2779 1455 2841 luisset
1479 2781 1717 2842 excomunica-

919 2876 1020 2937 tionis
1039 2891 1196 2939 mucrone
1216 2893 1404 2954 percussus,
1422 2878 1518 2938 miles
1533 2878 1606 2955 ipse
1628 2881 1716 2940 tam-

920 2989 1018 3051 quam
1028 2975 1175 3035 vesaniae
1188 2974 1307 3052 spiritu
1320 2976 1494 3048 excitatus,
1507 2976 1541 3036 in
1554 2977 1714 3039 ecclesias

920 3072 953 3133 et
966 3072 1136 3134 ministros
1147 3088 1262 3134 earum
1282 3074 1381 3149 coepit
1396 3074 1575 3136 crudeliter
1589 3073 1713 3137 debac-

919 3169 1025 3239 chari,
1041 3168 1251 3246 presbyteros
1262 3170 1318 3247 qui
1331 3170 1432 3231 latam
1448 3171 1482 3231 in
1498 3187 1572 3231 eum
1585 3171 1715 3233 denun-

920 3266 1052 3328 ciabant
1066 3267 1274 3335 sententiam,
1291 3266 1475 3345 dejiciendo
1490 3283 1510 3328 a
1525 3269 1595 3329 suis
1607 3270 1716 3348 turpi-

918 3365 970 3426 ter
995 3365 1171 3436 evecturis,
1197 3369 1230 3427 et
1257 3367 1325 3426 tam
1351 3381 1453 3443 equos
1477 3382 1576 3442 quarn
1602 3367 1713 3429 omnia

919 3462 1005 3524 bona
1029 3479 1101 3533 sua,
1132 3462 1310 3525 confractis
1332 3463 1483 3524 domibus
1507 3463 1711 3538 eorumdem,

920 3561 1001 3637 ipsis
1014 3561 1166 3638 nequiter
1180 3560 1361 3623 auferendo
1373 3583 1381 3636 ;
1407 3577 1589 3638 manusque
1604 3562 1712 3623 sacri-

920 3659 1011 3735 legas
1022 3659 1239 3720 nibilominus
1254 3658 1360 3720 adres
1375 3660 1580 3738 episcopales
1594 3660 1713 3723 exten-

919 3758 1011 3829 dens,
1028 3757 1134 3834 ipsius
1149 3757 1296 3835 episcopi
1322 3757 1454 3819 domum
1476 3759 1516 3820 de
1531 3759 1713 3833 necropela

919 3858 951 3917 el
976 3855 1137 3932 capellam
1169 3870 1228 3932 per
1255 3871 1333 3917 suos
1362 3855 1522 3917 satellites
1549 3856 1714 3917 violenter

919 3953 1064 4030 infregit,
1079 3953 1122 4026 et,
1136 3968 1203 4015 non
1219 3952 1348 4015 modica
1361 3953 1454 4031 parte
1464 3953 1626 4016 bonorum
1639 3969 1713 4032 quse

919 4051 1714 4130 inventafueruntihidemhostiliterdissipata,iu

919 4151 1051 4212 domurn
1064 4166 1158 4212 suam
1174 4153 1381 4221 dectorioco
1391 4152 1519 4227 partem
1535 4149 1613 4212 fecit
1627 4150 1714 4212 resi·

919 4248 1018 4309 duam
1033 4247 1208 4326 asportari,
1218 4248 1388 4324 ruptisque
1401 4246 1533 4309 fossatis
1546 4248 1713 4326 praedictae

919 4345 1035 4406 domus
1049 4345 1198 4422 ejusdem
1219 4344 1377 4422 episcopi,
1391 4346 1496 4422 captis
1516 4345 1662 4423 piscibus
1681 4346 1716 4425 et

920 4442 1132 4519 consumptis,
1149 4457 1284 4504 craesum
1309 4441 1409 4503 fontis
1433 4442 1489 4519 qui
1506 4456 1637 4518 semper
1655 4441 1715 4504 de-

920 4541 1073 4613 fluxerat,
1098 4540 1132 4601 in
1154 4539 1277 4601 fossata
1293 4538 1462 4616 praedicta,
1480 4555 1522 4600 ne
1538 4538 1579 4600 de
1593 4540 1715 4601 caetero

919 4639 1129 4701 derivaretur
1153 4637 1288 4710 ibidem,
1312 4637 1353 4698 ab
1379 4637 1475 4699 alveo
1499 4652 1560 4698 suo
1579 4638 1714 4713 propria

919 4737 1105 4800 temeritate
1121 4735 1277 4797 divertit:
1294 4736 1361 4812 qui,
1381 4736 1421 4796 ad
1438 4751 1506 4795 suae
1528 4734 1715 4811 iniquitatis

920 4836 1144 4911 augmentum,
1161 4834 1315 4911 episcopo
1328 4833 1391 4911 ipsi
1408 4833 1448 4894 ad
1462 4833 1606 4894 castrum
1617 4848 1714 4893 suum

920 4933 1006 5013 quod
1027 4935 1207 4995 rtttoerts
1230 4934 1440 5007 nuncupatur
1463 4931 1551 4992 ituro
1575 4930 1715 4991 insidias

920 5034 1123 5094 armatorum
1133 5029 1231 5092 invia
1239 5030 1359 5107 posuit,
1369 5030 1426 5107 qui
1435 5028 1596 5090 saevireiu
1605 5043 1716 5106 perso·

921 5147 997 5192 narn
1010 5133 1093 5209 ejus,
1104 5129 1140 5191 ut
1152 5126 1308 5200 creditur,
1326 5126 1492 5198 sitiebant,
1508 5142 1590 5205 quos
1601 5128 1714 5189 tamen

920 5230 1094 5307 episcopus
1116 5228 1200 5305 ipse,
1219 5242 1298 5288 casu
1325 5224 1460 5287 fortuito
1481 5223 1521 5287 ad
1541 5224 1715 5304 cujusdam

921 5329 1035 5391 militis
1063 5325 1263 5388 infirmantis
1286 5324 1511 5387 visitationem
1533 5324 1713 5397 divertens,

922 5427 1035 5488 divina
1055 5423 1248 5504 providente
1261 5423 1448 5496 clementia,
1462 5421 1653 5485 declinavit.
