3802 6166
529 324 759 386 asrsroms.
781 327 861 389 nm.
884 327 910 387 1.
1506 328 1546 389 ἃς

102 484 461 547 lsordinisvicesimam
477 500 697 564 suorumpro-

102 600 135 645 ro
158 584 305 645 subsidio
325 587 436 645 Terrae
459 582 588 645 Sancta
598 586 696 661 juxta

102 682 204 743 nerali
220 682 367 744 Concilio
384 683 493 744 extitit
508 681 697 743 ordinatum

102 781 145 842 iat
160 781 323 849 exhiberi,
333 782 366 842 et
379 781 439 843 tibi
453 781 594 842 fideliter
605 780 696 841 assi-

102 880 219 941 retioni
233 882 296 941 lnae
307 879 558 956 parapostolica
574 879 697 955 scripta

102 980 288 1055 ‚quatenns
307 978 393 1039 sicut
404 976 512 1038 felicis
528 977 696 1038 memoriae

102 1092 226 1137 acessor
239 1077 351 1137 noster
361 1074 420 1137 tibi
431 1076 507 1136 viva
519 1091 600 1136 uoce
610 1091 699 1151 prae-

103 1174 201 1235 imam
217 1174 322 1249 ipsam
337 1174 491 1251 recipias,
509 1174 543 1234 et
557 1173 591 1233 in
604 1174 698 1233 solu·

103 1274 222 1334 itorum
235 1272 462 1334 Cluniacensis
471 1271 613 1332 coenobii
625 1288 698 1333 eam

102 1392 107 1430 ι
120 1371 389 1442 sollicitmlinem,
404 1369 653 1444 etvigilantiam
664 1369 698 1431 in

102 1485 135 1529 ns
150 1467 318 1536 adbibere,
340 1469 376 1529 ut
396 1468 595 1529 solutionem
609 1468 696 1529 duo-

103 1583 134 1626 m
151 1583 349 1637 marcarum,
366 1582 448 1643 quas
464 1566 550 1626 idem
566 1566 698 1642 praede-

102 1681 142 1725 or
152 1665 289 1742 prael'ato
301 1664 617 1742 coerrolrioinspectis
627 1667 698 1742 ojus

102 1763 158 1823 bus
174 1764 346 1834 rnntuatit,
362 1762 507 1823 nobisex
522 1763 595 1841 ipsa
607 1762 701 1823 rico-

118 1864 188 1937 jam
211 1862 316 1922 dictus
339 1862 564 1938 praedecessor
585 1862 697 1922 noster

102 1959 294 2031 sciendam,
323 1959 489 2035 impediri,
518 1976 577 2020 seu
600 1960 700 2020 nimis

102 2075 113 2118 r
133 2060 221 2118 tuam
247 2058 409 2119 incuriam
430 2074 496 2119 non
516 2058 698 2133 contingat.

102 2157 203 2228 erani,
217 2159 245 2217 ll
259 2156 303 2217 id.
316 2156 515 2228 novembris,
532 2156 702 2232 pontifica-

102 2270 173 2315 nno
187 2255 304 2331 primo.

260 2470 352 2557 tis

102 2644 173 2701 'tarra
185 2641 398 2701 comitissam
405 2655 446 2700 ur>
459 2642 681 2701 llecobatdum

175 2739 294 2798 iudum
312 2741 429 2812 ipsias.

193 2852 227 2909 lt
246 2866 312 2909 nor.
335 2853 413 2909 lilii.

102 2981 178 3037 seties
190 2977 224 3025 du
236 2979 316 3026 tresor
326 2976 369 3025 dos
379 2977 486 3034 charles,
498 2981 516 3025 t.
530 2976 549 3035 l,
569 2990 596 3040 p.
608 2974 663 3034 Ι437,

242 3072 267 3106 n.
285 3056 364 3120 itast.

102 3194 119 3250 ii
134 3195 342 3265 papenheim
357 3192 392 3249 ad
408 3192 554 3265 oxenrplar
567 3194 704 3249 innocen·

101 3283 320 3356 pracodcssoris
341 3283 394 3350 sni,
413 3296 551 3354 personas
573 3288 601 3338 ct
629 3280 703 3338 bona

102 3372 254 3429 combissoe
289 3372 452 3451 Carripanise
485 3378 513 3426 ct
548 3369 703 3427 Tlreobaldi

106 3462 134 3517 lii
158 3461 229 3533 ojus,
250 3459 303 3517 sub
321 3476 372 3516 sua
393 3459 508 3532 speciali
530 3459 704 3532 protectione

102 3695 115 3738 s
150 3677 341 3753 opiscopus,
383 3691 499 3737 servus
532 3690 705 3737 servorum

121 3775 251 3835 rmrlieri
268 3777 304 3834 B.
328 3774 505 3834 comitissae
532 3789 571 3834 ac
590 3773 699 3836 Theo-

102 3873 265 3949 oipsius‚
294 3871 405 3933 comiti
434 3870 633 3948 Campaniae,
651 3887 707 3932 sa-

105 3969 572 4031 astoricambenedictionem.

102 4088 107 4128 l
145 4069 335 4144 apostolica
373 4066 489 4139 Sedes,
529 4066 593 4138 cui,
628 4065 706 4127 licet

102 4167 316 4237 residemus,
338 4166 495 4242 tanquam
510 4166 616 4226 mater
630 4164 707 4225 nni-

102 4264 229 4325 mnibns
254 4263 382 4341 aperiat
405 4263 535 4324 viscera
560 4262 704 4340 pietatis,

102 4379 233 4424 ‚omnes
256 4361 376 4439 aeqnali
397 4361 519 4423 affectu
538 4361 708 4438 prosequi·

102 4461 152 4522 los
174 4461 293 4537 majori
315 4459 536 4537 praerogativa
552 4458 661 4534 diligit
675 4459 707 4520 et

102 4575 150 4620 ros
169 4560 204 4620 in
221 4559 396 4620 (levatione
411 4574 471 4617 sua
490 4557 615 4634 reperit
629 4572 708 4634 pro-

102 4656 707 4734 sigitnrderotionisterrorem,quem

102 4773 140 4817 es
155 4756 257 4817 nestri
271 4756 313 4816 ad
330 4758 511 4816 Romanam
524 4753 707 4815 Ecclesiam

102 4856 288 4925 noscuntur,
317 4855 348 4914 et
378 4869 437 4913 ros
464 4852 505 4912 ad
532 4867 708 4929 personam

102 4953 194 5013 rbere
208 4951 394 5022 noscimini,
410 4949 616 5012 attendentes
627 4966 710 5027 prae·

102 5068 158 5111 ano
174 5052 319 5111 debitum
339 5049 441 5110 oflicii
460 5048 648 5126 pastoralia,
666 5063 709 5109 ex

102 5151 149 5212 ret
162 5149 418 5211 sollicitudinem
434 5164 550 5223 gerere
561 5148 710 5222 cogimur

102 5266 112 5307 ι
138 5251 169 5310 et
197 5248 384 5315 uiduarum,
411 5246 589 5323 specialem
615 5245 709 5306 vobis

102 5346 277 5418 rlrilrentos,
293 5346 326 5405 in
342 5345 394 5405 liis
410 5362 483 5421 quse
506 5360 525 5404 a
541 5343 636 5405 nobis
657 5360 711 5404 se-

102 5462 174 5505 eum
189 5444 351 5505 (luxeritis
362 5442 561 5520 rorpiiirerrda
574 5445 710 5517 gratan-

106 5577 191 5645 bnllo,
206 5576 308 5634 scellie
324 5591 360 5632 cn
373 5574 466 5647 plomb
479 5591 527 5631 sm
537 5576 597 5631 lacs
607 5573 710 5632 desole

102 5663 332 5715 rnaconnnonco
349 5663 399 5719 par
415 5662 469 5703 urio
486 5647 592 5702 initiale
606 5644 621 5703 ir
634 5646 710 5719 jour,

102 5735 120 5778 u
136 5734 209 5794 pape
231 5728 273 5776 ost
286 5718 356 5776 derit
378 5733 413 5776 en
435 5719 532 5775 lettres
552 5716 710 5792 alloagius.

749 488 802 549 ter
834 486 1004 549 devotioni
1037 488 1157 549 vestrae
1184 487 1338 549 volumus
1371 502 1545 549 assensum

751 586 968 664 apostolicum
989 585 1164 663 impertiri.
1190 588 1236 647 Ea
1267 585 1401 663 propter
1425 586 1546 646 restris

752 683 1030 761 postulationibus
1040 686 1134 761 grato
1148 687 1382 746 concurrentes
1393 699 1543 755 assensu,

751 783 792 844 ad
808 783 979 859 exernplar
992 782 1099 843 felicis
1123 782 1364 844 recordationis
1379 784 1545 843 Innocen-

752 880 790 944 tii
824 884 924 958 Papae
952 880 1205 959 praedecessoris
1241 880 1356 952 nostri,
1388 894 1547 957 personas

751 981 977 1052 resbascum
993 978 1145 1042 omnibus
1159 978 1255 1040 bonis
1270 995 1343 1056 quae
1359 979 1548 1055 impraesen-

751 1080 873 1141 tiarum
889 1078 1131 1140 rationabiliter
1145 1076 1320 1155 possidetis
1335 1076 1441 1138 autin
1456 1076 1548 1138 iutu-

752 1192 826 1238 rum
832 1176 933 1254 justis
946 1177 1063 1248 modis,
1075 1176 1253 1253 praestante
1263 1175 1413 1246 Domino,
1421 1174 1548 1251 poteri-

752 1276 796 1337 tis
833 1275 990 1352 adipisci,
1025 1275 1086 1335 sub
1125 1274 1214 1335 beati
1249 1273 1339 1335 Petri
1372 1273 1405 1334 et
1432 1273 1546 1335 nostra

754 1375 957 1451 protectione
968 1371 1387 1450 suscipimus,auctoritate
1398 1385 1547 1447 praesen-

753 1473 835 1534 tium
859 1471 1007 1533 districte
1028 1470 1217 1531 inhibentes
1240 1485 1283 1531 ne
1313 1468 1447 1545 aliquis,
1474 1467 1547 1529 sine

753 1569 928 1633 manifesta
943 1569 976 1631 et
990 1568 1181 1629 rationabili
1196 1583 1307 1637 causa,
1333 1565 1367 1626 in
1387 1580 1547 1643 personas

754 1670 882 1731 vestras
906 1665 1259 1728 excommunicationis
1284 1665 1400 1725 autin
1424 1663 1548 1725 terram

754 1768 898 1829 vestram
928 1765 1094 1827 interdicti
1135 1764 1315 1841 prasumat
1350 1762 1548 1823 sententiam

756 1865 975 1942 promulgare,
993 1880 1123 1941 semper
1137 1863 1237 1925 etiam
1252 1861 1432 1923 admonitio
1448 1874 1551 1921 cano-

756 1965 831 2025 nica
847 1963 1075 2041 praemittatur,
1093 1962 1158 2022 uisi
1180 1961 1264 2023 sorte
1279 1960 1356 2022 talis
1370 1958 1473 2021 tuerit
1484 1972 1548 2019 ex-

755 2080 868 2125 cessus
883 2061 968 2139 quod
980 2059 1349 2136 ordinemjmliciarium
1362 2073 1427 2119 non
1436 2056 1550 2133 requi-

755 2164 817 2223 rat.
834 2161 882 2222 nd
898 2160 969 2221 lraec
984 2159 1179 2234 adjicientes
1194 2143 1370 2219 statuimus
1389 2156 1434 2227 ut,
1449 2155 1479 2215 si
1490 2170 1550 2215 ros

755 2262 790 2322 in
817 2259 928 2341 aliquo
958 2257 1200 2334 praesenseritis
1226 2252 1550 2331 aggravantibus

756 2359 849 2422 vobis
873 2360 973 2420 liceat
987 2358 1104 2418 Sedem
1124 2354 1346 2433 Apostolicam
1369 2351 1548 2429 appellare.

757 2460 791 2519 Si
808 2458 881 2535 quis
890 2472 970 2518 vero
983 2450 1381 2533 postappellationem,ad
1391 2466 1451 2510 nos
1465 2447 1552 2523 legi-

754 2558 835 2619 time
856 2554 1097 2633 interpositam,
1118 2552 1153 2612 in
1177 2568 1235 2613 vos
1256 2550 1308 2611 vel
1329 2552 1454 2611 terram
1474 2560 1552 2607 ves-

755 2655 841 2717 tram
857 2649 1210 2715 excommanicationis
1224 2648 1275 2710 rel
1287 2646 1454 2709 interdicti
1469 2658 1550 2706 sen·

756 2753 877 2815 tentias
913 2749 1184 2829 promulgaverit,
1217 2747 1307 2825 ipsas
1343 2742 1552 2806 decernimus

757 2866 822 2912 non
844 2852 969 2921 tenere,
995 2848 1042 2909 ita
1064 2846 1149 2924 quod
1170 2844 1283 2907 clerici
1307 2843 1406 2905 terrae
1430 2841 1551 2902 restrae

757 2948 891 3026 propter
916 2947 979 3007 lroc
1003 2946 1116 3007 divina
1141 2942 1358 3004 nihilominus
1382 2937 1551 3002 celebrare

757 3046 890 3107 valeant
904 3046 936 3108 et
950 3061 1009 3107 ros
1024 3044 1084 3115 eis,
1100 3043 1173 3103 sino
1188 3039 1449 3103 contradictione
1464 3051 1551 3113 qua-

757 3145 847 3216 libet,
863 3144 1035 3205 interosse.
1058 3141 1151 3203 Nulli
1172 3144 1252 3216 ergo
1267 3139 1437 3200 hominum
1452 3133 1552 3196 liceat

758 3243 844 3305 hanc
867 3242 1021 3319 paginam
1043 3242 1165 3301 nostrae
1181 3236 1405 3316 protectionis,
1423 3233 1551 3294 inhibi-

758 3341 858 3403 tionis
883 3343 915 3402 et
936 3338 1181 3401 constitutionis
1218 3334 1410 3411 intringere,
1435 3331 1488 3392 vel
1521 3329 1552 3391 ei

759 3456 842 3500 ausu
852 3439 1030 3501 temerario
1041 3436 1218 3498 corrtrairo.
1232 3434 1267 3494 Si
1278 3432 1351 3510 quis
1367 3433 1476 3491 autem
1489 3428 1553 3490 hoc

759 3540 921 3602 attentare
937 3533 1194 3613 praesumpserit,
1207 3529 1468 3605 indignationem
1482 3540 1554 3586 om-

759 3635 938 3715 nipotentis
958 3634 1017 3695 Dei
1040 3634 1074 3694 et
1096 3632 1267 3692 beatorum
1291 3626 1382 3689 Petri
1402 3625 1435 3686 et
1455 3621 1552 3683 Pauli

759 3735 983 3813 apostolorum
1003 3734 1075 3809 ejus
1101 3746 1137 3790 se
1173 3726 1303 3790 noverit
1328 3725 1551 3785 incursurum.

760 3835 877 3897 Datum
890 3830 1057 3901 Laterani,
1072 3832 1102 3891 ΙΙ
1116 3827 1225 3888 idibus
1236 3821 1437 3892 novembris,
1445 3817 1555 3897 ponti-

760 3934 876 3996 ficatus
888 3930 993 3993 nostri
1006 3944 1093 3990 anno
1104 3927 1210 4005 primo
1225 3922 1284 4004 (1).

801 4072 843 4129 In
873 4068 1030 4129 cttntdcm
1062 4066 1136 4138 sere
1167 4062 1306 4122 modion
1338 4050 1554 4131 Longipontis

760 4168 896 4229 Cisterc.
920 4164 990 4225 ord.
1016 4160 1246 4224 Suessionens
1269 4155 1378 4226 dioec,
1393 4153 1426 4214 et
1441 4154 1473 4212 S.
1492 4152 1554 4212 Jo-

760 4265 881 4327 lrannis
897 4261 1056 4324 inVineis
1073 4257 1246 4321 abhatibus
1266 4257 1298 4317 et
1310 4255 1436 4316 decano
1450 4252 1555 4311 Sues·
1577 4328 1581 4333 Ι

761 4363 920 4434 sionensi,
936 4360 1047 4423 verbis
1063 4358 1287 4434 competenter
1300 4350 1435 4414 mutatis
1450 4361 1557 4423 tmqtte

760 4464 960 4526 adverbum
980 4459 1152 4521 interesse.

1129 4626 1196 4713 LX

953 4787 1005 4846 Ad
1025 4782 1213 4857 capitatum
1234 4776 1362 4838 Mctcn.

1053 4896 1086 4953 15
1105 4908 1171 4951 nov.
1194 4890 1272 4948 itit.

888 5015 1021 5079 [Analecta
1029 5010 1094 5076 juris
1103 5006 1216 5058 conciliet
1229 5005 1261 5055 ad
1274 5018 1336 5055 ann.
1345 5000 1426 5066 {step

764 5128 883 5185 Fructus
902 5119 1062 5196 prebendae
1087 5115 1225 5173 debentur
1241 5112 1380 5171 canonico
1400 5108 1511 5167 absenti
1530 5113 1559 5165 et

844 5216 871 5271 in
884 5212 1000 5270 servitio
1015 5205 1185 5281 apostolicae
1201 5202 1267 5261 sedi
1281 5199 1480 5260 commoranti.

804 5332 989 5401 Honorius,
1023 5328 1105 5397 ete,
1142 5322 1270 5385 dilectis
1304 5320 1382 5381 liliis
1419 5315 1557 5395 capituli

765 5435 886 5494 bloten.

801 5568 854 5622 Sur
869 5570 914 5621 cet
926 5575 1017 5629 usage
1035 5560 1246 5615 coristammont
1264 5552 1336 5609 snivi
1362 5566 1412 5679 par
1426 5550 1453 5607 la
1468 5546 1558 5604 clian-

765 5638 878 5697 cellorio
896 5632 1024 5691 ronraine
1045 5645 1115 5703 pour
1135 5629 1176 5685 les
1191 5626 1282 5683 bullas
1300 5624 1357 5681 scol
1370 5619 1420 5679 ies
1435 5635 1471 5677 en
1486 5618 1559 5688 soie,

766 5709 908 5768 consulter
923 5705 949 5763 lc
959 5710 1060 5762 serant
1070 5696 1208 5759 memoirc
1222 5696 1259 5757 de
1268 5698 1305 5755 ll.
1318 5694 1432 5753 llcliste.
