3802 6166
116 352 177 413 sos
604 324 866 417 mnu-m
889 352 1019 415 resno
1041 352 1265 417 vinemun.
1702 364 1762 425 aas
1828 382 1831 389 ·
1877 320 1880 327 ’

113 515 317 588 premiorum
330 524 445 588 mecm,
458 516 700 577 misericordia
716 514 835 577 cutem
847 517 913 577 Det
966 513 1107 576 assumit
1130 515 1260 576 animas
1279 514 1460 578 electorum
1479 516 1521 578 ad
1540 517 1675 581 coeleste
1695 537 1760 599 pa·

113 624 223 687 super
247 626 384 676 omnem
410 626 555 675 cerotem
580 609 694 691 (Eccli.
724 627 819 685 xvrn,
846 610 908 690 12).
967 611 1094 673 latium.

115 706 348 769 Misericordia
361 706 512 769 dicitura
525 707 646 769 misero
657 707 768 778 corde,
780 706 911 784 quando
1006 710 1098 771 Unde
1110 710 1143 770 in
1155 710 1329 787 evangelio
1342 733 1349 772 ι
1360 713 1400 774 ut
1410 728 1489 774 cnm
1500 716 1636 777 venerit
1646 716 1679 778 et
1689 721 1764 791 pui-

115 804 239 882 aliquis
252 804 352 867 habet
368 805 538 867 tristitiam
553 806 585 865 et
599 804 746 866 dolorem
760 805 796 865 in
813 804 912 865 corde
965 809 1097 870 saoertt
1106 810 1286 883 confestim
1293 811 1454 885 operient
1465 814 1497 872 et
1508 810 1601 888 (Luc.
1618 829 1678 885 ιιιι,
1694 816 1760 892 36).
1876 856 1882 863 -

115 918 159 962 ex
184 902 296 963 aliena
318 902 465 963 miseria.
488 902 580 973 Quod
605 901 748 964 habebat
770 904 913 978 aposto·
966 905 1064 966 Venit
1079 906 1209 982 quando
1237 907 1308 968 vult
1323 907 1468 968 animam
1491 909 1608 970 tollere
1628 910 1668 971 de
1686 928 1763 973 cor-
1891 956 1897 981 ,-

115 999 177 1071 lus,
195 1016 269 1061 cum
293 999 424 1063 dicebat
440 1021 447 1060 :
464 1002 546 1067 orcis
566 1001 779 1073 tiztlmnotnr,
797 999 829 1059 et
850 1014 912 1075 epo
965 1016 1056 1078 pore.
1074 1003 1190 1064 Pulsat
1204 1003 1335 1080 quando
1359 1020 1437 1066 caro
1452 1005 1761 1084 molestaturaegri-

115 1110 185 1158 non
209 1099 406 1170 infirmor...
423 1096 469 1176 (11
483 1098 557 1158 Cor.
571 1113 618 1169 ιιι,
636 1096 709 1176 29)t
731 1097 909 1173 Sequitur:
966 1099 1092 1160 tudine.
1110 1099 1290 1161 Confestim
1306 1100 1472 1178 illiaperit
1484 1104 1625 1179 quicum
1641 1106 1763 1180 gaudio

114 1198 255 1256 Moram
268 1195 386 1257 cutem
399 1195 557 1269 faciente.
581 1196 727 1271 Sponsus
746 1192 826 1255 iacit
839 1210 913 1255 mo-
967 1196 1006 1256 de
1021 1212 1159 1273 corpore
1174 1196 1253 1270 exit,
1264 1197 1346 1258 etad
1360 1201 1463 1259 Deum
1473 1200 1575 1261 vadit.
1591 1201 1652 1262 Sed
1664 1202 1763 1278 pauci

114 1307 186 1352 ram
209 1293 245 1353 in
270 1293 379 1365 horto,
402 1292 549 1354 thalamo
576 1292 609 1353 et
629 1292 766 1368 palatio.
788 1293 911 1354 Hortus
966 1293 1153 1356 suntbodie
1169 1294 1226 1371 qui
1249 1294 1325 1357 laeto
1349 1296 1461 1358 animo
1484 1298 1699 1373 egrediuntur
1722 1300 1763 1363 de
1832 1284 1835 1291 ¹
1882 1340 1885 1345 -

114 1392 165 1452 est
193 1404 337 1467 superna
365 1389 556 1464 amaenitas3
582 1389 759 1461 thalamus,
786 1389 911 1451 aeterna
966 1406 1115 1468 corpore,
1137 1391 1170 1454 et
1192 1393 1296 1454 velini
1311 1395 1414 1454 Deum
1441 1395 1555 1456 videre
1581 1412 1677 1473 quem
1698 1396 1762 1458 sibi

110 1487 324 1565 jucunditas;
352 1487 523 1565 palatium,
544 1487 620 1548 coeli
649 1487 741 1548 tertii
772 1487 910 1564 specio·
966 1488 1091 1551 conscii
1111 1491 1188 1552 suni
1211 1490 1246 1550 in
1266 1491 1379 1551 multis
1399 1491 1589 1554 offendisse.
1614 1496 1761 1569 Sponsus

115 1585 210 1647 sitas.
965 1587 1076 1648 veniet
1086 1587 1121 1647 iu
1136 1586 1258 1659 future,
1273 1588 1405 1664 quaudo
1417 1589 1683 1666 venietjudicare
1695 1603 1761 1654 sae-

156 1683 333 1761 Sequitur:
349 1682 638 1744 Dormitaoernnt
651 1698 771 1745 entitas
780 1684 814 1744 et
825 1685 910 1745 dor-
966 1684 1076 1745 culum
1090 1700 1149 1760 per
1161 1684 1282 1761 ignem.
1297 1687 1336 1747 Et
1346 1703 1468 1763 sponsa
1481 1688 1574 1750 venit
1588 1705 1661 1749 cum
1676 1689 1759 1765 ipso,

114 1782 279 1841 interant.
307 1780 493 1842 Dormitare
511 1781 562 1842 est
579 1781 738 1857 quantum
760 1779 801 1840 ad
822 1779 912 1842 litte-
966 1781 1044 1858 quia
1059 1798 1173 1843 omnes
1188 1783 1294 1845 sancti
1307 1783 1553 1860 apparebuntin
1563 1785 1670 1861 gloria
1686 1803 1762 1848 cum
1872 1774 1877 1784 ’

114 1894 186 1938 ram
210 1878 287 1938 ante
303 1876 534 1939 dormitionem
562 1878 692 1939 nutare.
724 1877 910 1938 Secundum
967 1878 1048 1955 ipso.
1062 1879 1357 1942 UndeZacharias:
1373 1884 1762 1947 Ventetliomtnnslieics

114 1975 321 2052 spiritualem
337 1990 471 2035 sensum
485 1974 665 2037 dormitare
689 1974 765 2036 ante
786 1974 913 2035 dormi-
965 1978 1760 2059 inens,etoiiinessancttejuscnmeo(zachara,

113 2073 237 2134 tionem
264 2074 316 2134 est
338 2072 502 2133 infirmari
526 2074 602 2133 ante
629 2076 779 2134 mortem.
795 2076 911 2133 Medic
964 2072 1010 2151 5),
1024 2075 1139 2135 ettunc
1151 2090 1265 2135 omnes
1275 2076 1420 2151 virgines
1432 2076 1530 2138 iatuae
1542 2078 1574 2138 et
1584 2078 1762 2155 prudentes
1882 2136 1889 2147 ‚

112 2169 665 2244 ctctmnnootectontorsoctnsest,
679 2169 788 2230 media
801 2170 908 2240 nocte,
965 2171 1103 2233 exibunt
1124 2172 1164 2233 de
1186 2175 1407 2235 monumentis
1430 2174 1561 2236 obviam
1582 2191 1703 2252 sponso
1728 2176 1763 2238 et

112 2265 356 2327 nullosciente.
381 2267 517 2343 Triplex
544 2267 672 2328 clamor
699 2267 910 2328 annuntiabit
965 2285 1106 2347 sponsae.

79 2403 80 2407 =
113 2363 292 2426 adventum
318 2364 432 2441 sponsi
454 2364 618 2441 :clangor
636 2364 818 2437 turbarum,
844 2381 910 2425 ιιοιι
1005 2368 1079 2428 Νοιι
1097 2367 1190 2429 ibunt
1205 2383 1342 2445 corpore
1358 2368 1415 2428 sed
1435 2370 1554 2431 mente.
1571 2370 1761 2447 'tripliciter
1797 2404 1802 2414 ·

41 2492 43 2496 ·
112 2462 320 2537 angelorum,
336 2464 444 2524 motus
459 2462 712 2523 elementorum,
724 2465 770 2524 De
783 2461 910 2522 duobus
965 2463 1173 2525 ambulamus
1198 2467 1306 2526 mente
1323 2487 1330 2524 :
1345 2466 1556 2540 cogitatione,
1577 2467 1758 2540 voluntate.
1783 2470 1786 2477 “

113 2559 230 2635 primis
244 2559 280 2619 in
295 2558 469 2635 evangelio
485 2581 492 2620 ε
508 2559 622 2621 Mittet
639 2563 748 2621 Filius
761 2563 910 2621 loomin-ts
965 2562 997 2622 et
1015 2561 1197 2622 intellectu.
1211 2561 1271 2622 His
1291 2563 1426 2622 enimin
1442 2565 1608 2625 momento
1623 2565 1761 2626 univer-

111 2660 251 2732 cnpetos
282 2671 363 2717 suos
400 2672 478 2717 ciem
509 2657 589 2718 tube
617 2657 650 2718 et
676 2671 756 2718 voce
779 2671 909 2733 oiecpno
964 2674 1076 2720 sorum
1092 2658 1249 2720 mundum
1269 2661 1504 2737 percurrimus.
1526 2661 1623 2723 lbunt
1647 2678 1757 2724 emere
1831 2676 1834 2681 ·

112 2751 245 2831 (blattb.
271 2770 364 2827 xxiv,
384 2751 450 2832 31).
472 2756 518 2814 De
534 2753 633 2815 tertio
652 2753 821 2829 inaggaeo
837 2770 910 2831 pro·
964 2753 1041 2831 quia
1079 2752 1272 2830 cogitabunt
1308 2754 1340 2816 et
1374 2755 1563 2831 intelligent
1596 2758 1760 2833 quomodo
1834 2760 1837 2765 '

111 2849 211 2925 pheta
224 2865 231 2909 :
244 2854 330 2911 Ecce
342 2865 404 2926 epo
422 2852 561 2911 onooebo
575 2855 697 2912 coetzcm
711 2851 744 2911 et
760 2850 906 2922 terram,
963 2852 1104 2913 emerint
1116 2852 1157 2912 ab
1173 2852 1362 2913 hominibus
1377 2854 1430 2914 vel
1443 2854 1657 2915 daemonibus.
1672 2855 1760 2917 Emit

110 2946 144 3007 et
156 2960 258 3007 mare
271 2947 305 3007 et
318 2950 457 3008 aridem
477 2945 573 3026 (Agg.
592 2963 628 3015 n,
644 2944 710 3024 22).
728 2947 884 3024 Sequitur
898 2965 906 3008 :
963 2947 1004 3008 ab
1015 2949 1204 3010 hominibus
1220 2950 1277 3026 qui
1292 2951 1348 3012 dat
1363 2966 1502 3011 munera
1515 2951 1755 3013 adulatoribus.
1884 2980 1888 2985 ·

112 3044 205 3103 Titne
227 3043 463 3105 surrexerant
502 3057 621 3104 cinnes
651 3047 805 3119 otrptnes
830 3047 907 3113 titre,
963 3046 1078 3107 Emita
1094 3046 1366 3124 daemonibusqui
1382 3048 1438 3108 dat
1452 3049 1598 3125 seipsum
1612 3048 1756 3119 diabolo,

110 3140 266 3202 videlicet
279 3156 298 3201 a
314 3142 429 3216 morte,
446 3140 501 3202 bio
513 3142 601 3202 enim
616 3141 726 3217 agitur
740 3141 781 3202 de
800 3156 909 3202 resur·
963 3159 1022 3221 pro
1035 3145 1190 3221 peccatis.
1208 3145 1307 3206 Venit
1322 3161 1473 3222 sponsus,
1488 3147 1566 3223 quia
1586 3146 1759 3224 apparebit
1775 3142 1781 3195 ἶ

110 3238 268 3302 rectione.
296 3240 340 3299 at
369 3239 584 3301 orimoernnt
609 3242 785 3314 milipedas
812 3254 905 3301 suos.
962 3242 1123 3304 Christus.
1140 3245 1179 3305 Et
1191 3259 1263 3320 quae
1278 3243 1404 3319 paratae
1419 3246 1524 3316 erant,
1541 3245 1637 3318 idest,
1653 3246 1757 3306 ador-

111 3337 293 3413 Lampades
308 3352 428 3399 ornare
443 3337 492 3398 est
506 3336 592 3398 bona
608 3352 709 3413 opera
724 3337 765 3397 ad
779 3353 907 3398 memo·
962 3341 1049 3401 natae
1063 3340 1159 3401 bonis
1174 3341 1340 3417 operibus
1353 3341 1564 3405 intraverunt
1575 3358 1649 3403 cum
1666 3358 1704 3404 eo
1715 3342 1757 3403 ad

110 3434 195 3495 riam
233 3449 401 3496 revocare.
438 3436 551 3496 Fatuae
584 3436 694 3496 autem
725 3434 905 3498 dixerunt:
961 3438 1105 3514 nuptias,
1116 3438 1212 3511 idest,
1221 3438 1261 3499 ad
1273 3439 1425 3499 coelestes
1434 3439 1583 3500 delicias.
1597 3441 1758 3502 Elaiousa
1846 3460 1853 3473 ’

109 3532 906 3612 DeteitobtsdeoteooestroTuuononloquendo
961 3536 1136 3612 estjanna.

110 3628 229 3700 dicent,
246 3630 303 3690 sed
317 3629 548 3701 desiderando,
565 3632 653 3690 Date
666 3633 761 3691 rtobts
776 3633 817 3691 de
836 3636 907 3692 oleo
1001 3632 1137 3710 Triplex
1157 3633 1206 3694 est
1214 3635 1319 3709 janua
1346 3633 1452 3709 regni,
1481 3650 1553 3711 quas
1582 3635 1758 3697 claudetur

108 3727 235 3798 oestro,
252 3727 347 3800 idest,
370 3727 612 3789 communicate
636 3727 731 3788 nobis
753 3728 904 3790 charita·
961 3730 1157 3791 damnandis
1174 3752 1181 3790 :
1198 3730 1353 3807 baptismi
1366 3732 1484 3807 gratia,
1504 3733 1710 3809 poenitentia,
1725 3735 1759 3795 et

108 3828 173 3889 tem
189 3828 345 3898 vestram,
362 3825 432 3886 sive
452 3825 727 3887 misericordiam.
754 3829 907 3901 Respon-
961 3828 1073 3889 divina
1090 3829 1386 3890 misericordiane
1399 3830 1506 3907 prima
1518 3830 1553 3890 in
1564 3832 1756 3907 evangelio:
1874 3884 1877 3889 .

107 3924 234 3985 meunt
246 3924 435 3998 precidentes
455 3923 606 3984 dmeiites
618 3945 625 3982 ε
639 3925 693 3984 Ne
717 3924 809 3998 sorte
836 3938 905 3984 non
962 3926 1038 3985 Nisi
1052 3927 1111 3998 qni
1123 3913 1385 3998 rtiiotnssnertt
1402 3939 1448 3986 em
1462 3940 1554 3999 equo
1571 3927 1606 3987 et
1623 3927 1759 4000 spirito

107 4022 256 4096 sufficiat
280 4024 375 4082 nobis
403 4022 436 4082 et
460 4024 563 4082 cobis.
595 4020 687 4081 Nihil
714 4021 803 4081 enim
827 4022 905 4082 tunc
959 4022 1096 4092 sonem,
1113 4035 1182 4082 noo
1200 4021 1315 4096 potest
1327 4022 1463 4083 intrare
1479 4025 1516 4084 tn
1530 4038 1678 4099 repnsion
1693 4026 1758 4087 Det

108 4118 255 4195 proderit
278 4118 473 4179 damnandis
493 4118 625 4196 justitia
646 4118 825 4189 bonorum,
844 4134 905 4180 nec
960 4117 1071 4198 (ioan.
1090 4133 1139 4190 ιιι,
1161 4117 1205 4197 5).
1237 4121 1282 4179 De
1304 4120 1449 4181 secunda
1475 4119 1598 4181 ibidem
1615 4125 1758 4183 :Poent-

107 4216 276 4277 salvandis
304 4214 436 4277 nocebit
472 4216 599 4277 malitia
635 4215 835 4293 iniquorum.
866 4216 906 4278 Et
960 4216 1104 4279 tentiam
1127 4217 1230 4292 cpite,
1260 4219 1550 4292 appropinquavit
1582 4221 1675 4280 enim
1700 4234 1760 4280 re·
1858 4266 1861 4271 .
1890 4308 1897 4323 .

107 4314 181 4376 ideo
197 4314 281 4375 bene
297 4314 453 4375 dixerunt
469 4334 476 4373 ε
491 4314 567 4374 ‹Ne
582 4313 667 4375 sorte
677 4330 743 4374 non
759 4313 906 4375 sultlciat
958 4330 1065 4391 pterim
1086 4320 1250 4375 emiorum
1266 4313 1397 4392 (matth.
1423 4331 1473 4387 111,
1489 4313 1535 4394 2).
1552 4317 1598 4376 De
1608 4316 1707 4378 tertia
1720 4316 1757 4379 iu

106 4411 202 4474 nobis
226 4413 259 4474 et
272 4411 378 4484 vobis,
398 4412 445 4473 ite
464 4410 574 4488 potius
603 4410 645 4472 ad
674 4410 853 4474 vendentes
872 4412 906 4475 et
958 4411 1086 4489 psalmo
1103 4433 1110 4471 :
1127 4415 1169 4472 In
1185 4412 1404 4473 mzcttttndtne
1429 4416 1680 4474 inisericordice
1702 4417 1759 4474 tn·

107 4509 206 4572 emite
215 4508 358 4571 vobis.»
960 4510 1068 4571 trotbo
1094 4513 1130 4571 tn
1157 4512 1296 4570 detritam
1326 4510 1423 4571 tunm
1451 4508 1521 4588 (Ps.
1547 4511 1576 4582 5,
1606 4507 1652 4591 8).
1678 4512 1758 4571 llaec

144 4607 261 4669 Oleum
282 4606 395 4667 mundi
417 4606 468 4668 est
492 4605 588 4668 lavor
607 4606 826 4679 adulantium,
850 4607 904 4669 vol
954 4610 1059 4685 janua
1074 4607 1247 4668 claudetur
1271 4605 1447 4680 damnatis,
1464 4607 1542 4685 quia
1556 4623 1616 4667 nec
1631 4605 1760 4683 baptis-

105 4706 233 4782 peccati
271 4704 556 4766 delectamentum.
598 4705 752 4766 Vendunt
794 4704 904 4765 oleum
959 4703 1444 4781 muspatebitnecpoenitentia
1460 4701 1755 4779 acceptabiliserit,

105 4803 296 4865 adulatores
311 4803 533 4865 etdaemones.
550 4804 624 4863 Non
641 4804 692 4863 est
709 4802 902 4879 putandum,
959 4818 1019 4863 nec
1045 4801 1275 4862 misericordia
1308 4801 1367 4862 Dei
1398 4800 1497 4861 saciet
1525 4800 1758 4862 remissionem

105 4900 189 4977 quod
206 4900 386 4978 prudentes
398 4899 545 4975 virgines
560 4900 627 4961 tale
642 4900 819 4963 consilium
841 4900 904 4961 da·
959 4899 1180 4976 peccatorum.

106 5000 189 5073 rent,
216 4998 274 5059 sed
297 4998 381 5075 quod
398 5013 455 5058 eas
471 4997 512 5059 de
527 4998 681 5074 pecccato
697 5013 757 5059 suo
782 5014 904 5074 expro-
998 4999 1194 5059 Novissime
1208 5008 1292 5056 vero
1315 4995 1459 5055 volitent
1474 4995 1508 5057 et
1523 4999 1665 5068 reticete
1679 4998 1757 5057 ctr-

104 5094 267 5167 baverint‚
288 5111 328 5156 ao
354 5095 383 5155 si
407 5096 521 5172 aperte
542 5095 712 5158 dicerent:
730 5096 904 5157 Attendite
956 5098 1066 5170 pisces.
1082 5093 1228 5154 Veniunt
1245 5107 1305 5170 per
1323 5092 1558 5168 cogitationem
1577 5095 1610 5156 et
1624 5094 1759 5156 deside-

105 5198 185 5269 pntd
207 5194 486 5268 oobtsprosnerit
506 5195 607 5267 senor
621 5194 835 5254 adulantium
851 5199 904 5256 vet
958 5184 1602 5266 rium:Dointnefflominempertnobts,
1606 5194 1756 5269 januam,

103 5293 233 5366 pcccati
252 5291 548 5362 delectamentum,
565 5294 653 5364 qzcod
674 5291 904 5352 verididernnt
958 5288 1336 5366 videlicet,poeniteuiiae
1348 5288 1758 5352 etmisericordiae.atille

105 5394 275 5451 armisonos
290 5389 323 5449 et
337 5391 658 5465 irmtipnidomines.
675 5393 767 5449 Dum
786 5389 904 5450 antem
959 5387 1177 5466 respondens,
1206 5386 1254 5447 ait
1281 5402 1289 5447 :
1317 5388 1441 5447 Nescio
1471 5402 1542 5458 coe,
1571 5386 1668 5459 idest,
1693 5404 1759 5450 non

106 5488 196 5550 trent
224 5501 352 5557 enitere,
370 5486 464 5548 nectit
489 5500 646 5559 sponsans.
679 5488 826 5562 Sponsus
853 5487 905 5548 est
958 5483 1103 5561 approbo
1122 5499 1182 5543 vos
1198 5483 1251 5544 vel
1268 5483 1378 5544 laudo.
1405 5485 1557 5560 Vipttote,
1575 5488 1656 5558 sicin
1674 5500 1758 5547 nes-

106 5586 267 5647 Clmistus.
290 5585 419 5661 Sponsa
439 5583 490 5645 est
515 5583 662 5645 Ecclesia
690 5599 763 5661 quae
785 5584 904 5644 trium·
958 5585 1035 5644 citis
1054 5585 1155 5653 diem,
1176 5596 1286 5654 itaque
1302 5586 1436 5642 boroni.
1453 5581 1544 5641 Nibil
1563 5582 1652 5642 enim
1674 5582 1758 5643 hora

105 5684 184 5767 pbat
199 5683 234 5743 in
250 5680 355 5745 coelis.
380 5683 529 5759 Sponsus
546 5681 636 5743 senii
653 5680 750 5743 modo
771 5681 903 5760 quando
959 5679 1074 5742 mortis
1093 5677 1265 5752 incertius,
1282 5693 1357 5740 cum
1373 5678 1420 5738 nil
1435 5680 1541 5739 morte
1561 5678 1604 5739 sit
1619 5679 1754 5741 certius.
