3802 6166
124 264 186 327 375

121 420 297 503 probatum
324 421 422 501 Juxta
452 419 705 483 constitutiones
739 420 918 483 canonicas

121 537 254 603 poenam
282 520 497 598 depositionis
520 518 672 592 inducat,
707 518 814 596 possis
844 535 920 581 con·

121 620 176 683 tra
188 620 308 698 ipsum,
321 618 458 696 probate
478 618 617 679 crimine
632 618 813 678 secundum
831 617 919 694 juris

125 719 286 790 ordinem,
302 716 517 795 depositionis
544 717 742 777 sententiam
773 715 922 792 promul-

122 832 214 895 gare.
233 816 345 877 Liceat
368 831 498 893 quoque
520 815 579 877 tibi
594 814 753 876 ecclesias
773 813 920 874 dividere

124 931 164 977 ac
182 914 289 988 unire,
310 914 479 976 cessiones
498 914 729 991 episcoporum
751 913 919 988 recipcre3

122 1028 253 1075 necnon
265 1013 294 1073 si
309 1012 456 1090 aliquem
470 1012 616 1089 ipsorum
633 1012 673 1073 ad
692 1012 919 1088 episcopatum

124 1112 228 1175 alium
246 1112 423 1188 contigerit
438 1112 610 1190 postulari,
628 1111 849 1189 postulatione
866 1124 923 1169 re-

124 1212 220 1288 cepta
233 1210 337 1272 libere
348 1210 456 1287 ipsum
468 1210 664 1281 transieras,
681 1210 710 1269 si
724 1208 919 1277 necessitas,

124 1310 157 1371 et
184 1308 313 1370 utilitas
337 1308 400 1369 hoo
428 1309 595 1385 exposcit3
619 1306 923 1369 excommunicatos

123 1406 355 1474 nihilominus,
365 1406 397 1468 et
407 1407 604 1468 auctoritate
618 1405 712 1467 Sedis
725 1402 923 1482 apostolicae

123 1504 320 1568 interdictos
355 1503 525 1576 absolutae,
557 1503 664 1565 forma
694 1500 924 1564 ecclesiastica

126 1602 314 1673 observata,
331 1602 363 1663 et
377 1602 421 1663 iis
440 1602 595 1679 injungas
608 1601 694 1679 quod
710 1601 836 1677 dejure
851 1597 925 1659 sue-

125 1701 171 1763 rit
183 1699 434 1777 injungendum.
451 1702 499 1761 Tu
510 1700 619 1760 tamen
635 1699 721 1761 sicut
735 1698 788 1759 uir
810 1696 925 1774 previ-

125 1799 200 1869 dus,
214 1801 247 1859 et
261 1798 437 1871 discretus,
454 1798 489 1858 in
505 1797 559 1857 his
574 1797 693 1858 honori
709 1796 805 1857 Sedis
818 1798 926 1871 apos-

30 1922 34 1929 ·
125 1896 236 1959 tolicae
258 1895 399 1967 deferas,
426 1912 501 1957 curn
524 1895 649 1957 videris
669 1894 836 1970 expedire.
858 1895 927 1953 Da-

125 1996 196 2057 tum
220 1994 386 2067 Lateranl,
408 1997 482 2056 Vlll
504 1994 573 2055 hal.
596 1993 686 2066 maii,
712 1991 925 2069 pontillcetus

127 2094 233 2157 nostri
247 2110 335 2157 anno
350 2093 469 2171 primo.

431 2390 618 2478 cccliii

128 2601 181 2662 Act
206 2599 368 2661 Othonem
394 2598 608 2658 duraciensem
633 2592 926 2665 archiepiscopum

335 2698 476 2768 ejusque
496 2704 721 2754 succcessercs.

426 2850 460 2907 al
474 2864 534 2922 apr.
552 2849 630 2905 1217.

132 3010 288 3078 [Bullatium
314 3011 471 3067 Romanum,
494 3013 512 3058 t.
535 3009 580 3061 lll.
602 3023 628 3071 p.
652 3005 708 3064 tle,
729 3018 755 3053 n.
777 3004 801 3060 9,
822 3000 928 3066 Ughelli,

387 3091 461 3142 ltalia
472 3089 545 3139 Socra
559 3089 601 3147 ll',
613 3086 681 3151 sub]

131 3253 315 3315 Gonilrmatio
352 3252 567 3325 privilegiorum
605 3248 735 3305 ecclesiae
766 3244 929 3311 tunnensis,

166 3344 286 3416 ejusque
304 3343 411 3399 civitati
431 3338 593 3397 medietatis
611 3336 712 3394 insulse
731 3335 851 3394 Corsicae
866 3348 931 3390 ceu·

165 3433 259 3491 cessio
277 3430 330 3489 sub
350 3445 446 3488 annue
465 3444 554 3487 censu
573 3429 657 3484 unius
676 3425 755 3483 libum
775 3424 846 3481 artri.

172 3595 339 3656 Honorius
375 3594 564 3669 episcopus,
602 3604 718 3650 servus
757 3600 930 3647 servorum

131 3694 203 3765 Del,
220 3692 341 3755 Othoni
364 3689 524 3753 danuensi
550 3686 810 3762 archiepiscopo,
836 3685 930 3759 ejrrs-

133 3806 197 3868 que
227 3786 475 3851 successoribus
507 3784 667 3845 canonice
694 3779 931 3841 substituendis

28 3874 31 3879 ¹
132 3888 169 3949 in
191 3888 397 3965 perpetuum,
412 3884 551 3944 salutem
573 3884 606 3942 et
627 3878 849 3955 apostolicam
873 3875 933 3937 be-

135 3985 368 4045 sedictionem.

176 4084 328 4158 Superna
342 4075 567 4139 et-ineilubilis
585 4072 792 4150 previdentia
813 4072 932 4147 majes-

132 4181 212 4246 tatis
243 4177 364 4238 divinae
397 4173 643 4235 sacrosanctam
664 4174 848 4233 Romanam
870 4171 932 4229 Ec-

36 4316 39 4323 ·
133 4279 271 4345 clesiam
290 4274 436 4337 omnium
459 4270 675 4332 ecelesiarum
697 4269 837 4330 matrem
862 4266 933 4327 ins-

134 4377 239 4448 tituit,
269 4375 303 4436 et
330 4371 538 4447 magistram,
571 4368 606 4429 ut
631 4368 770 4445 praelata
800 4368 932 4427 caeteris

133 4476 252 4539 merita
275 4469 455 4548 respiceret
474 4467 692 4543 singulorum,
706 4468 739 4527 et
755 4464 795 4525 ad
811 4463 933 4523 simili-

132 4575 283 4639 tudinem
305 4568 434 4635 aeterni,
451 4567 483 4627 et
497 4564 578 4643 justi
597 4563 735 4635 Jridicis,
753 4562 932 4637 unicuique

135 4689 195 4753 pro
225 4669 419 4732 meritorum
454 4661 668 4741 qualitatibus
703 4659 930 4738 responderet.

135 4770 240 4840 Unde,
258 4770 291 4829 et
304 4766 419 4827 eadem
443 4762 564 4824 Sancta
586 4760 734 4820 Ecclesia
755 4775 823 4829 eos,
851 4773 933 4834 ques

135 4868 250 4931 fideles
275 4865 363 4927 illios
389 4862 528 4939 reperit,
557 4858 762 4921 clementiori
789 4858 933 4917 tractare

135 4966 244 5043 gratia
264 4962 445 5033 consuevit,
465 4962 498 5021 et
514 4974 597 5036 quos
612 4956 830 5017 ferventiores
844 4954 933 5015 circa

136 5080 233 5127 suum
253 5060 445 5136 obsequium
471 5058 628 5126 intuetur,
650 5053 824 5129 multiplici
846 5068 935 5129 pirre-

135 5162 287 5238 rogaliva
311 5156 448 5219 honoris
471 5156 521 5215 est
543 5153 638 5214 solita
656 5151 847 5213 sublimare.
864 5152 934 5210 Nos

136 5261 250 5337 igitur,
270 5254 327 5332 qui
348 5254 384 5313 iu
408 5250 491 5311 Sede
515 5250 703 5327 apostolica
723 5248 820 5309 beate
836 5249 933 5308 Petro

137 5352 370 5434 Apostolorum
386 5349 545 5427 principi,
567 5348 644 5408 licet
663 5363 728 5407 non
751 5346 936 5422 suffragan·

135 5455 226 5519 tibus
241 5450 380 5518 meritis,
393 5464 435 5509 ex
447 5447 562 5508 divina
577 5445 795 5521 dispositione
807 5459 936 5505 succes-

136 5554 253 5620 simus,
267 5544 716 5617 revereutiam,derotionem
733 5542 937 5604 etsedulita-

137 5653 204 5715 tem
220 5643 388 5724 obsequii,
408 5658 507 5722 quam
531 5641 710 5706 Januensis
729 5639 882 5713 ecclesia,
904 5640 937 5701 et

588 248 594 263 ⁸
688 272 691 279 ’
734 259 910 323 aenean
932 260 977 321 111
999 262 1146 324 orent.

1714 266 1773 329 sto

971 420 1775 501 totacivitasEceleslaellomauaetempereneees·

973 520 1080 583 sitatis
1091 521 1243 585 exhibuit
1259 521 1452 598 diligentius
1460 522 1687 595 attendentes,
1697 540 1774 587 coa·

975 620 1265 682 siderautesetiam
1279 620 1516 698 quantanobis,
1527 621 1560 683 et
1573 622 1772 685 successeri-

975 716 1036 777 bus
1045 718 1167 779 uostris
1180 718 1397 791 incrementa,
1412 720 1445 780 et
1458 718 1635 781 commoda
1649 735 1710 796 per
1720 722 1773 783 Ja-

976 831 1134 877 nuensem
1153 816 1320 878 civitatem
1336 819 1515 895 potuerunt
1537 817 1730 895 provenire,
1745 820 1772 881 et

976 913 1198 976 antecessoris
1220 915 1326 976 nestri
1350 916 1457 977 felicis
1482 916 1657 977 memoriae
1681 917 1772 979 Iuno·

977 1012 1077 1073 centii
1104 1014 1203 1089 Papae
1231 1012 1382 1089 vestigiis
1409 1013 1628 1086 inhaerentes,
1645 1014 1704 1091 qui
1720 1017 1771 1077 Ja-

978 1126 1137 1174 nuensem
1167 1110 1342 1173 ecclesiam
1378 1111 1678 1189 archiepiscopalis
1707 1111 1771 1189 dig·

977 1212 1091 1274 nitatis
1111 1210 1311 1271 excellentia
1332 1209 1579 1272 sublimavitad
1605 1209 1770 1279 honorem,

978 1307 1214 1370 exaltationem
1234 1306 1267 1367 et
1285 1305 1425 1382 gloriam
1447 1304 1597 1383 praelatae
1620 1305 1769 1379 civitatis,

978 1423 1051 1485 quae
1064 1405 1161 1466 beate
1177 1406 1276 1466 Petro
1291 1406 1323 1465 et
1345 1406 1468 1466 sanctae
1486 1406 1648 1466 Romanae
1662 1404 1771 1465 Eccle-

979 1504 1037 1565 siae
1060 1502 1263 1573 fidelissima,
1285 1503 1318 1563 et
1337 1501 1378 1563 ad
1403 1501 1618 1563 sarriendum
1636 1502 1682 1575 ei,
1697 1501 1772 1563 sicut

979 1602 1102 1664 dictum
1123 1603 1174 1663 est
1199 1600 1444 1678 promptissima
1463 1602 1671 1678 perseverat,
1688 1601 1720 1663 et
1738 1600 1772 1660 de

980 1702 1098 1762 caetero
1113 1700 1202 1761 idem
1217 1715 1254 1760 se
1277 1697 1441 1760 iacturum
1455 1698 1658 1777 propensius
1674 1698 1769 1774 polli-

979 1802 1082 1870 cetur,
1100 1798 1140 1859 ad
1157 1798 1345 1875 exemplum
1360 1798 1428 1858 tam
1450 1797 1555 1874 ipsius
1580 1796 1772 1867 innocentii,

980 1914 1077 1975 quam
1088 1896 1196 1959 felicis
1206 1895 1370 1958 recordat.
1382 1895 1575 1967 Alexandri,
1588 1894 1772 1965 Clementis,

981 1996 1150 2057 Caelestini
1191 1995 1224 2056 et
1265 1994 1449 2056 iunocentii
1492 1992 1772 2074 praedecessorum

981 2095 1180 2165 nostrorum,
1207 2096 1430 2155 Romanorum
1455 2092 1669 2164 Pontificum,
1691 2108 1776 2153 eam-

981 2194 1055 2253 dem
1077 2192 1271 2269 dignitatem
1294 2192 1354 2253 tibi
1380 2192 1413 2254 et
1438 2191 1692 2254 suecessoribus
1717 2190 1775 2252 tuis

981 2290 1148 2354 communi
1164 2290 1302 2354 fratrum
1319 2291 1505 2353 nestrorum
1522 2290 1667 2350 consilio
1683 2288 1776 2349 duxi·

981 2410 1054 2454 mus
1081 2390 1351 2454 confirmandam.
1369 2389 1460 2461 Quod
1486 2389 1576 2450 enim
1601 2391 1676 2466 jam
1703 2384 1777 2447 dicti

982 2492 1208 2552 antecessores
1218 2489 1334 2555 nostri,
1344 2484 1775 2557 innocentiusritexander,

983 2590 1149 2661 Clemens,
1177 2587 1390 2657 (icelestiuus,
1421 2588 1454 2647 et
1481 2585 1700 2646 innocentius
1725 2585 1778 2646 Ja-

983 2704 1142 2750 nuensem
1167 2686 1334 2748 civitatem
1358 2684 1521 2761 insignem
1550 2682 1776 2753 reddiderunt,

984 2787 1092 2863 gratia
1104 2784 1258 2861 anrpliori
1272 2800 1332 2845 nos
1345 2784 1452 2844 rutam
1467 2781 1641 2853 habentos
1654 2782 1690 2842 et
1704 2795 1780 2841 auc·

984 2886 1116 2946 toritate
1133 2882 1320 2960 apostolica
1335 2880 1540 2951 roborantes,
1557 2880 1628 2941 tres
1648 2878 1779 2957 episco-

986 2984 1081 3059 patus
1116 2982 1151 3041 in
1189 2979 1340 3051 Corsica,
1380 2980 1570 3047 Marenen,
1616 2975 1777 3043 videlicet.

985 3080 1159 3150 Neboleu,
1183 3078 1216 3140 et
1239 3078 1373 3139 tertium
1399 3079 1494 3153 cujus
1517 3074 1632 3135 sedem
1654 3088 1778 3134 memo·

986 3181 1078 3240 ratus
1102 3175 1331 3247 Innocentius,
1359 3173 1534 3237 ecclesiam
1560 3174 1594 3232 S.
1626 3171 1718 3233 Petri
1743 3168 1778 3229 de

986 3277 1070 3338 Atho
1100 3272 1281 3344 constituit,
1310 3273 1342 3333 et
1375 3270 1427 3332 cui
1456 3284 1557 3330 ranam
1583 3268 1717 3346 plebem
1741 3266 1777 3327 de

986 3378 1164 3443 blaranna,
1190 3373 1223 3433 et
1248 3371 1349 3431 aliam
1375 3369 1416 3430 de
1438 3368 1567 3439 Aleria,
1597 3367 1776 3439 eoncessit;

986 3473 1182 3535 Bobiensem
1194 3485 1323 3548 quoque
1340 3468 1578 3546 episcopatum,
1591 3467 1626 3527 et
1639 3465 1733 3526 illum
1745 3462 1778 3523 de

986 3572 1141 3632 lirnmate
1158 3585 1232 3630 cum
1252 3566 1403 3629 ecclesiis
1425 3566 1506 3637 suis,
1523 3580 1607 3642 quas
1624 3565 1715 3625 circa
1738 3577 1777 3631 se,

987 3674 1019 3731 et
1033 3671 1067 3730 in
1090 3668 1236 3730 castellis
1251 3666 1320 3727 suis
1341 3664 1449 3735 hebet,
1467 3678 1563 3741 quem
1578 3662 1667 3724 idem
1688 3662 1778 3722 ante-

987 3784 1099 3829 cessor
1114 3766 1227 3827 noster
1249 3764 1289 3825 de
1309 3778 1394 3823 noro
1410 3760 1592 3830 constituit,
1608 3761 1682 3832 tibi,
1701 3759 1778 3821 tuis-

987 3883 1049 3944 que
1070 3862 1330 3933 successorihus,
1348 3862 1434 3922 sicut
1456 3862 1488 3921 ot
1507 3860 1578 3937 ipse
1593 3861 1779 3920 antecessor

987 3967 1098 4026 noster
1129 3963 1247 4024 iecisse
1276 3960 1495 4035 dignoscitur,
1527 3958 1776 4035 metropolitano

983 4066 1060 4141 jure
1077 4061 1283 4139 subjicimus.
1295 4060 1540 4120 verumtamem
1556 4056 1774 4133 episcopatum

986 4164 1004 4225 J
1007 4176 1198 4231 sarrensem,
1216 4160 1249 4219 et
1262 4160 1293 4218 te
1307 4156 1474 4227 uidelicet,
1489 4171 1528 4215 ae
1547 4156 1699 4231 posteros
1712 4156 1776 4214 tuos

987 4260 1028 4321 ab
1057 4258 1146 4320 omni
1173 4256 1399 4333 emancipatos
1416 4252 1623 4331 subjectione
1638 4253 1672 4312 in
1687 4263 1777 4311 mauu

988 4357 1121 4435 propria
1154 4355 1258 4415 libere
1288 4354 1480 4415 retinemus.
1518 4351 1722 4421 statuentes,
1746 4346 1776 4407 ut

987 4455 1165 4520 Jauueusis
1201 4451 1471 4527 archiepiscopus
1509 4465 1529 4508 a
1565 4443 1776 4524 suffraganeis

988 4554 1057 4614 suis
1085 4552 1249 4628 episcopis
1277 4550 1507 4618 consecretur,
1535 4546 1676 4623 pallium
1699 4559 1774 4622 pon·

988 4652 1123 4721 tilieale,
1144 4649 1271 4709 scilicet
1292 4646 1393 4708 el'llcii
1414 4644 1654 4723 plenitudinem
1669 4660 1687 4704 a
1701 4642 1775 4705 Sede

988 4749 1178 4827 Apostolica
1192 4748 1396 4821 recepturus.
1414 4746 1581 4806 Praeterea
1604 4741 1698 4804 illam
1714 4741 1774 4801 sin-

989 4847 1166 4909 cerrimam
1203 4844 1423 4913 devotionem,
1455 4844 1523 4903 tam
1552 4843 1659 4912 tuam,
1690 4850 1773 4917 quam

988 4946 1134 5009 civitatis
1160 4948 1238 5013 triae,
1256 4941 1448 5002 multimoda
1465 4939 1702 5016 obsequiorum
1714 4949 1774 4996 ser-

988 5045 1081 5115 vitia,
1125 5058 1198 5118 quae
1240 5043 1397 5101 Romnum
1433 5037 1591 5097 Ecclesiae
1634 5035 1773 5102 fideliter,

989 5160 1028 5204 ac
1066 5139 1249 5202 liberaliter
1292 5136 1519 5213 impendistis,
1556 5133 1593 5193 iu
1627 5130 1776 5195 memoria

989 5240 1182 5309 retinentes,
1201 5239 1236 5297 ut
1256 5235 1435 5298 Janueusis
1456 5232 1577 5295 clerus,
1596 5232 1630 5293 et
1651 5229 1778 5309 populus

990 5339 1031 5399 ad
1056 5337 1240 5404 servilium,
1268 5334 1300 5394 et
1327 5333 1485 5393 honorem
1511 5329 1674 5389 Ecclesiae
1700 5326 1778 5390 tauto

990 5436 1173 5497 terrentius
1202 5430 1419 5500 accendatur,
1448 5427 1570 5504 quanto
1601 5426 1780 5491 ecclesiam,

990 5537 1023 5597 et
1046 5534 1214 5595 civitatem
1234 5533 1435 5594 Junirensem
1454 5541 1474 5584 a
1490 5524 1575 5585 Sede
1598 5523 1782 5602 apostolica

992 5630 1186 5709 cognoverit
1200 5627 1342 5704 amplius
1358 5622 1530 5691 honorari,
1546 5620 1787 5686 communicato
