3794 6166
119 237 138 301 s
275 214 286 222 ’
451 238 589 302 1.-nv
609 238 862 303 unumunurn
882 240 1033 303 amru
1053 238 1207 303 usare
1220 208 1418 303 maenum.
1677 308 1681 319 ,
1739 243 1761 303 a
1839 216 1842 220 “

118 399 259 462 dicatde
272 413 340 475 gua
351 400 456 464 uetus
475 401 539 473 est,
563 402 597 466 et
616 416 683 466 non
697 406 739 466 de
752 417 829 479 guo,
845 417 910 479 pa·
966 400 1158 479 splendores
1190 399 1453 480 supercaelestes.
1489 399 1552 463 Hic
1585 401 1636 464 est
1653 408 1658 417 ·
1675 399 1762 462 liber
1883 408 1893 425 ·

118 494 223 561 tenter
234 494 389 568 ostendit,
406 497 492 575 quod
507 498 615 560 omnis
632 498 712 561 orde
725 497 912 574 generatio·
965 500 1043 562 vitae
1058 500 1179 577 quiesi
1199 499 1349 562 Christus
1368 496 1511 577 scriptus
1526 497 1616 560 intus
1629 497 1663 561 et
1676 497 1759 561 loris

117 592 166 653 nis
179 608 283 670 qnem
296 594 461 666 texuerat,
472 611 538 657 non
553 612 613 673 pro
627 596 763 673 loseph,
780 596 838 658 sed
851 610 910 673 pre
966 598 1008 660 ad
1035 599 1222 671 sanitatem,
1252 597 1341 660 intus
1374 596 1416 658 ad
1444 596 1651 669 felicitatem,
1677 596 1760 660 loris

116 690 223 750 llaria
235 690 421 768 descriptus
433 695 515 756 erat.
527 695 567 756 Et
579 693 653 755 ideo
668 694 826 755 divinitus
839 707 913 771 pro·
966 695 1009 756 ad
1031 696 1196 769 meritum,
1216 695 1307 757 intus
1327 694 1369 755 ad
1391 695 1559 771 gaudium.
1577 695 1695 757 Intus:
1718 698 1763 757 Iu

117 789 268 849 curatum
288 789 338 850 est
357 789 394 852 ut
413 789 473 851 tali
494 789 567 852 viro
587 791 690 853 Beata
708 791 816 852 Maria
835 790 913 852 des·
961 795 1241 869 miseresceret
1271 797 1425 855 verbum.
1451 793 1580 854 Foris:
1616 795 1763 855 Verbum
1848 812 1851 817 ·
1887 824 1893 831 ·

117 884 324 961 pensaretur,
341 885 399 964 qui
412 888 447 948 et
462 887 751 971 consanguinitate
765 887 816 948 illi
826 890 911 964 jun·
966 901 1049 949 care
1060 887 1191 962 sectum
1205 887 1257 949 est
1271 887 1479 950 etbebttueit
1494 891 1531 948 in
1543 890 1649 950 rsebis.
1664 887 1764 949 Liber
1862 880 1865 885 ’

117 979 266 1057 gebatur,
286 982 321 1045 et
343 985 416 1060 ejus
442 984 694 1061 generationem
721 984 913 1048 ostendebat
967 1000 1045 1061 ergo
1062 1000 1146 1045 unus
1165 985 1247 1057 erat,
1269 986 1371 1046 semel
1384 985 1473 1047 intus
1492 983 1636 1061 scriptus
1657 984 1691 1046 et
1711 983 1763 1046 bis

117 1075 154 1138 de
169 1078 278 1155 regali
293 1080 431 1144 semine.
967 1081 1048 1143 ieris
1063 1104 1071 1143 :
1088 1082 1169 1144 loris
1193 1083 1300 1159 primo
1322 1099 1383 1159 per
1396 1082 1577 1144 visibilium
1594 1082 1762 1145 conditio·
1870 1124 1874 1131 -

155 1177 335 1239 Sciendum
348 1180 398 1241 est
419 1179 505 1258 quod
526 1179 595 1242 tres
620 1179 910 1252 tessaraedecades,
967 1195 1053 1252 nem,
1075 1180 1219 1241 secunde
1243 1179 1325 1242 loris
1348 1197 1408 1257 per
1429 1180 1540 1241 carnis
1563 1179 1765 1257 assumptio-

119 1273 368 1360 [taoagaaaetaet
384 1276 481 1349 idest,
494 1276 712 1354 quadraginta
725 1276 799 1339 duae
811 1294 914 1354 gene-
968 1293 1058 1352 nem3
1081 1277 1188 1353 prime
1211 1277 1252 1338 ad
1277 1277 1532 1355 iucunditatem,
1557 1278 1702 1338 secunde
1722 1277 1765 1339 ad
1887 1322 1890 1327 ,

117 1377 276 1447 rationes,
293 1389 366 1453 quae
382 1374 417 1435 in
433 1373 498 1435 hac
515 1374 657 1436 lectione
669 1375 911 1448 describuntur,
968 1375 1162 1450 sanitatem3
1200 1375 1307 1452 primo
1342 1375 1384 1435 ad
1418 1376 1581 1445 naturam,
1619 1375 1764 1436 secundo

117 1474 161 1535 ita
174 1452 287 1535 Baetae
298 1471 413 1533 Mariae
427 1471 630 1534 conveniunt
639 1487 699 1549 per
706 1473 911 1549 mysterium,
969 1473 1084 1534 centra
1094 1472 1244 1550 cnlpam3
1271 1473 1378 1549 primo
1393 1474 1430 1535 ut
1448 1473 1569 1534 natura
1584 1470 1763 1545 foveretur,

120 1575 152 1633 ut
166 1569 253 1631 nihil
280 1568 384 1647 pessit
407 1570 530 1631 certius
551 1569 729 1646 assignari.
750 1570 813 1632 Sed
836 1571 914 1648 quia
968 1568 1160 1632 secundent
1174 1569 1291 1632 vitium
1306 1571 1494 1642 sanaretur,
1506 1570 1539 1631 et
1551 1570 1670 1630 natura
1685 1568 1767 1631 bea·

119 1669 253 1743 longum
272 1667 324 1728 est
341 1666 485 1728 tractare
501 1666 542 1727 de
564 1666 716 1743 singulis,
737 1667 837 1729 trium
854 1683 916 1744 pa·
968 1667 1164 1730 titicaretnr.
1183 1670 1262 1738 Haec
1276 1668 1327 1729 est
1341 1667 1425 1729 liber
1438 1668 1516 1729 vitae
1532 1669 1627 1744 cujus
1646 1667 1766 1729 litterae

120 1765 342 1826 triarcharum
365 1763 501 1825 nemina
525 1763 671 1826 breviter
694 1765 912 1841 assignemus.
969 1779 1036 1825 non
1052 1764 1215 1837 delentur,
1240 1766 1276 1827 in
1292 1780 1356 1843 que
1371 1781 1485 1827 omnes
1505 1764 1630 1826 sanctae
1646 1765 1766 1826 animae
1805 1836 1808 1841 ,

120 1862 286 1923 ahraham
305 1860 544 1938 interpretatur
562 1860 657 1937 pater
677 1862 843 1934 excelsus,
861 1862 914 1925 vel
970 1859 1214 1934 describuntur,
1238 1862 1275 1923 ut
1299 1878 1374 1923 cum
1397 1862 1498 1923 Beata
1518 1861 1656 1938 Virgine
1676 1862 1768 1923 acci-

122 1959 285 2020 dbraham
302 1957 541 2034 interpretatur
559 1958 655 2034 pater
673 1958 792 2020 videns
808 1974 916 2037 popu·
969 1956 1063 2034 piant
1087 1958 1215 2034 partem
1238 1958 1367 2035 gloriae,
1392 1959 1425 2021 et
1443 1957 1479 2019 in
1502 1958 1575 2035 ipsa
1601 1956 1768 2035 accipiant

123 2056 204 2131 lnm;
222 2057 318 2116 Isaac
330 2054 436 2130 risus3
452 2054 555 2117 Jacob
570 2055 815 2133 supplantater3
841 2073 915 2135 quaa
969 2053 1113 2117 fructum
1125 2055 1214 2118 vitae.
1227 2058 1307 2118 Haec
1321 2056 1371 2118 est
1383 2054 1469 2117 liber
1478 2055 1628 2131 signatus
1641 2056 1767 2132 septem

124 2153 291 2216 neminum
307 2151 598 2230 interpretationes
614 2152 699 2215 bene
713 2154 916 2217 conveniunt
969 2152 1103 2228 sigillis,
1121 2151 1220 2225 idest,
1239 2153 1336 2216 donis
1357 2154 1474 2230 gratiae
1492 2152 1705 2230 septiformis,
1719 2152 1779 2214 ita'

125 2250 228 2313 Beatae
243 2249 370 2313 Mariae.
970 2249 1007 2311 ut
1020 2250 1185 2326 possimus
1207 2251 1342 2313 diceret
1367 2251 1546 2325 Requievit
1565 2265 1674 2326 steper
1687 2265 1767 2314 eoru
1845 2264 1849 2273 ·

160 2348 237 2424 Ipsa
259 2361 403 2423 namque
424 2347 474 2408 est
495 2346 591 2423 pater
607 2345 661 2409 val
683 2346 791 2424 potius
809 2349 916 2408 mater
968 2347 1116 2419 spiritus
1140 2347 1322 2420 sapientae
1351 2347 1385 2409 et
1417 2346 1606 2408 intellectus
1609 2390 1669 2407 .....
1707 2345 1765 2426 (Ιε.

128 2442 236 2506 videns
256 2442 412 2520 populum
437 2443 543 2504 oeulis
562 2441 811 2514 misericordias,
829 2443 914 2520 quod
969 2459 1017 2511 xi,
1032 2440 1078 2521 2).

130 2557 250 2619 semper
264 2541 305 2601 de
315 2539 397 2601 coelo
413 2539 573 2618 prospicit
592 2554 692 2616 super
706 2539 792 2601 illies
806 2539 917 2602 homi·
1009 2543 1088 2602 Haec
1103 2540 1152 2602 est
1166 2540 1261 2617 virga
1276 2543 1399 2612 Aaron,
1412 2540 1574 2617 quaelicet
1587 2540 1688 2604 fuerit
1702 2541 1768 2603 ari·

130 2654 195 2700 num
214 2661 221 2699 :
236 2640 270 2700 et
284 2638 313 2699 si
327 2639 378 2700 est
392 2638 448 2715 qui
457 2637 623 2714 intelligat
633 2640 748 2710 Deum,
764 2637 917 2701 intellec·
970 2638 1011 2699 da
1026 2636 1067 2699 ab
1089 2637 1228 2699 humere
1243 2637 1346 2710 virili,
1372 2638 1481 2700 subite
1500 2640 1612 2700 tamen]
1631 2655 1768 2715 germen
1888 2640 1894 2653 ’

130 2737 168 2797 tui
194 2735 407 2814 adjungendo
439 2735 616 2812 Justitiam,
652 2735 706 2798 vel
739 2736 915 2814 requirens
970 2734 1116 2813 protulit,
1141 2738 1174 2796 et
1193 2735 1227 2796 in
1246 2735 1389 2798 fructum
1416 2736 1552 2804 uberius
1578 2736 1765 2814 pullulavit.

129 2834 233 2908 benm,
246 2835 444 2895 convertens
460 2849 496 2895 se
510 2849 571 2911 per
586 2833 825 2911 poenitentiam,
841 2834 915 2911 ipsa
969 2836 1048 2895 Haee
1064 2833 1157 2910 virga
1171 2833 1294 2906 floruit,
1311 2833 1459 2895 fronduit
1473 2835 1506 2896 et
1520 2835 1669 2913 protulit,
1683 2836 1717 2898 et
1731 2836 1767 2897 in

129 2934 190 3009 ejus
203 2931 347 2993 efficitur
359 2931 531 3004 advocata,
554 2932 591 2993 ut
612 2930 648 2992 in
662 2932 817 3009 praesenti
830 2930 916 2994 libe-
969 2930 1125 3004 fructum,
1140 2932 1218 3010 quia
1231 2932 1334 3009 Virgo
1353 2933 1462 2993 Maria
1477 2932 1628 3006 credidit,
1642 2949 1767 2996 conce-

128 3032 210 3090 retur
240 3027 512 3090 tribulationibus
548 3028 582 3090 et
622 3028 780 3106 periculis
814 3029 914 3107 huius
969 3029 1063 3106 pitet
1077 3030 1205 3107 peperit
1228 3029 1406 3091 Christum.
1427 3032 1474 3091 De
1495 3029 1559 3092 hac
1573 3032 1668 3108 virga
1684 3047 1767 3110 pro-

126 3126 244 3198 mendi,
265 3127 300 3188 et
322 3126 359 3187 in
381 3124 493 3188 luture
510 3127 703 3188 assumatur
723 3127 759 3186 in
773 3126 915 3203 gloriam
969 3126 1119 3203 phetavit
1132 3126 1268 3187 Balaam
1289 3126 1426 3189 dicens:
1454 3129 1595 3190 orietur
1612 3129 1708 3192 stede
1722 3142 1769 3192 ece

126 3224 364 3301 sempiternam.
380 3223 459 3295 Quis
474 3239 629 3301 umquam
647 3223 815 3286 invocavit
827 3240 913 3298 eam,
968 3227 1070 3286 Jacob
1085 3224 1120 3286 et
1142 3226 1326 3302 consurget
1349 3228 1451 3302 virga
1474 3239 1521 3287 ex
1542 3229 1663 3299 Israel,
1680 3226 1714 3290 et
1728 3229 1770 3289 ete

125 3321 295 3384 etncnest
309 3320 484 3383 exauditus
506 3320 547 3382 ab
568 3323 632 3383 eal
650 3323 726 3400 Ipsa
745 3324 796 3385 est
809 3326 915 3385 mater
969 3323 1154 3385 dacoberti
1169 3324 1439 3397 euiderninetur
1461 3321 1574 3402 (Num.
1590 3340 1682 3397 xmv,
1700 3322 1766 3404 17).
1866 3370 1869 3375 .

125 3419 267 3495 pulchrae
291 3418 480 3481 dilectionis
508 3418 552 3481 et'
567 3418 698 3482 timoris
731 3421 763 3483 et
791 3421 914 3482 sanctae
971 3419 1073 3481 Stella
1104 3420 1168 3481 ista
1199 3419 1251 3482 est
1274 3421 1376 3483 Beata
1404 3421 1508 3496 Virgo
1539 3421 1659 3492 Maria,
1694 3437 1768 3498 quae
1867 3474 1871 3479 .

124 3518 199 3595 spei,
231 3532 305 3596 quaa
333 3530 393 3593 pro
421 3516 552 3577 miseris
585 3518 669 3589 orat,
696 3533 756 3594 pro
782 3518 914 3579 afflictis
969 3517 1065 3578 stella
1080 3517 1183 3577 maris
1197 3516 1450 3592 interpretatum
1463 3517 1541 3594 quia
1555 3518 1642 3580 sicut
1656 3520 1768 3580 nautae

125 3614 295 3694 supplicat,
307 3629 367 3691 pre
379 3612 609 3692 peccatoribus
618 3614 804 3676 intercedit.
821 3614 915 3676 Unde
969 3613 1066 3674 necte
1079 3612 1263 3689 respiciunt
1272 3613 1314 3674 ad
1328 3612 1419 3673 illam
1432 3613 1575 3686 stellam,
1590 3615 1626 3676 ut
1638 3614 1768 3692 possint

125 3710 259 3789 legimus
274 3727 333 3789 per
346 3711 540 3789 mysterium
559 3711 645 3786 gued
665 3711 785 3774 Esther
798 3712 912 3789 regina
969 3726 1066 3771 suum
1086 3726 1221 3773 cursum
1245 3710 1402 3787 dirigere,
1429 3712 1462 3772 et
1485 3712 1673 3788 periculosa
1694 3713 1769 3776 loca

125 3812 225 3873 oravit
239 3826 353 3886 regem
373 3809 405 3871 et
424 3808 580 3871 liberavit
597 3824 617 3871 a
638 3810 743 3871 morte
757 3810 914 3889 populum
969 3808 1122 3881 evadere,
1138 3808 1187 3870 ita
1199 3823 1261 3870 nes
1278 3808 1312 3869 in
1335 3807 1399 3870 hoc
1412 3809 1498 3870 mari
1511 3823 1632 3886 magno
1646 3811 1679 3873 et
1692 3825 1769 3888 spa·
1878 3846 1884 3851 -

125 3909 362 3980 tudaeerum,et
371 3923 437 3969 non
453 3907 560 3969 selum
571 3906 735 3980 liberavit,
744 3908 801 3969 sed
814 3909 914 3970 etiam
968 3908 1066 3980 tiose,
1094 3907 1130 3968 in
1149 3905 1421 3969 tribulationibus
1444 3907 1477 3969 et
1497 3906 1765 3983 adversitatibus,

126 4004 855 4069 exaltavitutlaceretultieneminimicorum.
867 4006 916 4068 Si·
969 4005 1256 4068 intentationibus
1276 4007 1309 4066 et
1330 4004 1494 4081 angustiis
1518 4004 1560 4066 ad
1579 4005 1673 4067 illam
1687 4006 1770 4068 stel-

127 4105 243 4168 niliter
268 4103 386 4180 regina
407 4102 915 4179 nestra,reginamisericordiae
970 4102 1037 4164 lam
1069 4102 1237 4164 dominam
1270 4104 1418 4164 nestram
1443 4102 1656 4180 respicimus,
1692 4120 1769 4165 cum
1831 4164 1834 4169 ,

126 4206 192 4264 orat
206 4201 355 4281 quotidie
369 4201 491 4262 Filium
507 4217 614 4273 suum,
637 4204 673 4262 ut
697 4200 876 4263 liberemur
894 4218 914 4264 a
969 4203 1042 4279 eius
1056 4200 1184 4263 meritis
1196 4201 1230 4263 et
1239 4200 1393 4277 precibus
1407 4199 1557 4277 cupimus
1573 4201 1720 4275 liberari,
1735 4203 1768 4265 et

127 4302 223 4362 morte
238 4300 410 4377 perpetua,
427 4299 460 4360 et
478 4300 584 4359 Aman
605 4298 819 4375 suspenditur
840 4315 915 4361 cum
970 4298 1042 4376 ipsa
1058 4298 1145 4360 sicut
1159 4299 1209 4360 est
1223 4300 1329 4360 mater
1342 4298 1593 4372 misericordiae,
1613 4299 1768 4363 subvenit
1862 4364 1865 4369 ,

128 4395 197 4459 iliis
217 4397 300 4466 suis,
325 4395 413 4473 quod
438 4395 590 4457 diabolus
616 4411 690 4457 cum
716 4396 915 4458 satellitibus
969 4395 1112 4458 nobisin
1127 4394 1437 4458 omnineeessitato.

128 4495 188 4555 suis
226 4491 435 4555 cruciabitur
473 4491 693 4554 infernalibus
729 4494 912 4569 suppliciis.
1008 4495 1088 4555 Haee
1101 4495 1152 4555 est
1162 4493 1258 4570 virga
1272 4494 1326 4555 vel
1338 4493 1433 4570 virge
1442 4492 1652 4568 humilitatis,
1667 4495 1765 4572 virga

129 4592 205 4652 oens
224 4606 305 4652 vero
323 4589 525 4660 indaeerum
551 4589 647 4661 idest,
673 4590 754 4652 ordo
775 4591 914 4653 Domine
969 4589 1022 4652 vel
1042 4590 1138 4667 virge
1158 4586 1373 4667 virginitatis,
1394 4591 1490 4668 virga
1509 4590 1564 4655 vel
1587 4592 1682 4668 virge
1703 4591 1768 4655 ἰοθ-

129 4688 346 4751 confitentium
378 4686 580 4749 exaltabitur
610 4687 645 4747 in
673 4688 834 4750 aeternum
859 4704 915 4750 re-
969 4688 1158 4751 cunditatis.
1173 4691 1219 4751 De
1240 4689 1428 4751 humilitate
1450 4689 1524 4766 ipsa
1546 4688 1654 4750 dixit:
1674 4694 1765 4753 Res-

130 4799 231 4859 gnnm,
244 4787 277 4847 et
289 4784 578 4846 iacietvindictam
590 4784 813 4858 inimicorum,
829 4785 916 4849 sicut
964 4787 1068 4862 gemit
1081 4789 1251 4849 Dominus
1269 4786 1498 4849 haereditatem
1521 4789 1654 4849 alume
1674 4803 1764 4862 suoe,·

130 4884 277 4961 scriptum
289 4883 339 4943 est
349 4882 384 4942 in
395 4880 480 4943 libro
494 4881 694 4959 Sapientiae:
709 4885 914 4946 Jtcdicebunt
969 4898 1044 4947 eree
1058 4887 1151 4945 enirn
1170 4899 1217 4944 eac
1231 4887 1292 4945 bec
1306 4883 1441 4944 beutern
1452 4897 1509 4944 rue
1523 4885 1635 4946 dicent
1647 4901 1766 4951 enices

130 4979 236 5042 Seruii
248 4980 407 5041 ›zetmnes
416 4979 449 5040 et
461 4979 730 5040 domirtebuntur
739 4982 911 5053 popidis...
967 4982 1209 5059 generationes
1234 4977 1327 5058 (Luc.
1356 4994 1380 5052 1,
1403 4977 1469 5061 48).
1498 4983 1546 5044 De
1574 4981 1766 5059 virginitate
1873 5046 1877 5055 ,

132 5071 211 5154 (sap.
226 5093 276 5148 111,
289 5075 335 5155 8).
968 5079 1041 5155 ipsa
1053 5077 1222 5155 respondit
1234 5098 1241 5137 :
1254 5079 1425 5144 Quomodo
1434 5080 1494 5152 fiet
1506 5080 1767 5155 istudguoniem

163 5176 203 5237 Ut
229 5190 309 5251 ergo
337 5172 484 5234 breviter
516 5172 680 5245 dieamus,
711 5173 783 5250 ipsa
818 5173 914 5238 beata
968 5179 1086 5238 etrum
1101 5189 1170 5237 uon
1188 5177 1374 5251 cognoscet
1395 5174 1490 5257 (Luc.
1512 5193 1534 5249 1,
1555 5176 1620 5257 34).
1642 5181 1689 5241 Ι)θ
1704 5180 1767 5242 loe-

132 5268 221 5348 l‘irgo
247 5273 297 5333 est
320 5268 405 5332 liber
425 5269 650 5345 generationis
673 5272 753 5332 Jesn
778 5272 912 5346 Christi,
969 5274 1138 5337 cunditate
1162 5272 1210 5335 ait
1233 5274 1404 5350 Angelus:
1429 5278 1518 5337 Ecce
1540 5279 1710 5351 concipies
1730 5280 1765 5342 et

133 5372 213 5445 cnjus
231 5367 384 5447 quaterni
410 5371 487 5429 sunt
500 5368 617 5444 gratiae
632 5368 834 5441 differentes,
851 5387 914 5432 cu·
966 5376 1086 5448 paries
1099 5372 1209 5445 titium
1223 5369 1317 5450 (Luc.
1341 5388 1364 5445 1,
1384 5370 1449 5451 31).
1466 5374 1507 5435 Et
1520 5373 1632 5435 idem-2
1650 5378 1765 5452 Spiri-

131 5464 264 5538 iuslelia
282 5466 336 5527 rel
360 5465 484 5527 chartae
504 5466 583 5527 sunt
604 5466 743 5527 virtutes
758 5466 914 5531 innume·
970 5470 1025 5533 tus
1047 5469 1194 5531 Seruius
1216 5471 1438 5544 superveniet
1460 5473 1497 5532 in
1522 5471 1592 5532 tc...
1616 5469 1709 5550 (Luc.
1738 5490 1762 5547 1,
1891 5486 1894 5491 ’

134 5563 253 5637 mbiles,
275 5566 370 5642 cujus
394 5563 512 5625 litterae
532 5566 732 5627 auraaosunt
751 5565 866 5642 gloriae
882 5565 915 5629 et
968 5566 1034 5647 35).
1050 5566 1162 5630 Talem
1177 5582 1319 5644 namque
1334 5566 1646 5633 seenhibuitBeata
1660 5570 1762 5647 Virgo
1877 5640 1893 5661 ,-
