3802 6166
67 294 131 357 385
703 290 932 354 EPISTOLAE.
955 290 1034 352 LIB.
1057 292 1083 351 Ι.
1656 288 1718 353 aad

68 453 263 517 noravimus
285 453 322 515 in
345 454 473 532 partem
500 447 734 517 sollicitudlnls
762 468 865 515 assu·
920 452 980 514 trae
993 452 1027 515 et
1041 447 1157 512 annull
1173 452 1272 528 atque
1286 447 1513 511 sandaliorum
1526 447 1589 511 tibi
1603 450 1637 512 et
1655 467 1716 527 pro

69 552 203 624 mendo,
233 551 270 613 iu
300 550 397 613 nobis
424 551 601 623 honorem,
629 550 867 629 plenitudinem
920 547 1717 626 temporesuccessoribustuisdeconsuetasedis

69 649 255 727 potestatis,
273 650 307 712 et
322 648 408 727 apud
428 652 532 711 Deum
547 648 712 721 meritum,
733 649 767 711 et
780 645 867 725 apud
920 647 1119 723 Apostolicae
1136 646 1340 722 benignitate
1361 644 1517 706 duximus
1538 646 1717 723 indulgen-

69 746 223 809 homines
237 746 299 808 tibi
317 762 490 825 compares
507 762 627 808 nomen
644 745 777 807 bonum.
798 746 868 807 Nos
922 745 1009 805 dum.
1024 743 1240 821 Praecipimus
1255 746 1377 815 autem,
1390 746 1426 803 ut
1437 743 1593 817 cbrisma,
1605 745 1716 807 oleum

70 844 159 906 enim
179 844 389 912 sententiam,
410 859 509 922 quam
525 842 770 905 rationabiliter
784 843 869 905 tulo·
922 844 1083 914 sanctum,
1100 842 1366 904 consecrationes
1385 842 1553 915 altarium,
1574 844 1716 904 ordina-

70 942 331 1015 risinrebelles,
344 941 868 1004 ratambabebimusetlacismus
922 942 1041 1013 tiones,
1065 942 1099 1002 et
1121 955 1336 1018 quacumque
1357 938 1453 1001 vobis
1472 956 1515 1001 ex
1534 942 1717 1016 pontidcali

70 1042 206 1102 auctore
226 1040 364 1102 Domino
384 1040 524 1102 firmiter
542 1039 724 1101 observari.
747 1041 868 1101 Datum
923 1039 998 1101 sunt
1017 1037 1202 1099 ministerio
1224 1038 1463 1109 necessariae
1485 1038 1576 1099 nullo
1596 1040 1716 1102 catho-

71 1137 240 1209 Laterani,
270 1138 317 1199 111
348 1136 509 1199 kalendas
532 1137 624 1207 maii,
656 1136 868 1215 pontificatus
922 1138 986 1198 lico
1006 1137 1160 1214 episcopo
1186 1135 1280 1198 vobis
1301 1136 1486 1213 vestrisque
1508 1139 1716 1199 successori-

72 1234 178 1298 nostri
192 1250 281 1297 anno
295 1235 414 1312 primo.
922 1233 983 1296 bus
1004 1235 1217 1310 denegentur.
1229 1236 1315 1297 Sane
1330 1234 1460 1306 missas,
1477 1235 1716 1309 ordinationes,

923 1332 1081 1395 stationes
1102 1330 1144 1393 ab
1159 1331 1249 1393 omni
1267 1332 1422 1410 episcopo
1436 1333 1489 1394 vel
1509 1333 1598 1396 clero
1618 1334 1719 1396 Pari-

383 1430 566 1519 GGGXIV
923 1431 1007 1492 sien.
1025 1430 1175 1493 ecclesiae
1196 1431 1231 1491 in
1244 1429 1359 1491 eodem
1378 1431 1579 1493 monasterio
1596 1432 1719 1509 praeter

923 1530 1125 1591 voluntatem
1137 1527 1267 1589 abbatis
1284 1528 1337 1588 vel
1357 1529 1624 1604 congregationis
1644 1530 1718 1592 lieri
1753 1600 1756 1607 ¹

71 1591 125 1655 M
138 1593 489 1671 H²⁴⁹⁰⁷²⁰m⁰⁰⁰⁰⁸⁰m
502 1591 709 1654 mmmmm
723 1592 757 1653 S·
782 1594 871 1653 (Μ’
923 1625 1158 1704 probibemus3
1185 1641 1247 1686 nec
1278 1624 1402 1686 habeat
1428 1627 1623 1702 potestatem
1654 1628 1722 1688 ali-

140 1695 238 1754 mont
251 1692 482 1763 Parisicusts,
498 1692 639 1763 marsque
652 1689 795 1764 tratres.

366 1839 402 1899 pp
416 1854 478 1913 app,
493 1840 571 1901 1217,
924 1820 1034 1883 officia
1048 1820 1257 1892 interdicere,
1272 1836 1334 1882 nec
1344 1822 1644 1895 excommunicare,
1659 1838 1721 1885 nec

125 1964 235 2029 [ngat.
248 1963 294 2015 lib.
306 1964 327 2023 1,
339 1962 414 2029 epist.
423 1962 480 2015 m
492 1966 551 2017 m
561 1966 599 2017 h
609 1962 685 2015 Pom
693 1960 728 2014 du
737 1961 818 2013 ancil.
924 1919 964 1981 ad
978 1919 1141 1997 synodum
1154 1933 1278 1981 vocare
1292 1921 1351 1981 aut
1364 1917 1516 1981 abbatem
1530 1923 1589 1982 aut
1603 1937 1722 1984 mona·

924 2017 1016 2089 cbos,
1040 2015 1251 2094 presbyteros
1266 2017 1325 2079 aut
1342 2016 1481 2079 clericos
1503 2018 1722 2080 ecclesiarum

68 2089 256 2150 Condrmatio
277 2089 493 2163 privilegiorum
511 2096 542 2147 et
560 2088 710 2158 bonorum,
724 2103 740 2146 a
756 2086 867 2147 childe-
923 2114 1029 2191 ipsius
1043 2114 1109 2176 1005
1120 2114 1298 2178 tribuimus
1313 2113 1515 2177 facultatem·
1537 2116 1721 2194 Adjicimus

106 2178 198 2247 berto,
214 2178 336 2237 clotario
358 2178 477 2250 aliisque
496 2180 670 2237 Francorum
690 2171 807 2251 regibus
828 2176 871 2235 eis
924 2213 1024 2274 etiam
1048 2213 1085 2274 ut
1108 2212 1144 2273 in
1172 2212 1420 2289 parochialibus
1446 2214 1610 2281 ecclesiis,
1636 2230 1719 2291 quas

105 2276 321 2322 mmmm
924 2311 1019 2372 extra
1036 2310 1177 2386 burgum
1192 2309 1281 2372 beati
1294 2310 1450 2371 Germani
1468 2312 1599 2399 tenetis,
1619 2327 1720 2389 pres-

112 2409 280 2471 Honorius
295 2409 371 2482 etc,
388 2408 519 2473 dilectis
534 2409 612 2471 tiliis
635 2407 744 2486 Ugoni
759 2406 871 2469 abbati
923 2408 1031 2485 byteri
1043 2424 1103 2486 per
1119 2424 1180 2470 vos
1204 2409 1381 2484 eligantur,
1405 2409 1438 2470 et
1458 2410 1613 2487 episcopo
1634 2426 1724 2486 prae-

71 2507 271 2569 monasterii
313 2508 426 2570 Sancti
463 2507 619 2569 Germani
647 2506 869 2578 parisiensis,
924 2507 1106 2579 sectentur,
1123 2506 1253 2583 quibus,
1270 2507 1299 2566 si
1314 2505 1426 2568 idonei
1443 2506 1577 2580 fuerint,
1595 2509 1722 2585 episco-

71 2608 212 2682 ejusque
238 2603 396 2668 tratribus
422 2607 491 2668 tam
523 2604 742 2683 praesentibus
773 2620 871 2682 quam
923 2621 985 2681 pus
1010 2605 1198 2665 animarum
1224 2619 1338 2665 curam
1360 2605 1553 2677 committat,
1575 2606 1611 2668 ut
1631 2606 1662 2667 ei
1681 2605 1722 2669 de

73 2703 196 2764 futuris
218 2702 406 2780 regularem
424 2704 529 2766 vitam
553 2703 712 2782 protessis
734 2703 769 2763 in
793 2718 871 2779 per-
924 2702 1029 2780 plebis
1044 2718 1137 2772 cura,
1151 2703 1191 2764 de
1208 2701 1307 2763 rebus
1322 2718 1401 2764 vero
1422 2704 1659 2780 temporalibus
1679 2706 1722 2767 ad

74 2802 221 2876 petuam.
924 2801 1162 2862 monasterium
1190 2800 1432 2877 pertinentibus
1455 2800 1550 2863 vobis
1581 2818 1724 2879 respon-

923 1724 1002 1802 quid
1030 1722 1077 1784 ibi
1105 1723 1302 1801 imperandi,
1329 1722 1386 1783 sed
1408 1738 1469 1784 nec
1497 1723 1610 1785 divina
1637 1724 1720 1803 ipsis
1841 1738 1848 1745 ·

117 2900 154 2959 ln
177 2898 362 2961 imminenti
388 2899 586 2977 apostolice
615 2897 710 2961 Sedis
736 2898 871 2976 specula
924 2897 1033 2961 deant.
1058 2898 1149 2970 Quod
1172 2898 1201 2958 si
1220 2897 1331 2960 iacere
1349 2897 1435 2960 torte
1452 2899 1631 2969 noluerint,
1647 2900 1724 2962 sub·
1828 2886 1832 2891 ’

74 2994 116 3057 ad
136 2996 199 3057 boc
222 3013 349 3069 sumus,
379 2997 457 3060 licet
482 2995 650 3071 immeriti,
677 2997 871 3074 disponente
923 2996 1078 3058 trahendi
1097 2998 1147 3058 eis
1162 2997 1359 3075 temporalia
1370 3012 1444 3074 quae
1457 3012 1477 3058 a
1491 2997 1587 3059 vobis
1607 3000 1722 3063 tenent

72 3094 225 3166 Domino,
241 3095 423 3166 constituti,
446 3097 603 3172 utjustas
623 3094 800 3173 petitiones
817 3095 872 3157 de
925 3095 1063 3156 liberam
1076 3094 1227 3156 habeatis
1246 3093 1444 3157 auctoritate
1465 3097 1655 3172 apostolica
1669 3097 1723 3159 ia-

71 3192 211 3254 beamus
223 3191 365 3255 libenter
379 3193 563 3265 admittere,
574 3195 606 3255 et
620 3193 669 3255 eis
680 3193 871 3255 studeamus
925 3193 1092 3255 cultatem.
1107 3192 1313 3254 anctoritate
1328 3193 1429 3253 etiam
1441 3194 1630 3270 apostolica
1651 3197 1723 3258 sta-

73 3290 229 3352 effectum
255 3290 369 3352 utilem
396 3291 580 3366 indulgere.
596 3293 789 3368 Eapropter,
815 3289 870 3351 di·
924 3291 1059 3363 tuimus,
1080 3291 1113 3353 et
1133 3290 1286 3352 vobisne
1308 3294 1466 3353 consueta
1490 3291 1666 3354 clementia
1687 3295 1722 3357 et

72 3387 151 3450 lecti
164 3388 199 3448 in
214 3388 354 3449 Domino
375 3388 449 3460 illii,
463 3387 585 3451 vestris
595 3388 697 3465 justis
717 3387 870 3465 postula·
924 3388 1128 3464 benignitate
1140 3386 1441 3464 sedisapostolicae
1452 3389 1672 3465 indulgemus,
1686 3392 1722 3453 ut

72 3484 221 3547 tionibus
233 3487 429 3558 annuentes,
440 3487 681 3548 monasterium
692 3485 783 3547 beati
795 3482 873 3548 Ger·
925 3486 1049 3547 nullius
1061 3486 1220 3561 legationi
1234 3486 1299 3546 nisi
1313 3502 1333 3546 a
1348 3486 1452 3547 latere
1466 3488 1608 3549 Romani
1624 3491 1718 3551 Pon-

73 3585 165 3645 mani
189 3583 230 3644 de
251 3583 372 3656 Pratis,
400 3583 434 3644 in
458 3600 523 3661 quo
552 3583 664 3645 divino
691 3583 872 3660 mancipati
924 3583 1023 3645 titlcis
1038 3582 1228 3660 specialiter
1242 3582 1533 3658 lueritdelegatus,
1548 3585 1722 3662 subjacere

73 3682 155 3743 estis
190 3679 359 3759 obsequio,
391 3682 479 3759 quod
509 3682 635 3759 proprii
665 3681 754 3744 beati
780 3682 872 3744 Petri
924 3681 977 3741 vel
1003 3680 1139 3741 subesse
1161 3680 1280 3751 amodo
1299 3679 1457 3753 debeatis,
1473 3697 1535 3743 nec
1558 3683 1659 3745 alicui
1675 3683 1721 3744 li-

70 3780 159 3856 jnris
178 3778 304 3849 existit,
320 3779 361 3840 ad
383 3780 555 3856 exemplar
572 3779 680 3841 felicis
702 3779 871 3841 memoriae
925 3778 998 3839 caat
1019 3777 1154 3840 obtentu
1175 3778 1351 3854 legationis
1371 3777 1412 3839 ab
1427 3780 1615 3855 Apostolica
1635 3781 1720 3843 Sede

75 3875 260 3948 Pasclralis,
277 3877 873 3955 Innocentii,Lucii,Eugenii,Anas·
924 3875 1071 3947 indultae,
1098 3892 1159 3938 vos
1189 3875 1242 3937 rel
1270 3891 1479 3938 successores
1507 3880 1635 3939 vestros
1660 3894 1720 3941 seu

74 3975 166 4047 tasii,
182 3974 375 4047 Alexandri,
392 3975 499 4045 Lucii,
521 3975 658 4048 Urbani,
680 3976 869 4049 Clementis,
924 3973 1162 4035 monasterium
1186 3973 1335 4034 vestrum
1360 3973 1413 4035 vel
1450 3974 1623 4041 ecclesias,
1646 3994 1721 4054 quae

75 4073 290 4136 Coelestiniet
304 4073 487 4135 Innocentii
501 4073 872 4151 praedecessorumnos-
924 4070 1011 4133 inira
1033 4071 1174 4148 burgum
1188 4071 1276 4133 beati
1299 4072 1457 4133 Germani
1472 4074 1560 4146 sunt,
1577 4075 1644 4135 ulla
1666 4076 1721 4137 in-

74 4172 202 4232 trorum
226 4173 450 4233 Romanorum
468 4171 677 4244 Pontificum,
702 4170 763 4232 sub
781 4170 871 4233 beati
924 4169 1054 4232 terdicti
1088 4169 1141 4231 rel
1167 4170 1522 4233 excommunicationis
1555 4174 1720 4239 sententia

75 4269 166 4331 Petri
202 4272 235 4331 et
267 4271 381 4331 nostra
412 4270 617 4347 protectione
652 4270 869 4347 suscipimus,
924 4283 1147 4345 praegravare,
1164 4268 1217 4329 vel
1232 4283 1332 4345 super
1350 4283 1409 4330 ros
1424 4270 1482 4330 aut
1500 4285 1601 4346 super
1615 4271 1721 4333 dictas

75 4368 108 4430 et
136 4368 312 4444 praesentis
337 4368 453 4445 scripti
477 4365 653 4446 privilegio
681 4367 870 4429 communi·
924 4366 1083 4429 ecclesias
1095 4365 1363 4443 jurisdictionem
1382 4366 1528 4443 aliquam
1548 4383 1717 4443 exercere,

75 4480 161 4525 mus.
177 4465 346 4527 Praeterea
361 4480 585 4543 quascumque
606 4465 869 4542 possessiones...
926 4463 991 4525 nisi
1005 4462 1195 4540 specialiter
1215 4462 1279 4524 boc
1295 4463 1395 4526 tuerit
1417 4480 1437 4525 a
1460 4467 1609 4527 Romano
1631 4469 1722 4528 Pon-

74 4576 183 4637 tusque
210 4564 438 4639 permaneant
465 4566 529 4625 Per
552 4563 727 4640 praesentis
759 4564 871 4641 itaquo
923 4562 1013 4624 titlce
1027 4561 1078 4623 illi
1093 4561 1295 4623 mandatum.
1321 4563 1489 4624 Praeterea
1507 4565 1722 4641 compositio-

76 4658 243 4737 privilegii
254 4660 410 4738 paginam
422 4659 516 4723 vobis
535 4662 720 4738 vestrisque
735 4676 871 4723 succes-
925 4676 1012 4732 nem,
1038 4676 1111 4737 quae
1136 4659 1225 4722 inter
1247 4661 1484 4722 monasterium
1513 4662 1660 4723 restrum
1688 4664 1722 4725 et

76 4757 208 4821 acribus
222 4759 257 4819 in
273 4761 467 4838 perpetuum
480 4760 725 4832 confirmamus,
737 4761 774 4822 ut
785 4774 873 4838 quae
924 4757 1019 4820 bcnae
1041 4758 1209 4819 memorias
1225 4758 1418 4829 Guidonem,
1435 4758 1600 4835 quondam
1616 4762 1723 4824 Seno-

76 4872 216 4933 cumque
231 4857 378 4930 libertas,
395 4872 612 4935 quaecumque
631 4857 777 4933 dignitas
802 4857 872 4935 pri·
925 4872 1001 4917 nen.
1011 4855 1309 4933 archiepiscopum,
1319 4872 1419 4933 super
1429 4858 1719 4933 procurationibus

76 4954 200 5030 vilegio
224 4953 312 5016 beati
326 4956 494 5028 Germani,
512 4956 644 5032 scriptis
658 4955 870 5027 childeberti,
925 4970 1007 5031 quas
1031 4969 1051 5014 a
1074 4952 1170 5015 vobis
1196 4956 1229 5016 et
1248 4953 1445 5031 quibusdam
1467 4953 1556 5015 villis
1577 4957 1720 5033 petebat,

76 5051 225 5125 Clotarii,
244 5053 343 5129 atque
367 5053 509 5114 aliorum
533 5069 648 5128 regum
668 5055 872 5114 Francorum
925 5050 1169 5114 rationabiliter
1192 5051 1393 5123 intercessit,
1415 5052 1501 5115 sicut
1523 5055 1660 5130 provide
1681 5072 1722 5119 ac

74 5151 186 5212 vestro
199 5150 401 5212 monasterio
412 5151 533 5213 collata
545 5150 607 5223 est,
621 5150 728 5212 eidem
741 5165 874 5228 perma-
926 5149 998 5211 sine
1011 5150 1174 5227 pravitate
1195 5149 1282 5212 iacta
1306 5151 1366 5221 est,
1382 5151 1415 5212 et
1428 5152 1561 5229 recepta
1580 5155 1613 5215 et
1636 5154 1721 5217 bac-

75 5248 154 5309 neat
170 5247 310 5311 illibata.
330 5248 379 5311 Ad
407 5248 480 5311 haec
504 5249 654 5311 volentes
679 5250 723 5322 te,
753 5248 873 5311 dilecte
926 5249 1021 5309 tenus
1031 5247 1215 5319 observata,
1226 5247 1591 5325 atqueininstrumento
1600 5253 1722 5316 exinde

76 5345 123 5406 dli
138 5348 236 5422 Hugo
250 5345 364 5419 abbas,
388 5347 421 5409 et
431 5347 669 5409 monasterium
693 5348 786 5408 tuum
805 5346 871 5408 bo·
927 5345 1076 5408 coniecto
1091 5345 1241 5423 plenarie
1256 5345 1455 5418 continetur,
1469 5348 1576 5409 ratam
1590 5349 1722 5412 baben-

75 5442 169 5505 noris
205 5445 240 5506 et
270 5445 387 5521 gratiae
414 5445 590 5522 privilegio
626 5445 794 5517 decorare,
831 5444 872 5506 ad
925 5446 976 5506 tes
1001 5442 1198 5506 auctoritate
1211 5443 1401 5520 apostolica
1423 5445 1579 5508 duximus
1600 5448 1725 5510 condr-

75 5542 184 5603 instar
198 5541 480 5619 praedecessorum
505 5545 695 5605 nostrorum
711 5543 873 5605 dictorum
927 5541 1091 5603 mandam.
1118 5540 1167 5603 lid
1191 5545 1351 5618 majorem
1380 5545 1491 5604 autem
1521 5545 1722 5607 evidentiam

76 5639 463 5713 Alexandri,tloelestini,
480 5641 675 5716 Innocentii,
689 5657 786 5703 usum
806 5642 873 5704 mi·
926 5639 1176 5718 compositionis
1204 5638 1310 5718 ipsius
1336 5642 1536 5720 rescriptum
1567 5642 1650 5705 illud
1681 5645 1723 5709 ‹le

218 5752 338 5831 'suumn
357 5784 432 5829 rous
450 5774 487 5831 ll.
1495 5829 1497 5833 ,
1535 5772 1569 5831 lt
