3802 6166
128 324 186 386 101

123 481 263 561 rigando
281 480 426 560 tepidus,
448 483 483 546 ot
507 480 629 543 fratros
655 479 778 557 saepius
805 479 921 543 moniti

122 581 370 657 incorrigibiles
401 580 660 659 permanserint,
695 578 739 640 ad
764 579 921 655 generale

123 679 307 757 capitulum
321 678 502 750 referatur,
519 679 553 740 et
573 677 659 738 sicut
673 676 792 737 melius
813 676 921 737 visum

122 776 233 848 tuterit,
262 776 404 837 consilio
425 775 592 852 generalis
610 774 746 851 capituli
764 774 923 836 emende-

121 877 188 946 tnr,
205 875 239 935 et
258 874 422 935 sententia
443 875 478 935 in
500 873 563 934 hac
585 874 678 949 parte
696 872 833 950 capituli
849 873 921 933 sine

122 972 327 1034 retractione
339 973 450 1049 aliqua
467 971 672 1032 observetur.

163 1070 299 1143 Quoties
323 1085 402 1130 vero
427 1071 568 1131 ecclesia
593 1068 920 1131 praemonstratensis

123 1168 198 1229 sine
212 1167 331 1229 abbate
343 1166 454 1239 fuerit,
471 1168 510 1228 ad
526 1167 682 1244 praefatos
697 1170 767 1228 tres
784 1165 920 1227 abbates

123 1269 197 1342 ejus
220 1280 300 1327 cura
324 1265 492 1341 respiciat,
520 1267 553 1327 ct
582 1281 602 1326 a
626 1265 797 1327 canonicis
816 1263 921 1340 ipsius

124 1363 288 1435 ecclesiae,
312 1378 520 1423 cumeorum
545 1363 700 1435 oonsilio,
724 1377 864 1439 persona
885 1361 919 1421 in

122 1460 276 1521 abbatem
315 1459 434 1521 idonea
474 1460 634 1536 eligatur,
671 1460 713 1521 ad
744 1459 919 1521 consilium

122 1574 219 1618 suum
247 1559 392 1635 quatuor
414 1557 491 1619 aliis
515 1557 688 1619 abbatibus
712 1557 754 1618 ad
771 1556 920 1618 eamdem

122 1656 297 1717 ecclesiam
318 1655 569 1733 pertinentibus,
588 1656 715 1733 pariter
734 1653 918 1727 advocatis,

121 1770 204 1830 quos
221 1753 286 1829 ipsi
300 1753 454 1815 canonici
470 1752 676 1829 providerint
696 1750 919 1814 advocandos.

123 1852 237 1913 Liceat
265 1867 395 1928 quoque
423 1850 603 1927 unicuique
636 1849 733 1912 matri
767 1849 920 1911 ecclesiae

122 1948 249 2010 ordinis
269 1947 386 2020 vestri,
407 1964 481 2008 cum
503 1948 646 2009 consilio
670 1947 800 2009 abbatis
823 1950 920 2009 Prae-

120 2046 387 2116 monstratensis,
417 2046 459 2107 de
482 2044 657 2107 abbatibus
683 2046 918 2118 ecclesiarum,

120 2160 194 2220 quae
207 2143 248 2204 ab
260 2159 298 2204 ea
307 2143 510 2220 processisse
522 2144 716 2215 noscuntur,
733 2143 803 2204 sive
818 2143 919 2205 etiam

120 2242 162 2302 de
190 2241 257 2301 alia
276 2241 425 2317 ejusdem
444 2241 572 2303 ordinis
590 2241 750 2302 inferiora
765 2240 918 2312 ecclesia,

121 2338 197 2410 sibi,
221 2354 459 2416 utramcumque
480 2339 658 2409 voluerint,
679 2339 708 2398 si
722 2340 833 2407 tamen
847 2338 922 2398 ido-

121 2452 208 2496 neus
226 2437 384 2508 extiterit,
404 2437 440 2496 in
459 2436 611 2498 abbatem
633 2452 815 2496 assumere.
838 2438 922 2496 Per-

121 2549 239 2594 sonam
267 2534 377 2595 autem
400 2532 441 2594 de
467 2534 534 2595 alio
550 2533 678 2606 ordine,
700 2532 792 2594 nulla
812 2532 922 2594 eccle-

121 2632 249 2691 siarum
276 2634 465 2692 vestrarum
487 2630 551 2692 sibi
570 2632 674 2707 eligat
699 2632 734 2691 in
755 2630 918 2701 abbatem,

121 2745 183 2790 nec
197 2729 300 2791 vestri
312 2728 439 2791 ordinis
449 2729 561 2806 aliqua
571 2729 606 2789 in
619 2728 771 2790 abbatem
781 2743 920 2789 monas-

125 2825 204 2886 terii
226 2826 366 2887 alterius
393 2826 530 2897 ordinis,
559 2826 624 2887 nisi
652 2825 693 2887 de
721 2825 920 2888 auctoritate

125 2926 281 2984 Romanae
305 2924 463 2985 Ecclesiae
491 2923 674 2985 ordinetur.
700 2923 792 2986 Nulli
819 2923 920 2984 etiam

124 3020 303 3081 canonicos
317 3020 370 3080 vel
383 3035 564 3081 conversos
576 3022 718 3092 vestros,
734 3020 807 3080 sine
819 3019 922 3080 liceu-

120 3118 168 3179 tia
180 3116 336 3178 abbatum
351 3132 497 3189 suorum,
515 3118 665 3194 recipere
680 3119 738 3179 aut
750 3119 921 3194 susceptos

120 3215 224 3276 liceat
244 3216 399 3276 retinere.
427 3217 514 3276 Sane
535 3215 618 3276 nulli
641 3214 792 3276 ecclesiae
816 3214 921 3275 vestri

119 3312 248 3373 ordinis
269 3312 369 3372 liceat
389 3312 430 3373 ad
446 3312 593 3389 aliquam
617 3312 720 3372 aliam
739 3311 922 3388 professio-

120 3425 196 3470 nem
221 3410 409 3471 temeritate
426 3409 573 3487 qualibet
596 3424 633 3470 se
655 3408 851 3470 transferre.
883 3408 917 3468 Si

121 3523 194 3585 quae
222 3522 302 3569 vero
336 3506 486 3568 ecclesiae
515 3507 752 3568 canonicorum
781 3506 920 3567 alterius

121 3605 260 3675 ordinis,
281 3604 322 3664 ad
342 3604 491 3665 ordinem
514 3606 661 3665 vestrum
685 3603 853 3678 venerint3
878 3603 919 3664 ad

120 3702 295 3762 ecclesiam
326 3702 430 3762 vestri
455 3702 581 3762 ordinis
604 3700 748 3763 habeant
768 3702 841 3762 sine
866 3717 922 3761 re-

119 3799 305 3875 fragatione
321 3801 516 3876 respectum,
534 3799 570 3859 in
588 3815 653 3876 qua
670 3800 853 3860 noscuntur
868 3814 922 3860 or·

121 3895 232 3956 dinem
248 3896 397 3956 vestrum
411 3896 624 3971 assumpisse.

161 3994 328 4054 Praeterea
343 3992 370 4052 si
387 3993 474 4054 inter
493 3992 623 4069 aliquas
644 3993 803 4053 ecclesias
817 3993 920 4054 vestri

121 4091 250 4151 ordinis
267 4091 307 4151 de
322 4090 558 4167 temporalibus
574 4091 713 4167 qnaestio
735 4091 919 4161 emerserit,

122 4206 188 4249 non
203 4190 298 4251 extra
320 4189 470 4249 ordinem
490 4187 718 4250 ecclesiastica
735 4188 787 4249 vel
809 4204 920 4249 saec-u-

121 4287 203 4347 laris
225 4286 396 4347 audientia
424 4286 638 4362 requiratur;
669 4285 726 4346 sed
754 4286 920 4346 mediante

123 4384 434 4458 praemonstratensi
451 4382 569 4445 abbate
585 4385 617 4445 et
627 4384 757 4444 oaeteris
770 4399 852 4460 quos
867 4399 922 4444 vo·

123 4482 260 4552 caverit,
277 4482 336 4543 aut
347 4481 520 4542 caritative
528 4481 679 4541 intereas
693 4480 917 4557 componatur,

121 4582 179 4641 aut
209 4579 332 4640 auditis
367 4579 538 4655 utriusque
573 4577 769 4649 rationibus,
805 4578 919 4639 eadem

121 4677 347 4738 controversia
370 4678 461 4752 justo
484 4675 612 4752 judicio
635 4675 841 4737 terminetur.
870 4676 918 4736 Ad

120 4777 280 4852 majorem
294 4789 424 4851 quoque
437 4773 563 4834 ordinis
582 4773 686 4834 vestri
705 4766 820 4850 pacem
835 4789 919 4834 con-

120 4871 329 4943 servandam,
344 4871 526 4932 districtius
545 4870 768 4947 prohibemus,
790 4886 831 4932 ne
851 4871 918 4931 ali-

120 4970 194 5046 quis
208 4970 420 5046 praelatorum
436 4968 488 5028 vel
500 4967 706 5030 subditorum
719 4971 917 5043 vestrorum,

119 5069 153 5129 in
170 5067 211 5127 iis
227 5082 300 5144 quae
314 5065 574 5142 addisciplinam
585 5067 618 5126 ct
632 5065 781 5127 instituta
792 5065 919 5127 ordinis

119 5165 280 5241 spectant,
293 5163 424 5233 audeat,
442 5163 539 5239 prout
559 5163 718 5223 statutum
733 5164 783 5224 est
801 5163 836 5223 in
851 5167 918 5225 La·

118 5262 292 5324 teranensi
308 5261 468 5331 Concilio,
484 5260 653 5337 appellare
670 5282 678 5320 ε
695 5260 752 5321 sed
775 5261 804 5320 si
824 5261 918 5337 quis-

119 5361 208 5437 piam
224 5359 391 5436 appellare
406 5358 595 5424 tentaverit,
628 5357 846 5419 nihilominus
868 5358 916 5419 illi

119 5473 260 5535 qnorum
304 5456 444 5517 interest
480 5456 667 5531 regularem
708 5454 917 5532 disciplinam

118 5570 277 5616 exercere
303 5552 476 5616 debebunt.
500 5556 547 5615 De
576 5553 696 5614 caetero
720 5554 875 5630 quoniam
897 5569 916 5614 a

119 5650 261 5735 strepitu
273 5652 306 5715 et
321 5650 464 5715 tumultu
480 5650 691 5713 saecularium
707 5651 835 5724 remoti,
853 5668 910 5731 pa·

756 320 994 395 uPlsTOLAE,
1017 322 1096 383 LIB.
1120 320 1149 383 1-.-

1715 322 1777 385 toa

976 495 1051 551 cem,
1064 482 1096 544 et
1109 480 1255 559 quietern
1269 478 1419 557 diligitis,
1432 480 1591 558 grangias
1602 482 1731 545 vestras
1745 483 1779 547 et

976 580 1099 651 curtes,
1120 578 1207 641 siout
1228 580 1262 640 et
1275 579 1361 640 atria
1375 579 1408 640 et
1422 578 1640 641 ecclesiarum
1659 594 1679 641 a
1695 596 1778 657 pra-

976 692 1093 737 vorum
1107 675 1244 737 incursu
1257 678 1290 738 et
1302 676 1460 738 violentia
1480 676 1603 737 liberas
1619 677 1689 740 fore
1704 692 1780 739 san·

976 774 1105 834 cimus:
1122 773 1333 851 prohibentes
1350 775 1385 835 ut
1407 774 1518 835 nullus
1540 774 1585 835 ibi
1609 774 1778 837 hominem

976 886 1106 948 capere,
1124 871 1281 949 spoliare,
1295 871 1484 943 verberare,
1500 888 1558 933 seu
1575 872 1775 945 interficere,

881 1010 890 1025 .
975 971 1033 1030 aut
1045 970 1166 1031 furtum
1184 970 1236 1030 vel
1252 969 1403 1047 rapinam
1419 970 1624 1032 committere
1644 970 1776 1033 audeat.

1015 1066 1063 1128 Ob
1086 1066 1258 1128 evitandas
1290 1082 1369 1128 vero
1397 1067 1598 1129 secularium
1627 1067 1776 1129 virorum

976 1163 1191 1242 frequentias,
1215 1164 1355 1226 liberum
1380 1165 1423 1227 sit
1447 1165 1553 1237 vobis,
1582 1166 1675 1229 salvo
1699 1168 1778 1243 Jure

975 1262 1239 1324 dicacesanorum
1275 1263 1527 1340 episcoporum,
1561 1263 1708 1325 oratoria
1741 1263 1777 1324 in

975 1360 1126 1435 grangiis
1139 1361 1173 1422 et
1184 1360 1332 1422 curtibus
1345 1360 1464 1422 vestris
1475 1363 1679 1434 construere,
1696 1361 1729 1422 et
1742 1361 1777 1423 in

976 1457 1058 1534 ipsis
1074 1457 1168 1519 vobis
1189 1459 1222 1520 et
1237 1457 1372 1519 familiae
1388 1460 1507 1519 vestrae
1525 1458 1638 1519 divina
1653 1458 1775 1531 oftlcia,

976 1571 1077 1632 quum
1092 1570 1228 1616 necesse
1245 1556 1343 1617 fuerit
1358 1555 1539 1627 celebrare,
1558 1558 1590 1617 et
1605 1557 1710 1632 ipsam
1726 1556 1779 1617 fa-

975 1652 1114 1725 miliam,
1128 1653 1191 1713 nisi
1201 1652 1306 1729 aliqui
1314 1654 1383 1715 sint
1393 1653 1449 1729 qui
1463 1653 1497 1713 in
1505 1653 1630 1714 vicinia
1642 1653 1776 1731 propria

975 1749 1120 1811 habeant
1143 1749 1324 1819 domicilia,
1345 1749 1386 1810 ad
1407 1749 1660 1822 confessionem,
1681 1766 1776 1812 com-

977 1847 1167 1909 munionem
1178 1850 1210 1910 et
1222 1846 1438 1924 sepulturam,
1450 1864 1525 1908 oum
1535 1848 1638 1909 vestri
1649 1846 1776 1910 ordinis

976 1945 1147 2022 suscipere
1174 1944 1359 2007 honestate.
1388 1946 1502 2007 Liceat
1529 1962 1659 2024 quoque
1683 1945 1777 2009 vobis
1812 1968 1816 1975 ·

975 2057 1135 2119 personas
1158 2042 1281 2103 liberas
1302 2043 1334 2104 et
1356 2042 1524 2105 absolutas
1551 2059 1569 2104 e
1591 2043 1704 2104 seculo
1719 2043 1776 2104 tu-

975 2139 1116 2215 gientes.
1139 2140 1180 2201 ad
1202 2141 1454 2201 conversionem
1472 2137 1634 2218 recipere,
1662 2156 1702 2202 ac
1718 2156 1776 2203 eas

976 2236 1157 2298 cumrebus
1169 2238 1239 2298 suis
1252 2238 1378 2316 absque
1389 2237 1651 2300 contradictione
1662 2238 1776 2315 aliqua

976 2336 1137 2410 retinere;
1154 2335 1305 2397 infirmos
1327 2351 1458 2413 quoque
1475 2334 1655 2408 absolutos,
1673 2336 1777 2413 quiin
1835 2366 1838 2371 ·

975 2435 1123 2494 extrema
1138 2433 1308 2495 voluntate
1323 2434 1363 2493 ad
1381 2450 1441 2494 vos
1458 2449 1494 2494 se
1508 2433 1694 2506 transferri,
1719 2435 1778 2496 aut

975 2530 1062 2607 apud
1098 2547 1158 2593 vos
1194 2531 1330 2608 sepeliri
1359 2530 1627 2603 deliberaverint,
1664 2531 1775 2593 nullus

975 2626 1136 2705 impedire
1158 2644 1218 2689 seu
1242 2644 1296 2689 res
1319 2644 1434 2689 eorum
1450 2628 1616 2705 legitimas
1631 2630 1776 2691 retinere

975 2726 1165 2801 praesumat,
1192 2725 1418 2787 salvatamen
1440 2726 1610 2787 haeredum
1626 2727 1777 2802 legitima

975 2822 1137 2899 portione,
1154 2825 1187 2885 et
1202 2823 1362 2884 canonica
1373 2824 1504 2900 justitia
1520 2823 1653 2885 illarum
1668 2823 1778 2885 ecole-

975 2920 1100 2981 siarum
1116 2936 1136 2981 a
1152 2919 1271 2998 quibus
1286 2922 1490 2983 mortuorum
1511 2936 1650 2999 corpora
1674 2936 1774 2981 assu-

977 3020 1121 3079 muntur.

1017 3114 1065 3175 hd
1088 3116 1224 3192 majoris
1239 3115 1339 3176 etiam
1352 3115 1480 3177 ordinis
1494 3117 1597 3178 vestri
1612 3132 1774 3178 reveren-

975 3211 1067 3284 tiam,
1082 3214 1115 3274 et
1129 3212 1293 3289 regularis
1304 3213 1489 3290 disciplinae
1517 3213 1773 3286 observantiam,

975 3309 1081 3379 vobis,
1098 3310 1159 3370 tilii
1172 3310 1319 3382 abbates,
1334 3309 1499 3388 subjectos
1507 3314 1634 3373 vestros
1647 3310 1776 3387 ligandi

975 3410 1008 3469 et
1023 3407 1183 3478 solvendi,
1195 3408 1326 3484 plenam
1343 3407 1556 3468 concedimus
1571 3407 1773 3469 facultatem.

976 3504 1059 3576 Quia
1072 3520 1152 3567 vera
1167 3504 1298 3580 singula
1314 3520 1386 3581 quae
1401 3505 1442 3565 ad
1454 3505 1629 3581 religionis
1645 3504 1777 3582 profec-

975 3604 1043 3663 tum
1059 3603 1092 3664 et
1106 3602 1293 3663 animarum
1308 3602 1447 3665 salutem
1469 3602 1659 3675 ordinastis,
1682 3618 1774 3679 praa-

976 3700 1061 3760 senti
1088 3698 1330 3761 abbreviationi
1357 3701 1579 3778 nequiverunt
1615 3701 1774 3761 annecti:

976 3813 1036 3857 nos
1052 3814 1126 3858 cum
1137 3797 1180 3858 iis
1191 3813 1264 3875 quae
1275 3798 1398 3875 scripta
1412 3798 1499 3870 sunt,
1516 3798 1774 3859 consuetudines

976 3895 1115 3966 vestras,
1148 3910 1231 3971 quas
1261 3895 1349 3956 inter
1376 3911 1436 3956 vos
1459 3894 1631 3970 religionis
1652 3894 1776 3957 intuitu
1859 3924 1865 3933 ·

976 3991 1176 4068 regulariter
1204 3992 1380 4065 statuistis,
1404 3993 1438 4054 et
1458 3992 1615 4070 deinceps
1639 3995 1776 4055 auctore

977 4090 1116 4151 Domino
1133 4090 1297 4163 statuetis,
1312 4091 1510 4153 auctoritate
1523 4091 1712 4168 apostolica
1722 4106 1776 4153 ro·

975 4186 1143 4259 boramus,
1161 4188 1193 4249 et
1207 4188 1300 4249 vobis
1315 4189 1501 4265 vestrisque
1514 4189 1773 4262 successoribus,

975 4286 1009 4348 et
1034 4285 1187 4346 omnibus
1211 4286 1268 4362 qui
1296 4286 1445 4347 ordinem
1468 4288 1614 4349 vestrum
1634 4287 1777 4364 professi

975 4382 1099 4445 fuerint
1117 4383 1285 4459 perpetuis
1309 4383 1512 4460 temporibus
1538 4384 1776 4447 iuviolabiliter

974 4479 1200 4542 observandas
1215 4479 1435 4541 decernimus.
1444 4482 1513 4542 Nec
1523 4481 1644 4557 aliquae
1653 4481 1772 4545 litterae

975 4577 1120 4639 habeant
1145 4577 1345 4649 firmitatem,
1368 4594 1441 4654 quae
1453 4579 1554 4641 tacito
1565 4578 1701 4640 nomine
1717 4594 1774 4640 or-

974 4675 1062 4735 dinis
1092 4675 1433 4746 Praemonstratsnsis,
1451 4678 1566 4737 contra
1587 4676 1773 4738 libertatem

975 4771 1068 4833 vobis
1090 4772 1131 4833 ab
1151 4773 1340 4848 apostolica
1366 4772 1450 4861 Sede
1476 4772 1633 4844 indultas,
1651 4772 1775 4836 fuerint

974 4870 1170 4947 impetratae.
1209 4872 1295 4931 Sane
1326 4868 1477 4930 laborum
1510 4873 1699 4932 vestrorum
1733 4871 1774 4935 de

974 4966 1239 5045 possessionibus
1255 4966 1377 5028 habitis
1387 4968 1655 5028 anteconcilium
1666 4984 1773 5045 gene·

973 5064 1055 5136 rale,
1072 5079 1111 5125 ac
1128 5063 1229 5125 etiam
1244 5063 1425 5136 novalium,
1440 5080 1513 5141 quaa
1534 5065 1679 5141 propriis
1702 5082 1775 5127 ma-

973 5162 1070 5222 nibus
1105 5162 1163 5223 aut
1200 5158 1384 5237 sumptibus
1425 5162 1548 5234 colitis,
1576 5161 1617 5224 de
1654 5164 1774 5241 quibus

973 5259 1147 5321 novalibus
1172 5258 1295 5336 aliquis
1322 5259 1482 5321 hactenus
1510 5276 1577 5322 non
1608 5262 1771 5339 percepit,

973 5358 1043 5419 sive
1066 5357 1106 5419 de
1132 5357 1237 5419 hortis
1259 5358 1293 5419 et
1307 5358 1471 5434 virgultis,
1491 5358 1607 5435 pratis,
1624 5360 1770 5436 pascuis,

972 5454 1013 5516 de
1027 5453 1267 5532 piscationibus
1283 5454 1415 5527 vestris,
1433 5457 1485 5517 vel
1505 5456 1545 5516 de
1557 5456 1772 5518 nutrimentis

972 5552 1166 5614 animalium
1182 5553 1379 5625 vestrorum,
1396 5553 1508 5615 nullus
1527 5570 1547 5615 a
1568 5554 1661 5616 vobis
1676 5555 1772 5616 deci-

973 5666 1044 5712 mas
1053 5650 1188 5728 exigere
1203 5651 1254 5719 vel
1270 5652 1470 5731 extorquere
1482 5653 1672 5731 praesumat.
