3802 6166
89 194 189 263 '195

129 362 291 437 tinentes,
316 362 424 426 eidem
459 363 547 443 plebi
580 364 757 439 subtraxit,
785 367 924 431 eamden

127 461 348 525 nihilominus
361 463 575 539 proventibus
586 464 925 544 quibusdamposses·

128 560 291 634 sionibus,
308 560 469 622 fructibus
502 563 693 624 earumdem
721 565 755 627 et
786 565 924 627 decimis

127 660 320 736 spoliando,
351 674 451 735 super
479 659 599 737 quibus
626 663 780 723 omuibus
809 664 925 740 petunt

126 756 191 819 sibi
202 758 366 834 justitiam
382 757 545 831 exhiberi,
566 762 600 821 et
613 761 757 837 priorem
776 762 817 824 de
831 763 924 823 tauta

125 856 313 917 temeritate
332 856 455 932 puniri.
480 857 529 919 Ad
558 858 630 920 llaec
653 859 717 922 luit
737 876 780 921 ex
801 860 924 941 prioris

124 956 221 1031 parte
243 970 454 1031 responsum,
481 957 566 1033 quod
596 958 763 1035 prioratus
793 957 923 1036 ipsein

42 1108 45 1113 .
123 1052 219 1113 nullo
240 1051 329 1129 plebi
344 1053 515 1131 subjaceat
534 1056 719 1130 antedictae,
747 1074 808 1119 uec
832 1058 925 1135 prior

124 1150 258 1213 tenetur
271 1150 413 1227 plebano
427 1152 463 1213 in
478 1153 590 1231 aliquo
610 1155 823 1233 respondere,
844 1155 923 1233 quia

124 1262 200 1309 cum
216 1264 276 1324 per
293 1250 352 1310 Dei
374 1252 516 1327 gratiam
532 1252 711 1330 plurimum
735 1253 924 1315 exercuerit

124 1346 267 1423 populus
302 1349 470 1425 parochiae
501 1351 680 1428 prioratus,
711 1352 920 1414 dioecesanus

125 1444 301 1523 opiscopus
324 1447 485 1520 locorum,
499 1448 666 1511 distantiis
689 1452 723 1514 et
747 1450 923 1512 dil'liculta·

123 1542 213 1605 tibus
234 1559 277 1605 ex
300 1544 419 1622 quibus
443 1562 682 1624 nonnunquam
707 1547 924 1625 proveniebat

123 1641 308 1719 periculum
323 1643 510 1705 animarum
529 1646 668 1721 provida
683 1647 921 1708 deliberatione

122 1741 281 1817 pensatis
299 1741 482 1817 prioratum
509 1744 617 1819 ipsum
642 1759 663 1805 a
687 1745 920 1822 jurisdictione

121 1837 229 1915 plebis
244 1828 368 1900 exemit
383 1842 567 1903 concedens
582 1842 645 1903 sibi
662 1859 781 1904 nomen
805 1844 837 1904 et
852 1842 922 1919 pri-

122 1936 282 2013 vilegium
306 1937 521 2015 plebanatus,
548 1958 647 2018 quam
671 1942 920 2004 concessionem

122 2050 202 2111 pars
226 2036 347 2112 prioris
373 2037 504 2114 petebat
527 2039 700 2102 humiliter
728 2040 920 2101 confirmari

123 2133 157 2195 et
177 2149 277 2209 super
301 2136 461 2211 petitione
480 2137 640 2212 praedicta
664 2138 790 2214 imponi
817 2138 922 2199 silen-

120 2230 205 2291 tium
234 2231 386 2294 iconomo
415 2238 609 2297 memorato.
636 2237 713 2298 Fuit
741 2239 852 2298 autem
877 2252 920 2296 ex

121 2328 263 2390 adverso
287 2348 482 2407 responsum
511 2333 596 2409 quod
622 2334 745 2397 iactum
772 2334 919 2410 episcopi

121 2427 355 2503 praejudiciare
398 2429 485 2505 plebi
515 2448 580 2491 non
622 2433 761 2508 poterat,
784 2431 919 2508 propter

19 2528 22 2533 '
120 2524 296 2601 privilegia
308 2527 504 2588 l'ontilicum
518 2532 741 2590 Romanorum
754 2529 918 2607 inquibus

121 2622 309 2684 continetur
330 2640 498 2701 expresse,
520 2627 557 2688 ut
575 2626 687 2687 nullus
706 2628 780 2689 siue
800 2627 919 2688 dioece-

120 2721 196 2781 sani
209 2720 354 2798 episcopi
370 2724 402 2784 et
418 2722 551 2799 plebani
573 2740 713 2785 assensu
731 2725 819 2786 inira
834 2725 917 2786 fines

120 2818 270 2895 eJusdem
280 2819 386 2896 plebis
399 2821 582 2882 oratorium
593 2822 701 2882 denuo
713 2824 915 2893 construere,

119 2915 174 2977 vel
188 2918 413 2978 constructum
428 2918 526 2980 aliter
539 2920 777 2993 transmutare,
787 2921 845 2981 aut
858 2920 917 2981 alii

120 3015 271 3076 ecclesiae
291 3032 478 3092 supponere
492 3018 671 3079 temerario
686 3034 769 3079 ausu
785 3034 917 3094 praesu-

120 3116 200 3185 mat,
227 3114 314 3175 uude
335 3130 408 3175 cum
434 3114 594 3191 plebanus
619 3133 685 3178 non
711 3117 919 3178 consenserit

120 3210 178 3271 sed
202 3212 394 3287 opposuerit
416 3212 544 3274 obicem
568 3214 840 3277 contradictionis
860 3230 920 3290 per

121 3307 355 3384 appellationis
369 3309 545 3387 objectum,
559 3312 645 3389 quod
658 3311 781 3373 factum
797 3312 847 3373 est
859 3327 919 3388 per

121 3405 312 3482 episcopum
328 3407 368 3469 de
381 3408 531 3485 prioratu
546 3409 703 3487 praedicto
722 3409 819 3471 debet
832 3409 917 3470 irri-

119 3503 189 3564 tum
200 3504 358 3581 judicari.

161 3603 242 3661 Cum
255 3604 357 3678 igitur
371 3604 443 3665 luec
462 3607 495 3667 et
510 3605 577 3666 alia
602 3604 779 3682 diligenter
792 3606 825 3667 ct
839 3620 921 3683 pru-

121 3698 238 3761 denter
266 3700 406 3763 luissent
437 3704 606 3779 proposita
638 3720 750 3765 coram
779 3703 918 3764 subdia-

121 3814 206 3859 cono
234 3799 411 3865 antedicto,
441 3801 528 3861 idem
555 3801 668 3862 habito
696 3801 919 3863 demandato

122 3896 236 3957 nostro
260 3897 463 3958 venerabilis
484 3897 599 3959 fratris
627 3898 730 3960 nostri
759 3901 795 3958 P.
818 3897 921 3959 Alba-

121 3994 236 4055 uensis
251 3995 409 4072 episcopi,
423 3998 456 4057 et
472 3996 666 4057 dilectorum
684 3995 829 4056 tiliorum
847 4011 920 4057 nos-

121 4092 250 4153 trorum
263 4096 300 4153 P.
316 4093 405 4155 tituli
420 4093 526 4155 sancti
538 4093 710 4154 Laurentii
721 4092 755 4153 iu
763 4096 917 4165 Damaso,

122 4192 156 4252 et
173 4193 203 4252 J.
220 4191 308 4252 tituli
333 4191 456 4252 sanctae
482 4190 615 4252 Sabinae
638 4192 917 4268 presbyterorum,

124 4290 157 4351 et
178 4292 216 4351 n.
248 4290 354 4351 sancti
382 4288 501 4365 Angeli
525 4289 657 4351 diaconi
686 4289 918 4363 cardinalium,

29 4366 32 4383 ¹
123 4387 921 4465 nacuonetaliorumprudantumconsilio,partis

742 206 918 269 HONORH
940 210 986 270 111
1006 210 1156 274 OPERA.

1322 410 1440 498 CLIX

978 636 1031 694 Ad
1040 636 1198 707 putorem
1212 635 1245 698 ct
1259 637 1392 711 putres
1405 639 1582 711 hospitatis
1595 642 1778 717 Jcrosolp-

1018 733 1143 794 mitaat
1168 748 1236 807 per
1263 750 1412 811 reguum
1440 740 1575 813 Ariolica
1606 740 1780 801 corcstttu-

1019 830 1073 892 tos
1088 829 1149 909 (1).

1269 972 1303 1030 lb
1318 973 1379 1046 jan.
1402 974 1482 1033 1217.

1009 1111 1082 1177 [Cod.
1094 1111 1167 1164 latin.
1179 1114 1250 1177 abab,
1261 1114 1584 1183 prensantemque
1595 1119 1748 1183 nationale}

977 1266 1065 1323 Priori
1082 1273 1112 1323 ct
1134 1265 1267 1324 iratribus
1288 1268 1437 1341 hospitalis
1462 1272 1695 1344 ierosolymitani
1726 1289 1778 1346 per

1012 1356 1255 1429 regnumangliac
1264 1359 1424 1415 constitutis
1433 1358 1574 1433 indulget,
1585 1368 1616 1418 ut
1625 1362 1650 1419 si
1660 1361 1777 1434 quando

1012 1444 1040 1501 iu
1053 1446 1183 1503 ecclesiis
1194 1446 1371 1515 vacantibus,
1385 1448 1530 1520 inquibus
1545 1464 1602 1507 nou
1619 1451 1777 1524 ambigitur

1013 1533 1090 1607 ipsos
1101 1534 1149 1606 jus
1160 1542 1328 1606 patronatus
1342 1534 1459 1607 trabere,
1477 1548 1665 1610 presentatus
1678 1540 1715 1596 ab
1730 1541 1774 1613 ip·

1012 1624 1052 1680 sis
1064 1622 1182 1680 idoneos
1196 1625 1305 1696 praelati
1316 1624 1465 1683 admittere
1481 1634 1590 1685 temere
1602 1632 1774 1701 praetermit-

1012 1717 1084 1781 tunt,
1102 1711 1154 1784 ipsi
1166 1714 1332 1771 auctoritate
1349 1716 1513 1786 apostolica
1534 1718 1724 1774 ecclesiarum
1739 1718 1773 1774 il·

1011 1799 1102 1857 larum
1139 1809 1296 1873 proventus
1325 1803 1439 1860 iuterim
1477 1805 1506 1861 in
1540 1821 1611 1863 usus
1642 1807 1774 1879 proprios

1011 1896 1177 1946 convertere
1192 1891 1316 1948 valcant.

1016 2036 1105 2096 lnter
1119 2036 1290 2097 molestias
1309 2039 1342 2099 et
1365 2053 1539 2113 pressuras
1559 2055 1643 2116 quas
1659 2042 1773 2102 contra

974 2149 1033 2193 vos
1043 2133 1219 2195 instruitur
1229 2134 1368 2207 invidia,
1383 2152 1422 2197 ac
1437 2153 1552 2198 eorum
1567 2139 1625 2214 qui
1637 2154 1772 2199 suuauou

975 2247 1040 2307 qua
1059 2229 1157 2311 [garae]
1174 2232 1401 2294 lesu-Claristi
1424 2235 1502 2295 sunt
1520 2238 1688 2311 quarunt,
1706 2236 1776 2296 sola

974 2328 1058 2390 solet
1073 2330 1237 2406 cupiditas
1252 2331 1410 2403 excitare,
1419 2333 1505 2393 oculi
1521 2334 1625 2393 vestri
1639 2335 1715 2410 post
1725 2333 1771 2393 il-

974 2426 1043 2486 lum
1059 2427 1114 2504 qui
1130 2427 1248 2490 liberat
1269 2446 1448 2506 pauperem
1463 2445 1483 2490 a
1505 2432 1652 2507 potente,
1672 2430 1772 2492 erecti

975 2524 1142 2586 adsedem
1152 2527 1374 2602 apostolicam
1386 2529 1485 2589 etiam
1498 2526 1595 2608 pesse]
1609 2529 1731 2590 debent
1740 2530 1774 2589 ut

973 2623 1094 2699 eripiat
1102 2623 1143 2683 de
1159 2624 1276 2700 laquueo
1290 2625 1406 2702 pedem
1419 2628 1692 2703 vestrum,pulsis
1706 2642 1772 2687 mo·

973 2720 1089 2791 lestiis,
1098 2721 1241 2797 quietem
1257 2723 1682 2787 tribuatetsalutem.sa11e
1694 2740 1774 2802 per-

972 2818 1063 2879 vcuit
1071 2818 1111 2878 ad
1121 2818 1325 2881 audientiam
1334 2826 1493 2894 nostram,
1509 2823 1595 2899 quod
1609 2824 1637 2883 si
1647 2823 1774 2901 quando

973 2916 1132 2977 ecclesias
1155 2917 1191 2976 in
1207 2918 1325 2993 utribus
1342 2922 1400 2996 jus
1420 2922 1615 2996 patronatus
1639 2921 1767 2982 habetis

972 3030 1093 3076 vacare
1119 3015 1290 3092 contingit,
1305 3017 1549 3095 archiepiscopi
1570 3022 1603 3080 et
1622 3018 1766 3097 episcopi

972 3113 1008 3172 iu
1022 3129 1161 3189 qucrrum
1172 3114 1408 3189 jurisdictione
1421 3118 1497 3177 sunt
1511 3117 1663 3178 ecclesiae
1680 3134 1768 3179 cous·

973 3211 1090 3282 titutae,
1104 3213 1320 3287 praesentatos
1335 3213 1463 3275 avellis
1478 3213 1620 3276 clericos
1637 3216 1767 3277 idoneos

973 3308 1066 3368 nulla
1079 3324 1180 3369 causa
1199 3309 1422 3371 irrationabili
1445 3312 1625 3389 proposita,
1644 3313 1697 3374 vel
1712 3329 1765 3374 os-

973 3406 1079 3477 tensa,
1094 3406 1266 3467 instituere
1288 3405 1469 3489 [recusant]
1485 3426 1545 3485 pro
1565 3427 1634 3471 suae
1647 3411 1764 3471 volun·

973 3504 1051 3565 tatis
1081 3503 1220 3565 arbitrio
1255 3506 1446 3568 contradico
1482 3501 1766 3585 [contradicentes]

974 3603 1007 3661 et
1026 3600 1243 3662 ecclesiarum
1266 3601 1401 3663 illarum
1422 3605 1602 3679 proventus
1632 3606 1667 3666 iu
1695 3618 1766 3665 usus

975 3698 1126 3774 proprios
1157 3699 1389 3761 convertentes
1428 3702 1500 3777 post
1531 3702 1662 3779 lapsum
1691 3704 1769 3765 tem·

975 3796 1064 3872 poris
1090 3795 1125 3855 in
1156 3798 1375 3859 Laterauensi
1404 3798 1545 3860 ecclesia
1576 3801 1770 3876 praestituti,

974 3893 1133 3954 ecclesias
1155 3894 1329 3958 conterunt
1350 3896 1469 3973 quibus
1491 3897 1617 3970 volunt,
1643 3900 1678 3959 iu
1700 3914 1774 3962 ves·

973 3991 1061 4053 trum
1089 3991 1121 4052 et
1140 4007 1322 4069 pauperum
1349 3995 1472 4056 Clnisti
1490 4011 1676 4069 gravamen
1707 4008 1778 4058 nen

975 4088 1139 4149 modicum
1172 4091 1206 4151 et
1239 4092 1431 4167 jacturam;
1465 4093 1552 4153 unde
1588 4109 1665 4155 cum
1701 4095 1782 4156 sitis

975 4202 1170 4263 guerrarum
1188 4188 1377 4249 turbinibus
1402 4189 1518 4266 agitati
1543 4208 1603 4268 pro
1627 4208 1667 4253 eo
1689 4182 1795 4270 qurocl

975 4284 1803 4367 ventusvalidusveuiensaregiouedesertiqua‘

975 4384 1051 4446 tuor
1061 4384 1396 4461 angulorumAngliaa
1407 4388 1479 4463 jam
1495 4388 1675 4459 concussit,
1686 4392 1720 4450 et
1734 4388 1818 4450 ci‘

975 4480 1036 4542 bus
1047 4497 1240 4559 praciperum,
1257 4483 1291 4543 et
1305 4498 1344 4543 ea
1358 4500 1431 4560 quae
1442 4483 1600 4546 deberent
1612 4486 1823 4560 proicer?

976 4580 1149 4640 succursui
1161 4583 1272 4641 'l‘errm
1292 4583 1420 4642 Sanctae
1433 4582 1510 4643 data
1523 4582 1590 4643 sint
1608 4582 1643 4642 in
1663 4583 1831 4662 direpl

975 4678 1100 4739 tionem
1120 4678 1265 4740 hostium
1282 4679 1314 4741 et
1329 4680 1364 4739 in
1378 4679 1536 4755 praedam,
1550 4680 1648 4741 nobis
1663 4682 1832 4742 humil

976 4777 1053 4837 liter
1088 4776 1318 4853 supplicastis,
1341 4778 1378 4838 ut
1397 4793 1497 4853 super
1521 4777 1573 4838 liis
1598 4780 1834 4855 providerffl

975 4872 1070 4935 vobis
1080 4872 1341 4933 misericorditer
1352 4873 1577 4949 dignaremur.
1592 4876 1663 4936 Nos
1674 4870 1834 4952 igitut‘

977 4970 1184 5033 attendentes
1196 4971 1273 5047 qnia
1281 4987 1340 5032 vos
1353 4973 1386 5033 et
1397 4972 1456 5032 alii
1467 4972 1588 5034 fratres
1599 4973 1812 5051 hospitali&

976 5069 1257 5146 Jerosolpmitani,
1282 5070 1410 5131 nullum
1432 5070 1821 5148 habetispraeterltol

122 4485 272 4557 alterius,
292 4485 348 4562 qui
382 4501 418 4546 se
448 4486 690 4548 contumaciter
717 4485 918 4560 absentavit,

122 4582 331 4646 contumacia
346 4598 413 4644 non
433 4582 594 4655 obstante,
620 4583 706 4661 quod
731 4583 922 4646 factumest

123 4680 164 4742 ab
196 4682 353 4760 episcopo
389 4696 489 4759 super
516 4681 726 4757 exemptione
754 4682 921 4759 prioratus

123 4777 229 4855 ipsius
253 4782 286 4841 et
305 4780 345 4840 de
370 4778 507 4856 capellis
528 4778 592 4839 sibi
617 4778 774 4856 subjectis
794 4781 827 4842 et
845 4781 922 4843 aliis

123 4877 261 4951 capellis
276 4878 364 4953 plebi
383 4877 560 4939 subtractis
576 4877 819 4940 sententialiter
838 4878 920 4939 irri-

123 4973 218 5045 tavit,
244 4990 342 5051 quam
370 4976 570 5037 seutentiam
591 4992 653 5037 nos
679 4978 787 5038 ratam
800 4979 833 5039 et
859 4978 922 5038 tlr-

124 5087 212 5131 mam
232 5070 403 5144 habentes,
420 5088 493 5135 eam
515 5074 713 5137 auctoritate
731 5075 920 5153 apostolica

124 5168 349 5231 coutirmanus
368 5172 401 5231 et
420 5173 577 5246 praesenti
597 5172 719 5249 pagina
736 5174 923 5234 commuui-

124 5282 208 5327 mus.
229 5266 319 5327 Nulli
336 5283 427 5344 erge,
444 5270 520 5339 etc„
542 5272 664 5333 nostrae
691 5271 921 5334 conlirmatio-

124 5365 188 5436 nis,
202 5366 290 5426 etc...
312 5365 346 5425 Si
371 5366 445 5443 quis
467 5371 589 5441 autem,
606 5369 694 5430 etc...
718 5372 836 5431 Datum
851 5373 920 5431 La-

124 5462 244 5533 terani,
273 5462 348 5523 idus
375 5464 541 5540 januarii,
570 5466 782 5542 pontiticatus
815 5468 920 5531 nostri

124 5576 212 5624 anilo
228 5559 345 5637 primo.

1012 5216 1053 5291 (l)
1073 5217 1163 5278 Valde
1185 5218 1355 5276 blendsoum
1378 5226 1421 5277 est
1444 5220 1668 5293 blanuseriptum
1691 5220 1795 5295 lunio&

976 5290 1124 5363 Epistola,
1146 5292 1183 5346 ita
1206 5298 1237 5348 ut
1255 5290 1332 5347 lraud
1355 5289 1437 5347 salute
1456 5304 1559 5349 seusus
1580 5308 1616 5365 ap
1638 5292 1772 5351 calceradi-

976 5368 1029 5419 tur.
1052 5360 1121 5418 idco
1141 5362 1213 5417 inter
1235 5362 1334 5418 olicias
1356 5360 1516 5420 addidimus
1536 5380 1606 5434 pecs
1628 5380 1674 5420 am
1697 5378 1774 5421 voces

975 5447 1039 5504 qum
1050 5446 1066 5488 a
1079 5432 1171 5488 scriba
1184 5432 1229 5488 vel
1241 5434 1437 5503 praetercursa
1450 5435 1495 5490 vel
1524 5438 1665 5491 truncate
1676 5435 1770 5490 citau-

974 5508 1034 5569 tcc,
1052 5516 1087 5559 ac
1102 5500 1219 5574 proinde
1237 5504 1328 5575 priruo
1344 5504 1447 5560 lenitur
1462 5505 1647 5577 lianoseripti
1666 5513 1770 5574 textus,

975 5582 1003 5632 et
1018 5574 1091 5632 irater
1105 5570 1232 5647 oricias[
1304 5573 1315 5649 ]
1334 5546 1493 5635 auditiones
1507 5583 1630 5634 nostras.
