<?xml version="1.0" encoding="UTF-8"?>
<!DOCTYPE html PUBLIC "-//W3C//DTD XHTML 1.0 Transitional//EN"
    "http://www.w3.org/TR/xhtml1/DTD/xhtml1-transitional.dtd">
<html xmlns="http://www.w3.org/1999/xhtml" xml:lang="en" lang="en">
 <head>
  <title>
</title>
<meta http-equiv="Content-Type" content="text/html;charset=utf-8" />
  <meta name='ocr-system' content='tesseract 3.04.00' />
  <meta name='ocr-capabilities' content='ocr_page ocr_carea ocr_par ocr_line ocrx_word'/>
</head>
<body>
  <div class='ocr_page' id='page_1' title='image "./mediiaevibiblio02horogoog_0403.png"; bbox 0 0 3802 6166; ppageno 0'>
   <div class='ocr_carea' id='block_1_1' title="bbox 140 226 201 287">
    <p class='ocr_par' dir='ltr' id='par_1_1' title="bbox 140 226 201 287">
     <span class='ocr_line' id='line_1_1' title="bbox 140 226 201 287; baseline 0 0"><span class='ocrx_word' id='word_1_1' title='bbox 140 226 201 287; x_wconf 68' lang='grc'><strong>323</strong></span> 
     </span>
    </p>
   </div>
   <div class='ocr_carea' id='block_1_2' title="bbox 137 374 938 1244">
    <p class='ocr_par' dir='ltr' id='par_1_2' title="bbox 137 374 938 1244">
     <span class='ocr_line' id='line_1_2' title="bbox 140 374 938 465; baseline -0.015 -14"><span class='ocrx_word' id='word_1_2' title='bbox 140 382 313 465; x_wconf 73' lang='lat' dir='ltr'>agriensis</span> <span class='ocrx_word' id='word_1_3' title='bbox 328 379 506 459; x_wconf 86' lang='lat' dir='ltr'>episcopus</span> <span class='ocrx_word' id='word_1_4' title='bbox 526 376 568 441; x_wconf 89' lang='lat' dir='ltr'><strong>ad</strong></span> <span class='ocrx_word' id='word_1_5' title='bbox 584 374 801 455; x_wconf 85' lang='lat' dir='ltr'>supplendum</span> <span class='ocrx_word' id='word_1_6' title='bbox 816 376 938 439; x_wconf 82' lang='lat' dir='ltr'>vestrae</span> 
     </span>
     <span class='ocr_line' id='line_1_3' title="bbox 140 474 938 552; baseline -0.014 -4"><span class='ocrx_word' id='word_1_7' title='bbox 140 498 266 548; x_wconf 86' lang='lat' dir='ltr'>mensae</span> <span class='ocrx_word' id='word_1_8' title='bbox 287 478 467 548; x_wconf 87' lang='lat' dir='ltr'>defectum,</span> <span class='ocrx_word' id='word_1_9' title='bbox 488 475 583 538; x_wconf 88' lang='lat' dir='ltr'>vobis</span> <span class='ocrx_word' id='word_1_10' title='bbox 605 475 661 552; x_wconf 87' lang='lat' dir='ltr'><strong>pia</strong></span> <span class='ocrx_word' id='word_1_11' title='bbox 680 474 882 537; x_wconf 90' lang='lat' dir='ltr'>liberalitate</span> <span class='ocrx_word' id='word_1_12' title='bbox 905 477 938 537; x_wconf 88' lang='lat' dir='ltr'><strong>et</strong></span> 
     </span>
     <span class='ocr_line' id='line_1_4' title="bbox 141 573 937 663; baseline -0.011 -18"><span class='ocrx_word' id='word_1_13' title='bbox 141 582 281 663; x_wconf 78' lang='lat' dir='ltr'>provida</span> <span class='ocrx_word' id='word_1_14' title='bbox 304 576 543 640; x_wconf 78' lang='lat' dir='ltr'>deliberatione</span> <span class='ocrx_word' id='word_1_15' title='bbox 565 573 740 645; x_wconf 75' lang='lat' dir='ltr'>concessit,</span> <span class='ocrx_word' id='word_1_16' title='bbox 769 574 856 635; x_wconf 89' lang='lat' dir='ltr'>sicut</span> <span class='ocrx_word' id='word_1_17' title='bbox 879 590 937 636; x_wconf 89' lang='grc'><strong>666</strong></span> 
     </span>
     <span class='ocr_line' id='line_1_5' title="bbox 137 672 936 761; baseline -0.013 -17"><span class='ocrx_word' id='word_1_18' title='bbox 137 684 226 761; x_wconf 87' lang='lat' dir='ltr'>juste</span> <span class='ocrx_word' id='word_1_19' title='bbox 241 696 281 741; x_wconf 89' lang='lat' dir='ltr'><strong>ac</strong></span> <span class='ocrx_word' id='word_1_20' title='bbox 293 675 430 755; x_wconf 77' lang='lat' dir='ltr'>pacifice</span> <span class='ocrx_word' id='word_1_21' title='bbox 443 672 632 751; x_wconf 90' lang='lat' dir='ltr'>possidetis,</span> <span class='ocrx_word' id='word_1_22' title='bbox 649 672 743 734; x_wconf 85' lang='lat' dir='ltr'>vobis</span> <span class='ocrx_word' id='word_1_23' title='bbox 757 675 790 733; x_wconf 89' lang='lat' dir='ltr'><strong>et</strong></span> <span class='ocrx_word' id='word_1_24' title='bbox 803 688 863 749; x_wconf 88' lang='lat' dir='ltr'><strong>per</strong></span> <span class='ocrx_word' id='word_1_25' title='bbox 876 688 936 734; x_wconf 87' lang='grc'><strong>666</strong></span> 
     </span>
     <span class='ocr_line' id='line_1_6' title="bbox 139 771 938 847; baseline -0.014 -4"><span class='ocrx_word' id='word_1_26' title='bbox 139 778 290 843; x_wconf 86' lang='lat' dir='ltr'>ecclesiae</span> <span class='ocrx_word' id='word_1_27' title='bbox 304 774 425 837; x_wconf 80' lang='lat' dir='ltr'>vestrae</span> <span class='ocrx_word' id='word_1_28' title='bbox 440 772 640 834; x_wconf 88' lang='lat' dir='ltr'>auctoritate</span> <span class='ocrx_word' id='word_1_29' title='bbox 653 771 844 847; x_wconf 80' lang='lat' dir='ltr'>apostolica</span> <span class='ocrx_word' id='word_1_30' title='bbox 861 787 938 833; x_wconf 90' lang='lat' dir='ltr'>con-</span> 
     </span>
     <span class='ocr_line' id='line_1_7' title="bbox 139 869 935 949; baseline -0.01 -10"><span class='ocrx_word' id='word_1_31' title='bbox 139 879 320 946; x_wconf 87' lang='lat' dir='ltr'>firmamus,</span> <span class='ocrx_word' id='word_1_32' title='bbox 347 874 380 934; x_wconf 89' lang='grc'><strong>61</strong></span> <span class='ocrx_word' id='word_1_33' title='bbox 408 869 582 949; x_wconf 76' lang='lat' dir='ltr'>praesentis</span> <span class='ocrx_word' id='word_1_34' title='bbox 608 869 723 947; x_wconf 88' lang='lat' dir='ltr'>scripti</span> <span class='ocrx_word' id='word_1_35' title='bbox 750 869 935 946; x_wconf 87' lang='lat' dir='ltr'>patrocinio</span> 
     </span>
     <span class='ocr_line' id='line_1_8' title="bbox 139 969 935 1045; baseline -0.014 -6"><span class='ocrx_word' id='word_1_36' title='bbox 139 972 393 1039; x_wconf 86' lang='lat' dir='ltr'>communimus.</span> <span class='ocrx_word' id='word_1_37' title='bbox 409 969 503 1031; x_wconf 87' lang='lat' dir='ltr'>Nulli</span> <span class='ocrx_word' id='word_1_38' title='bbox 524 984 616 1045; x_wconf 89' lang='lat' dir='ltr'>ergo,</span> <span class='ocrx_word' id='word_1_39' title='bbox 633 971 695 1031; x_wconf 89' lang='lat' dir='ltr'>etc.</span> <span class='ocrx_word' id='word_1_40' title='bbox 711 969 835 1029; x_wconf 87' lang='lat' dir='ltr'>nostrae</span> <span class='ocrx_word' id='word_1_41' title='bbox 849 983 935 1031; x_wconf 89' lang='lat' dir='ltr'>con-</span> 
     </span>
     <span class='ocr_line' id='line_1_9' title="bbox 138 1067 935 1145; baseline -0.01 -9"><span class='ocrx_word' id='word_1_42' title='bbox 138 1070 349 1141; x_wconf 90' lang='lat' dir='ltr'>firmationis,</span> <span class='ocrx_word' id='word_1_43' title='bbox 373 1071 435 1131; x_wconf 90' lang='lat' dir='ltr'>etc.</span> <span class='ocrx_word' id='word_1_44' title='bbox 461 1067 496 1130; x_wconf 88' lang='lat' dir='ltr'><strong>Si</strong></span> <span class='ocrx_word' id='word_1_45' title='bbox 507 1068 581 1145; x_wconf 85' lang='lat' dir='ltr'>quis</span> <span class='ocrx_word' id='word_1_46' title='bbox 596 1068 720 1139; x_wconf 90' lang='lat' dir='ltr'>autem,</span> <span class='ocrx_word' id='word_1_47' title='bbox 737 1067 799 1127; x_wconf 91' lang='grc'><strong>616.</strong></span> <span class='ocrx_word' id='word_1_48' title='bbox 815 1068 935 1128; x_wconf 89' lang='lat' dir='ltr'>Datum</span> 
     </span>
     <span class='ocr_line' id='line_1_10' title="bbox 138 1165 936 1244; baseline -0.011 -8"><span class='ocrx_word' id='word_1_49' title='bbox 138 1170 306 1242; x_wconf 83' lang='lat' dir='ltr'>Laterani,</span> <span class='ocrx_word' id='word_1_50' title='bbox 318 1170 379 1231; x_wconf 88' lang='lat' dir='ltr'><strong>Vll</strong></span> <span class='ocrx_word' id='word_1_51' title='bbox 390 1168 465 1229; x_wconf 90' lang='lat' dir='ltr'>idus</span> <span class='ocrx_word' id='word_1_52' title='bbox 473 1165 598 1239; x_wconf 90' lang='lat' dir='ltr'>martii,</span> <span class='ocrx_word' id='word_1_53' title='bbox 610 1165 820 1244; x_wconf 87' lang='lat' dir='ltr'>pontificatus</span> <span class='ocrx_word' id='word_1_54' title='bbox 829 1166 936 1228; x_wconf 83' lang='lat' dir='ltr'>nostri</span> 
     </span>
    </p>
   </div>
   <div class='ocr_carea' id='block_1_3' title="bbox 138 1268 361 1347">
    <p class='ocr_par' dir='ltr' id='par_1_3' title="bbox 138 1268 361 1347">
     <span class='ocr_line' id='line_1_11' title="bbox 138 1268 361 1347; baseline -0.022 -14"><span class='ocrx_word' id='word_1_55' title='bbox 138 1286 227 1334; x_wconf 89' lang='lat' dir='ltr'>auno</span> <span class='ocrx_word' id='word_1_56' title='bbox 242 1268 361 1347; x_wconf 87' lang='grc'><strong>66166.</strong></span> 
     </span>
    </p>
   </div>
   <div class='ocr_carea' id='block_1_4' title="bbox 471 1451 597 1539">
    <p class='ocr_par' dir='ltr' id='par_1_4' title="bbox 471 1451 597 1539">
     <span class='ocr_line' id='line_1_12' title="bbox 471 1451 597 1539; baseline -0.016 0"><span class='ocrx_word' id='word_1_57' title='bbox 471 1451 597 1539; x_wconf 79' lang='lat' dir='ltr'>adbit</span> 
     </span>
    </p>
   </div>
   <div class='ocr_carea' id='block_1_5' title="bbox 136 1596 935 1770">
    <p class='ocr_par' dir='ltr' id='par_1_5' title="bbox 136 1596 935 1770">
     <span class='ocr_line' id='line_1_13' title="bbox 136 1596 935 1685; baseline -0.009 -22"><span class='ocrx_word' id='word_1_58' title='bbox 136 1604 188 1664; x_wconf 80' lang='lat' dir='ltr'><strong>Ad</strong></span> <span class='ocrx_word' id='word_1_59' title='bbox 203 1600 498 1672; x_wconf 68' lang='lat' dir='ltr'>archiepiscopum</span> <span class='ocrx_word' id='word_1_60' title='bbox 520 1596 554 1657; x_wconf 85' lang='lat' dir='ltr'><strong>et</strong></span> <span class='ocrx_word' id='word_1_61' title='bbox 572 1597 852 1685; x_wconf 83' lang='lat' dir='ltr'>arcbtdiaconom</span> <span class='ocrx_word' id='word_1_62' title='bbox 866 1598 935 1657; x_wconf 82' lang='lat' dir='ltr'>lte-</span> 
     </span>
     <span class='ocr_line' id='line_1_14' title="bbox 175 1702 889 1770; baseline -0.01 -1"><span class='ocrx_word' id='word_1_63' title='bbox 175 1708 253 1770; x_wconf 80' lang='lat' dir='ltr'>dett.</span> <span class='ocrx_word' id='word_1_64' title='bbox 272 1706 306 1768; x_wconf 88' lang='grc'><strong>61</strong></span> <span class='ocrx_word' id='word_1_65' title='bbox 320 1704 505 1766; x_wconf 80' lang='lat' dir='ltr'>sacristam</span> <span class='ocrx_word' id='word_1_66' title='bbox 523 1705 558 1762; x_wconf 86' lang='lat' dir='ltr'><strong>S.</strong></span> <span class='ocrx_word' id='word_1_67' title='bbox 575 1704 678 1763; x_wconf 78' lang='lat' dir='ltr'>Patdt</span> <span class='ocrx_word' id='word_1_68' title='bbox 692 1702 889 1763; x_wconf 78' lang='lat' dir='ltr'>Narboaeit.</span> 
     </span>
    </p>
   </div>
   <div class='ocr_carea' id='block_1_6' title="bbox 167 1824 900 2002">
    <p class='ocr_par' dir='ltr' id='par_1_6' title="bbox 167 1824 900 2002">
     <span class='ocr_line' id='line_1_15' title="bbox 421 1824 647 1882; baseline -0.004 0"><span class='ocrx_word' id='word_1_69' title='bbox 421 1826 452 1882; x_wconf 91' lang='lat' dir='ltr'><strong>il</strong></span> <span class='ocrx_word' id='word_1_70' title='bbox 470 1831 553 1881; x_wconf 85' lang='grc'><strong>111611.</strong></span> <span class='ocrx_word' id='word_1_71' title='bbox 569 1824 647 1882; x_wconf 74' lang='lat' dir='ltr'>itit.</span> 
     </span>
     <span class='ocr_line' id='line_1_16' title="bbox 167 1929 900 2002; baseline -0.012 -13"><span class='ocrx_word' id='word_1_72' title='bbox 167 1936 279 2002; x_wconf 84' lang='lat' dir='ltr'>[Regest.</span> <span class='ocrx_word' id='word_1_73' title='bbox 292 1933 337 1984; x_wconf 90' lang='lat' dir='ltr'>lib.</span> <span class='ocrx_word' id='word_1_74' title='bbox 351 1933 369 1991; x_wconf 95' lang='lat' dir='ltr'><strong>l,</strong></span> <span class='ocrx_word' id='word_1_75' title='bbox 385 1931 460 1997; x_wconf 88' lang='lat' dir='ltr'>epist.</span> <span class='ocrx_word' id='word_1_76' title='bbox 473 1930 529 1981; x_wconf 80' lang='grc'><strong>308.</strong></span> <span class='ocrx_word' id='word_1_77' title='bbox 545 1931 602 1983; x_wconf 86' lang='grc'><strong>1166.</strong></span> <span class='ocrx_word' id='word_1_78' title='bbox 616 1932 652 1981; x_wconf 88' lang='lat' dir='ltr'><strong>La</strong></span> <span class='ocrx_word' id='word_1_79' title='bbox 663 1931 740 1981; x_wconf 83' lang='lat' dir='ltr'>Porta</span> <span class='ocrx_word' id='word_1_80' title='bbox 758 1929 793 1981; x_wconf 87' lang='lat' dir='ltr'><strong>du</strong></span> <span class='ocrx_word' id='word_1_81' title='bbox 805 1930 900 1997; x_wconf 80' lang='lat' dir='ltr'>Theti]</span> 
     </span>
    </p>
   </div>
   <div class='ocr_carea' id='block_1_7' title="bbox 134 2057 931 2312">
    <p class='ocr_par' dir='ltr' id='par_1_7' title="bbox 134 2057 931 2312">
     <span class='ocr_line' id='line_1_17' title="bbox 134 2057 931 2134; baseline -0.008 -11"><span class='ocrx_word' id='word_1_82' title='bbox 134 2064 171 2123; x_wconf 87' lang='lat' dir='ltr'><strong>Ut</strong></span> <span class='ocrx_word' id='word_1_83' title='bbox 199 2061 305 2121; x_wconf 87' lang='grc'><strong>1661661</strong></span> <span class='ocrx_word' id='word_1_84' title='bbox 329 2059 468 2134; x_wconf 75' lang='lat' dir='ltr'>iustitiam</span> <span class='ocrx_word' id='word_1_85' title='bbox 489 2057 526 2116; x_wconf 90' lang='lat' dir='ltr'><strong>de</strong></span> <span class='ocrx_word' id='word_1_86' title='bbox 549 2058 664 2130; x_wconf 84' lang='lat' dir='ltr'>querela</span> <span class='ocrx_word' id='word_1_87' title='bbox 688 2059 821 2117; x_wconf 85' lang='lat' dir='ltr'>Elnensis</span> <span class='ocrx_word' id='word_1_88' title='bbox 848 2058 931 2117; x_wconf 89' lang='lat' dir='ltr'>electi</span> 
     </span>
     <span class='ocr_line' id='line_1_18' title="bbox 170 2148 931 2210; baseline -0.004 0"><span class='ocrx_word' id='word_1_89' title='bbox 170 2151 307 2210; x_wconf 85' lang='lat' dir='ltr'>adversus</span> <span class='ocrx_word' id='word_1_90' title='bbox 317 2150 449 2207; x_wconf 84' lang='lat' dir='ltr'>abbatem</span> <span class='ocrx_word' id='word_1_91' title='bbox 460 2155 488 2206; x_wconf 92' lang='lat' dir='ltr'><strong>et</strong></span> <span class='ocrx_word' id='word_1_92' title='bbox 497 2156 670 2205; x_wconf 87' lang='lat' dir='ltr'>conventum</span> <span class='ocrx_word' id='word_1_93' title='bbox 685 2149 714 2207; x_wconf 89' lang='lat' dir='ltr'><strong>S.</strong></span> <span class='ocrx_word' id='word_1_94' title='bbox 732 2149 881 2208; x_wconf 85' lang='lat' dir='ltr'>blicbaelis</span> <span class='ocrx_word' id='word_1_95' title='bbox 895 2148 931 2207; x_wconf 88' lang='lat' dir='ltr'><strong>de</strong></span> 
     </span>
     <span class='ocr_line' id='line_1_19' title="bbox 169 2236 730 2312; baseline -0.011 -10"><span class='ocrx_word' id='word_1_96' title='bbox 169 2242 276 2302; x_wconf 81' lang='lat' dir='ltr'>Conau.</span> <span class='ocrx_word' id='word_1_97' title='bbox 292 2246 320 2297; x_wconf 92' lang='lat' dir='ltr'><strong>et</strong></span> <span class='ocrx_word' id='word_1_98' title='bbox 331 2239 402 2297; x_wconf 90' lang='lat' dir='ltr'>alios</span> <span class='ocrx_word' id='word_1_99' title='bbox 417 2236 559 2311; x_wconf 86' lang='lat' dir='ltr'>quosdam</span> <span class='ocrx_word' id='word_1_100' title='bbox 568 2238 730 2312; x_wconf 87' lang='lat' dir='ltr'>religiosos.</span> 
     </span>
    </p>
   </div>
   <div class='ocr_carea' id='block_1_8' title="bbox 24 2382 931 4633">
    <p class='ocr_par' dir='ltr' id='par_1_8' title="bbox 130 2382 931 2645">
     <span class='ocr_line' id='line_1_20' title="bbox 172 2382 931 2458; baseline -0.004 -9"><span class='ocrx_word' id='word_1_101' title='bbox 172 2386 352 2458; x_wconf 85' lang='lat' dir='ltr'>Honorius,</span> <span class='ocrx_word' id='word_1_102' title='bbox 373 2385 449 2457; x_wconf 91' lang='grc'><strong>616.,</strong></span> <span class='ocrx_word' id='word_1_103' title='bbox 470 2383 655 2446; x_wconf 88' lang='lat' dir='ltr'>venerabili</span> <span class='ocrx_word' id='word_1_104' title='bbox 676 2382 773 2446; x_wconf 90' lang='lat' dir='ltr'>fratri</span> <span class='ocrx_word' id='word_1_105' title='bbox 796 2385 931 2446; x_wconf 89' lang='lat' dir='ltr'>archie-</span> 
     </span>
     <span class='ocr_line' id='line_1_21' title="bbox 131 2482 926 2563; baseline 0 -18"><span class='ocrx_word' id='word_1_106' title='bbox 131 2486 266 2563; x_wconf 90' lang='lat' dir='ltr'>piscopo</span> <span class='ocrx_word' id='word_1_107' title='bbox 278 2487 311 2546; x_wconf 93' lang='grc'><strong>61</strong></span> <span class='ocrx_word' id='word_1_108' title='bbox 321 2483 451 2545; x_wconf 86' lang='grc'><strong>(11166116</strong></span> <span class='ocrx_word' id='word_1_109' title='bbox 463 2484 540 2543; x_wconf 87' lang='grc'><strong>111116</strong></span> <span class='ocrx_word' id='word_1_110' title='bbox 554 2482 790 2544; x_wconf 89' lang='lat' dir='ltr'>archidiacono</span> <span class='ocrx_word' id='word_1_111' title='bbox 801 2484 926 2545; x_wconf 88' lang='lat' dir='ltr'>Reden.</span> 
     </span>
     <span class='ocr_line' id='line_1_22' title="bbox 130 2580 764 2645; baseline -0.006 0"><span class='ocrx_word' id='word_1_112' title='bbox 130 2586 163 2645; x_wconf 92' lang='lat' dir='ltr'><strong>et</strong></span> <span class='ocrx_word' id='word_1_113' title='bbox 178 2584 327 2645; x_wconf 89' lang='lat' dir='ltr'>sacristae</span> <span class='ocrx_word' id='word_1_114' title='bbox 340 2581 446 2644; x_wconf 89' lang='lat' dir='ltr'>sancti</span> <span class='ocrx_word' id='word_1_115' title='bbox 463 2580 558 2641; x_wconf 89' lang='lat' dir='ltr'>Pauli</span> <span class='ocrx_word' id='word_1_116' title='bbox 573 2580 764 2641; x_wconf 90' lang='lat' dir='ltr'>Narbonen.</span> 
     </span>
    </p>

    <p class='ocr_par' dir='ltr' id='par_1_9' title="bbox 24 2678 928 4633">
     <span class='ocr_line' id='line_1_23' title="bbox 171 2678 925 2754; baseline -0.003 -12"><span class='ocrx_word' id='word_1_117' title='bbox 171 2681 347 2754; x_wconf 90' lang='lat' dir='ltr'>Querelam</span> <span class='ocrx_word' id='word_1_118' title='bbox 382 2679 494 2740; x_wconf 92' lang='lat' dir='ltr'>dilecti</span> <span class='ocrx_word' id='word_1_119' title='bbox 530 2678 628 2739; x_wconf 89' lang='grc'><strong>11111...</strong></span> <span class='ocrx_word' id='word_1_120' title='bbox 666 2678 763 2740; x_wconf 89' lang='grc'><strong>616611</strong></span> <span class='ocrx_word' id='word_1_121' title='bbox 795 2678 925 2752; x_wconf 78' lang='grc'><strong>111666,</strong></span> 
     </span>
     <span class='ocr_line' id='line_1_24' title="bbox 128 2775 928 2857; baseline -0.003 -16"><span class='ocrx_word' id='word_1_122' title='bbox 128 2781 315 2857; x_wconf 85' lang='lat' dir='ltr'>recepimus</span> <span class='ocrx_word' id='word_1_123' title='bbox 329 2777 563 2848; x_wconf 88' lang='lat' dir='ltr'>continentem,</span> <span class='ocrx_word' id='word_1_124' title='bbox 579 2775 666 2853; x_wconf 84' lang='lat' dir='ltr'>quod</span> <span class='ocrx_word' id='word_1_125' title='bbox 680 2776 783 2837; x_wconf 88' lang='lat' dir='ltr'>abbas</span> <span class='ocrx_word' id='word_1_126' title='bbox 794 2779 832 2839; x_wconf 89' lang='grc'><strong>61</strong></span> <span class='ocrx_word' id='word_1_127' title='bbox 846 2793 928 2839; x_wconf 91' lang='grc'><strong>666-</strong></span> 
     </span>
     <span class='ocr_line' id='line_1_25' title="bbox 128 2873 926 2952; baseline -0.003 -14"><span class='ocrx_word' id='word_1_128' title='bbox 128 2878 248 2939; x_wconf 89' lang='grc'><strong>666166</strong></span> <span class='ocrx_word' id='word_1_129' title='bbox 259 2876 365 2937; x_wconf 87' lang='grc'><strong>666611</strong></span> <span class='ocrx_word' id='word_1_130' title='bbox 376 2874 550 2935; x_wconf 86' lang='lat' dir='ltr'>Michaelis</span> <span class='ocrx_word' id='word_1_131' title='bbox 563 2873 603 2934; x_wconf 93' lang='lat' dir='ltr'><strong>de</strong></span> <span class='ocrx_word' id='word_1_132' title='bbox 614 2875 738 2935; x_wconf 85' lang='lat' dir='ltr'>coxan.</span> <span class='ocrx_word' id='word_1_133' title='bbox 750 2875 926 2952; x_wconf 81' lang='lat' dir='ltr'>etquidem</span> 
     </span>
     <span class='ocr_line' id='line_1_26' title="bbox 129 2971 925 3050; baseline 0 -15"><span class='ocrx_word' id='word_1_134' title='bbox 129 2975 188 3036; x_wconf 93' lang='grc'><strong>6111</strong></span> <span class='ocrx_word' id='word_1_135' title='bbox 214 2973 365 3049; x_wconf 76' lang='lat' dir='ltr'>religiosi</span> <span class='ocrx_word' id='word_1_136' title='bbox 381 2972 496 3033; x_wconf 85' lang='lat' dir='ltr'>Elnen.</span> <span class='ocrx_word' id='word_1_137' title='bbox 516 2971 680 3050; x_wconf 86' lang='lat' dir='ltr'>dioecesis,</span> <span class='ocrx_word' id='word_1_138' title='bbox 697 2975 925 3035; x_wconf 89' lang='lat' dir='ltr'>usurarorium</span> 
     </span>
     <span class='ocr_line' id='line_1_27' title="bbox 129 3071 925 3148; baseline -0.001 -13"><span class='ocrx_word' id='word_1_139' title='bbox 129 3075 163 3135; x_wconf 87' lang='grc'><strong>61</strong></span> <span class='ocrx_word' id='word_1_140' title='bbox 187 3071 550 3134; x_wconf 87' lang='lat' dir='ltr'>excommunicatorum</span> <span class='ocrx_word' id='word_1_141' title='bbox 583 3086 724 3148; x_wconf 89' lang='lat' dir='ltr'>corpora</span> <span class='ocrx_word' id='word_1_142' title='bbox 756 3071 925 3135; x_wconf 88' lang='lat' dir='ltr'>tradentes</span> 
     </span>
     <span class='ocr_line' id='line_1_28' title="bbox 128 3169 925 3248; baseline 0 -15"><span class='ocrx_word' id='word_1_143' title='bbox 128 3169 366 3233; x_wconf 88' lang='lat' dir='ltr'>ecclesiasticae</span> <span class='ocrx_word' id='word_1_144' title='bbox 402 3169 597 3246; x_wconf 89' lang='lat' dir='ltr'>sepulturae,</span> <span class='ocrx_word' id='word_1_145' title='bbox 623 3169 660 3230; x_wconf 94' lang='grc'><strong>16</strong></span> <span class='ocrx_word' id='word_1_146' title='bbox 692 3169 925 3248; x_wconf 75' lang='lat' dir='ltr'>praejudicium</span> 
     </span>
     <span class='ocr_line' id='line_1_29' title="bbox 128 3267 921 3343; baseline -0.003 -12"><span class='ocrx_word' id='word_1_147' title='bbox 128 3270 244 3332; x_wconf 85' lang='lat' dir='ltr'>Elnen.</span> <span class='ocrx_word' id='word_1_148' title='bbox 260 3268 420 3340; x_wconf 90' lang='lat' dir='ltr'>ecclesiae,</span> <span class='ocrx_word' id='word_1_149' title='bbox 435 3269 467 3329; x_wconf 91' lang='lat' dir='ltr'><strong>et</strong></span> <span class='ocrx_word' id='word_1_150' title='bbox 480 3267 674 3327; x_wconf 89' lang='lat' dir='ltr'>scandalum</span> <span class='ocrx_word' id='word_1_151' title='bbox 689 3267 921 3343; x_wconf 91' lang='lat' dir='ltr'>plurimorum,</span> 
     </span>
     <span class='ocr_line' id='line_1_30' title="bbox 128 3365 923 3442; baseline -0.003 -12"><span class='ocrx_word' id='word_1_152' title='bbox 128 3365 923 3442; x_wconf 86' lang='lat' dir='ltr'>sacerdotesinstituuntiuquibusdamecclesiis</span> 
     </span>
     <span class='ocr_line' id='line_1_31' title="bbox 127 3463 922 3545; baseline 0 -19"><span class='ocrx_word' id='word_1_153' title='bbox 127 3482 200 3545; x_wconf 84' lang='lat' dir='ltr'>quae</span> <span class='ocrx_word' id='word_1_154' title='bbox 215 3465 255 3526; x_wconf 89' lang='lat' dir='ltr'><strong>ad</strong></span> <span class='ocrx_word' id='word_1_155' title='bbox 271 3480 328 3526; x_wconf 92' lang='lat' dir='ltr'><strong>eos</strong></span> <span class='ocrx_word' id='word_1_156' title='bbox 341 3464 438 3541; x_wconf 92' lang='lat' dir='ltr'>pleno</span> <span class='ocrx_word' id='word_1_157' title='bbox 445 3465 523 3540; x_wconf 90' lang='lat' dir='ltr'>jure</span> <span class='ocrx_word' id='word_1_158' title='bbox 535 3478 602 3524; x_wconf 92' lang='grc'><strong>666</strong></span> <span class='ocrx_word' id='word_1_159' title='bbox 616 3463 794 3539; x_wconf 91' lang='grc'><strong>666116661,</strong></span> <span class='ocrx_word' id='word_1_160' title='bbox 807 3480 922 3527; x_wconf 89' lang='grc'><strong>66666</strong></span> 
     </span>
     <span class='ocr_line' id='line_1_32' title="bbox 125 3561 922 3640; baseline -0.001 -15"><span class='ocrx_word' id='word_1_161' title='bbox 125 3563 317 3640; x_wconf 85' lang='lat' dir='ltr'>irrequisito</span> <span class='ocrx_word' id='word_1_162' title='bbox 348 3578 488 3623; x_wconf 91' lang='lat' dir='ltr'>assensu</span> <span class='ocrx_word' id='word_1_163' title='bbox 512 3561 568 3639; x_wconf 90' lang='grc'><strong>661</strong></span> <span class='ocrx_word' id='word_1_164' title='bbox 591 3561 688 3623; x_wconf 90' lang='lat' dir='ltr'>debet</span> <span class='ocrx_word' id='word_1_165' title='bbox 706 3562 842 3639; x_wconf 85' lang='lat' dir='ltr'>dejure</span> <span class='ocrx_word' id='word_1_166' title='bbox 865 3579 922 3625; x_wconf 91' lang='lat' dir='ltr'><strong>re-</strong></span> 
     </span>
     <span class='ocr_line' id='line_1_33' title="bbox 126 3660 922 3739; baseline 0.003 -18"><span class='ocrx_word' id='word_1_167' title='bbox 126 3661 213 3739; x_wconf 81' lang='lat' dir='ltr'>quiri</span> <span class='ocrx_word' id='word_1_168' title='bbox 228 3661 342 3721; x_wconf 87' lang='grc'><strong>666166</strong></span> <span class='ocrx_word' id='word_1_169' title='bbox 358 3660 479 3721; x_wconf 89' lang='grc'><strong>6161616</strong></span> <span class='ocrx_word' id='word_1_170' title='bbox 493 3660 692 3721; x_wconf 88' lang='lat' dir='ltr'>Lateranen.</span> <span class='ocrx_word' id='word_1_171' title='bbox 705 3660 850 3729; x_wconf 91' lang='lat' dir='ltr'>concilii,</span> <span class='ocrx_word' id='word_1_172' title='bbox 863 3677 922 3738; x_wconf 90' lang='lat' dir='ltr'><strong>pro</strong></span> 
     </span>
     <span class='ocr_line' id='line_1_34' title="bbox 126 3757 920 3832; baseline 0.001 -13"><span class='ocrx_word' id='word_1_173' title='bbox 126 3776 195 3820; x_wconf 87' lang='lat' dir='ltr'><strong>suae</strong></span> <span class='ocrx_word' id='word_1_174' title='bbox 211 3757 304 3818; x_wconf 93' lang='lat' dir='ltr'>libito</span> <span class='ocrx_word' id='word_1_175' title='bbox 319 3757 519 3832; x_wconf 81' lang='lat' dir='ltr'>voluntatis3</span> <span class='ocrx_word' id='word_1_176' title='bbox 536 3757 622 3817; x_wconf 89' lang='grc'><strong>61166</strong></span> <span class='ocrx_word' id='word_1_177' title='bbox 637 3757 753 3818; x_wconf 90' lang='grc' dir='ltr'><strong>Ε1666.</strong></span> <span class='ocrx_word' id='word_1_178' title='bbox 771 3759 920 3820; x_wconf 85' lang='lat' dir='ltr'>ecclesiae</span> 
     </span>
     <span class='ocr_line' id='line_1_35' title="bbox 125 3854 920 3933; baseline 0.003 -16"><span class='ocrx_word' id='word_1_179' title='bbox 125 3872 225 3933; x_wconf 90' lang='grc'><strong>66666</strong></span> <span class='ocrx_word' id='word_1_180' title='bbox 240 3854 443 3925; x_wconf 88' lang='lat' dir='ltr'>mortuariis,</span> <span class='ocrx_word' id='word_1_181' title='bbox 461 3855 762 3930; x_wconf 84' lang='lat' dir='ltr'>procurationibus,</span> <span class='ocrx_word' id='word_1_182' title='bbox 775 3856 808 3918; x_wconf 89' lang='lat' dir='ltr'><strong>et</strong></span> <span class='ocrx_word' id='word_1_183' title='bbox 822 3856 920 3919; x_wconf 90' lang='lat' dir='ltr'>rebus</span> 
     </span>
     <span class='ocr_line' id='line_1_36' title="bbox 125 3951 919 4028; baseline 0.001 -13"><span class='ocrx_word' id='word_1_184' title='bbox 125 3954 201 4015; x_wconf 89' lang='lat' dir='ltr'>aliis</span> <span class='ocrx_word' id='word_1_185' title='bbox 216 3968 335 4027; x_wconf 78' lang='lat' dir='ltr'>graves</span> <span class='ocrx_word' id='word_1_186' title='bbox 350 3952 383 4013; x_wconf 87' lang='lat' dir='ltr'><strong>et</strong></span> <span class='ocrx_word' id='word_1_187' title='bbox 398 3951 552 4028; x_wconf 89' lang='lat' dir='ltr'>injuriosi</span> <span class='ocrx_word' id='word_1_188' title='bbox 568 3951 747 4028; x_wconf 90' lang='lat' dir='ltr'>plurimum</span> <span class='ocrx_word' id='word_1_189' title='bbox 768 3954 919 4017; x_wconf 80' lang='lat' dir='ltr'>existen·</span> 
     </span>
     <span class='ocr_line' id='line_1_37' title="bbox 123 4047 921 4129; baseline 0.003 -17"><span class='ocrx_word' id='word_1_190' title='bbox 123 4051 185 4113; x_wconf 91' lang='lat' dir='ltr'>tos.</span> <span class='ocrx_word' id='word_1_191' title='bbox 202 4050 344 4127; x_wconf 87' lang='lat' dir='ltr'>Ideoque</span> <span class='ocrx_word' id='word_1_192' title='bbox 364 4047 558 4110; x_wconf 90' lang='lat' dir='ltr'>discretioni</span> <span class='ocrx_word' id='word_1_193' title='bbox 572 4051 692 4111; x_wconf 85' lang='grc'><strong>6661666</strong></span> <span class='ocrx_word' id='word_1_194' title='bbox 706 4066 765 4127; x_wconf 85' lang='grc'><strong>666</strong></span> <span class='ocrx_word' id='word_1_195' title='bbox 779 4054 921 4129; x_wconf 76' lang='grc'><strong>666616-</strong></span> 
     </span>
     <span class='ocr_line' id='line_1_38' title="bbox 125 4147 919 4225; baseline 0.003 -17"><span class='ocrx_word' id='word_1_196' title='bbox 125 4148 190 4209; x_wconf 90' lang='grc'><strong>1166</strong></span> <span class='ocrx_word' id='word_1_197' title='bbox 214 4147 337 4224; x_wconf 88' lang='grc'><strong>6661616</strong></span> <span class='ocrx_word' id='word_1_198' title='bbox 359 4147 564 4219; x_wconf 90' lang='lat' dir='ltr'>mandamus,</span> <span class='ocrx_word' id='word_1_199' title='bbox 586 4149 749 4224; x_wconf 89' lang='lat' dir='ltr'>quatenus</span> <span class='ocrx_word' id='word_1_200' title='bbox 769 4150 919 4225; x_wconf 90' lang='lat' dir='ltr'>partibus</span> 
     </span>
     <span class='ocr_line' id='line_1_39' title="bbox 125 4244 919 4325; baseline 0.003 -18"><span class='ocrx_word' id='word_1_201' title='bbox 125 4244 327 4316; x_wconf 86' lang='lat' dir='ltr'>convocatis,</span> <span class='ocrx_word' id='word_1_202' title='bbox 353 4245 415 4306; x_wconf 90' lang='lat' dir='ltr'>etc.</span> <span class='ocrx_word' id='word_1_203' title='bbox 436 4245 550 4305; x_wconf 82' lang='lat' dir='ltr'>Testes</span> <span class='ocrx_word' id='word_1_204' title='bbox 583 4247 708 4319; x_wconf 89' lang='lat' dir='ltr'>autem,</span> <span class='ocrx_word' id='word_1_205' title='bbox 730 4248 810 4320; x_wconf 90' lang='grc'><strong>616.,</strong></span> <span class='ocrx_word' id='word_1_206' title='bbox 832 4248 919 4325; x_wconf 90' lang='lat' dir='ltr'>quod</span> 
     </span>
     <span class='ocr_line' id='line_1_40' title="bbox 123 4341 916 4423; baseline 0.004 -19"><span class='ocrx_word' id='word_1_207' title='bbox 123 4343 154 4405; x_wconf 87' lang='lat' dir='ltr'><strong>si</strong></span> <span class='ocrx_word' id='word_1_208' title='bbox 169 4358 234 4405; x_wconf 95' lang='lat' dir='ltr'><strong>non</strong></span> <span class='ocrx_word' id='word_1_209' title='bbox 254 4358 380 4415; x_wconf 90' lang='lat' dir='ltr'>omnes,</span> <span class='ocrx_word' id='word_1_210' title='bbox 396 4343 471 4415; x_wconf 89' lang='grc'><strong>616.,</strong></span> <span class='ocrx_word' id='word_1_211' title='bbox 488 4344 524 4404; x_wconf 89' lang='grc'><strong>16</strong></span> <span class='ocrx_word' id='word_1_212' title='bbox 539 4341 643 4405; x_wconf 87' lang='grc'><strong>166166</strong></span> <span class='ocrx_word' id='word_1_213' title='bbox 665 4344 831 4423; x_wconf 89' lang='grc'><strong>66166666,</strong></span> <span class='ocrx_word' id='word_1_214' title='bbox 853 4346 916 4409; x_wconf 89' lang='grc'><strong>616.</strong></span> 
     </span>
     <span class='ocr_line' id='line_1_41' title="bbox 122 4440 919 4521; baseline 0 -15"><span class='ocrx_word' id='word_1_215' title='bbox 122 4444 241 4506; x_wconf 83' lang='grc'><strong>116166</strong></span> <span class='ocrx_word' id='word_1_216' title='bbox 257 4443 426 4514; x_wconf 87' lang='lat' dir='ltr'>Laterani,</span> <span class='ocrx_word' id='word_1_217' title='bbox 452 4440 567 4519; x_wconf 90' lang='grc'><strong>661616</strong></span> <span class='ocrx_word' id='word_1_218' title='bbox 594 4441 670 4504; x_wconf 89' lang='lat' dir='ltr'>idus</span> <span class='ocrx_word' id='word_1_219' title='bbox 685 4443 808 4518; x_wconf 90' lang='lat' dir='ltr'>martii,</span> <span class='ocrx_word' id='word_1_220' title='bbox 839 4460 919 4521; x_wconf 93' lang='lat' dir='ltr'>pon·</span> 
     </span>
     <span class='ocr_line' id='line_1_42' title="bbox 24 4539 620 4633; baseline -0.007 -29"><span class='ocrx_word' id='word_1_221' title='bbox 24 4620 29 4633; x_wconf 26' lang='grc' dir='ltr'>ι</span> <span class='ocrx_word' id='word_1_222' title='bbox 121 4541 265 4604; x_wconf 88' lang='grc'><strong>111166166</strong></span> <span class='ocrx_word' id='word_1_223' title='bbox 278 4540 384 4602; x_wconf 88' lang='grc'><strong>666161</strong></span> <span class='ocrx_word' id='word_1_224' title='bbox 401 4555 489 4601; x_wconf 91' lang='grc'><strong>6666</strong></span> <span class='ocrx_word' id='word_1_225' title='bbox 502 4539 620 4617; x_wconf 90' lang='grc'><strong>66166.</strong></span> 
     </span>
    </p>
   </div>
   <div class='ocr_carea' id='block_1_9' title="bbox 451 4700 598 4788">
    <p class='ocr_par' dir='ltr' id='par_1_10' title="bbox 451 4700 598 4788">
     <span class='ocr_line' id='line_1_43' title="bbox 451 4700 598 4788; baseline -0.007 0"><span class='ocrx_word' id='word_1_226' title='bbox 451 4700 598 4788; x_wconf 79' lang='lat' dir='ltr'>catil</span> 
     </span>
    </p>
   </div>
   <div class='ocr_carea' id='block_1_10' title="bbox 193 4864 841 4939">
    <p class='ocr_par' dir='ltr' id='par_1_11' title="bbox 193 4864 841 4939">
     <span class='ocr_line' id='line_1_44' title="bbox 193 4864 841 4939; baseline 0 -14"><span class='ocrx_word' id='word_1_227' title='bbox 193 4866 245 4925; x_wconf 85' lang='lat' dir='ltr'><strong>Ad</strong></span> <span class='ocrx_word' id='word_1_228' title='bbox 265 4865 558 4939; x_wconf 77' lang='lat' dir='ltr'>arcltiepiscopam</span> <span class='ocrx_word' id='word_1_229' title='bbox 570 4864 841 4927; x_wconf 80' lang='lat' dir='ltr'>Narbonensem.</span> 
     </span>
    </p>
   </div>
   <div class='ocr_carea' id='block_1_11' title="bbox 151 4994 883 5159">
    <p class='ocr_par' dir='ltr' id='par_1_12' title="bbox 151 4994 883 5159">
     <span class='ocr_line' id='line_1_45' title="bbox 404 4994 630 5053; baseline -0.004 -2"><span class='ocrx_word' id='word_1_230' title='bbox 404 4995 436 5051; x_wconf 89' lang='lat' dir='ltr'><strong>ll</strong></span> <span class='ocrx_word' id='word_1_231' title='bbox 453 5002 535 5052; x_wconf 88' lang='grc'><strong>6661.</strong></span> <span class='ocrx_word' id='word_1_232' title='bbox 552 4994 630 5053; x_wconf 72' lang='lat' dir='ltr'>lati.</span> 
     </span>
     <span class='ocr_line' id='line_1_46' title="bbox 151 5090 883 5159; baseline 0 -16"><span class='ocrx_word' id='word_1_233' title='bbox 151 5091 263 5156; x_wconf 83' lang='lat' dir='ltr'>[Regest.</span> <span class='ocrx_word' id='word_1_234' title='bbox 273 5090 325 5142; x_wconf 88' lang='lat' dir='ltr'>lib.</span> <span class='ocrx_word' id='word_1_235' title='bbox 340 5092 360 5151; x_wconf 94' lang='lat' dir='ltr'><strong>l,</strong></span> <span class='ocrx_word' id='word_1_236' title='bbox 377 5091 450 5155; x_wconf 88' lang='lat' dir='ltr'>epist.</span> <span class='ocrx_word' id='word_1_237' title='bbox 465 5092 520 5141; x_wconf 79' lang='lat' dir='ltr'>tot.</span> <span class='ocrx_word' id='word_1_238' title='bbox 533 5093 590 5144; x_wconf 88' lang='grc'><strong>1166.</strong></span> <span class='ocrx_word' id='word_1_239' title='bbox 608 5093 646 5143; x_wconf 86' lang='lat' dir='ltr'><strong>La</strong></span> <span class='ocrx_word' id='word_1_240' title='bbox 660 5092 734 5143; x_wconf 83' lang='lat' dir='ltr'>Poris</span> <span class='ocrx_word' id='word_1_241' title='bbox 745 5092 779 5144; x_wconf 95' lang='lat' dir='ltr'><strong>du</strong></span> <span class='ocrx_word' id='word_1_242' title='bbox 791 5092 883 5159; x_wconf 79' lang='lat' dir='ltr'>Thali]</span> 
     </span>
    </p>
   </div>
   <div class='ocr_carea' id='block_1_12' title="bbox 119 5224 913 5388">
    <p class='ocr_par' dir='ltr' id='par_1_13' title="bbox 119 5224 913 5388">
     <span class='ocr_line' id='line_1_47' title="bbox 119 5224 913 5301; baseline 0.001 -17"><span class='ocrx_word' id='word_1_243' title='bbox 119 5228 155 5284; x_wconf 85' lang='lat' dir='ltr'><strong>t&#39;t</strong></span> <span class='ocrx_word' id='word_1_244' title='bbox 169 5224 242 5283; x_wconf 91' lang='lat' dir='ltr'>bona</span> <span class='ocrx_word' id='word_1_245' title='bbox 259 5225 391 5282; x_wconf 84' lang='lat' dir='ltr'>Elnensis</span> <span class='ocrx_word' id='word_1_246' title='bbox 412 5224 541 5283; x_wconf 84' lang='grc'><strong>66616616</strong></span> <span class='ocrx_word' id='word_1_247' title='bbox 556 5226 759 5297; x_wconf 88' lang='grc'><strong>66616666166</strong></span> <span class='ocrx_word' id='word_1_248' title='bbox 777 5228 913 5301; x_wconf 89' lang='grc'><strong>66116666,</strong></span> 
     </span>
     <span class='ocr_line' id='line_1_48' title="bbox 269 5314 761 5388; baseline 0.01 -19"><span class='ocrx_word' id='word_1_249' title='bbox 269 5314 315 5371; x_wconf 88' lang='grc'><strong>661</strong></span> <span class='ocrx_word' id='word_1_250' title='bbox 330 5314 528 5388; x_wconf 88' lang='grc'><strong>611666161666</strong></span> <span class='ocrx_word' id='word_1_251' title='bbox 543 5315 761 5375; x_wconf 84' lang='grc'><strong>66611161166161.</strong></span> 
     </span>
    </p>
   </div>
   <div class='ocr_carea' id='block_1_13' title="bbox 119 5456 912 5634">
    <p class='ocr_par' dir='ltr' id='par_1_14' title="bbox 119 5456 912 5634">
     <span class='ocr_line' id='line_1_49' title="bbox 159 5456 912 5531; baseline 0.009 -13"><span class='ocrx_word' id='word_1_252' title='bbox 159 5456 337 5530; x_wconf 74' lang='lat' dir='ltr'>Honorino,</span> <span class='ocrx_word' id='word_1_253' title='bbox 362 5460 436 5531; x_wconf 88' lang='grc'><strong>616.,</strong></span> <span class='ocrx_word' id='word_1_254' title='bbox 467 5460 650 5522; x_wconf 78' lang='lat' dir='ltr'>venerabili</span> <span class='ocrx_word' id='word_1_255' title='bbox 680 5460 775 5525; x_wconf 89' lang='lat' dir='ltr'>fratri</span> <span class='ocrx_word' id='word_1_256' title='bbox 800 5464 912 5525; x_wconf 90' lang='lat' dir='ltr'>nostro</span> 
     </span>
     <span class='ocr_line' id='line_1_50' title="bbox 119 5555 575 5634; baseline 0.004 -16"><span class='ocrx_word' id='word_1_257' title='bbox 119 5555 369 5634; x_wconf 81' lang='lat' dir='ltr'>archiepiscopo</span> <span class='ocrx_word' id='word_1_258' title='bbox 385 5557 575 5620; x_wconf 86' lang='lat' dir='ltr'>Narbonen.</span> 
     </span>
    </p>
   </div>
   <div class='ocr_carea' id='block_1_14' title="bbox 770 214 1183 281">
    <p class='ocr_par' dir='ltr' id='par_1_15' title="bbox 770 214 1183 281">
     <span class='ocr_line' id='line_1_51' title="bbox 770 214 1183 281; baseline 0.005 -6"><span class='ocrx_word' id='word_1_259' title='bbox 770 214 946 277; x_wconf 84' lang='lat' dir='ltr'>HONORII</span> <span class='ocrx_word' id='word_1_260' title='bbox 967 214 1014 275; x_wconf 89' lang='lat'><strong>111</strong></span> <span class='ocrx_word' id='word_1_261' title='bbox 1034 215 1183 281; x_wconf 79' lang='lat' dir='ltr'><strong>OPERA.</strong></span> 
     </span>
    </p>
   </div>
   <div class='ocr_carea' id='block_1_15' title="bbox 1732 232 1795 295">
    <p class='ocr_par' dir='ltr' id='par_1_16' title="bbox 1732 232 1795 295">
     <span class='ocr_line' id='line_1_52' title="bbox 1732 232 1795 295; baseline 0 0"><span class='ocrx_word' id='word_1_262' title='bbox 1732 232 1795 295; x_wconf 71' lang='lat' dir='ltr'><strong>att</strong></span> 
     </span>
    </p>
   </div>
   <div class='ocr_carea' id='block_1_16' title="bbox 975 342 1794 461">
    <p class='ocr_par' dir='ltr' id='par_1_17' title="bbox 975 342 1794 461">
     <span class='ocr_line' id='line_1_53' title="bbox 975 342 1794 461; baseline 0.023 -24"><span class='ocrx_word' id='word_1_263' title='bbox 975 342 978 347; x_wconf 20' lang='grc' dir='ltr'>Ι</span> <span class='ocrx_word' id='word_1_264' title='bbox 1032 376 1180 442; x_wconf 79' lang='lat' dir='ltr'>Dilectus</span> <span class='ocrx_word' id='word_1_265' title='bbox 1200 377 1289 443; x_wconf 89' lang='grc'><strong>111166</strong></span> <span class='ocrx_word' id='word_1_266' title='bbox 1313 383 1443 459; x_wconf 78' lang='grc'><strong>111666,</strong></span> <span class='ocrx_word' id='word_1_267' title='bbox 1460 382 1596 461; x_wconf 89' lang='grc'><strong>6166166,</strong></span> <span class='ocrx_word' id='word_1_268' title='bbox 1614 402 1677 451; x_wconf 85' lang='grc'><strong>666</strong></span> <span class='ocrx_word' id='word_1_269' title='bbox 1698 390 1794 456; x_wconf 89' lang='lat' dir='ltr'>nobis</span> 
     </span>
    </p>
   </div>
   <div class='ocr_carea' id='block_1_17' title="bbox 981 473 1795 2722">
    <p class='ocr_par' dir='ltr' id='par_1_18' title="bbox 981 473 1795 2722">
     <span class='ocr_line' id='line_1_54' title="bbox 992 473 1794 561; baseline 0.025 -28"><span class='ocrx_word' id='word_1_270' title='bbox 992 473 1218 539; x_wconf 87' lang='lat' dir='ltr'>insinuatione</span> <span class='ocrx_word' id='word_1_271' title='bbox 1239 483 1451 555; x_wconf 90' lang='grc'><strong>6666166611,</strong></span> <span class='ocrx_word' id='word_1_272' title='bbox 1473 485 1560 561; x_wconf 86' lang='lat' dir='ltr'>quod</span> <span class='ocrx_word' id='word_1_273' title='bbox 1580 487 1613 548; x_wconf 89' lang='grc'><strong>61</strong></span> <span class='ocrx_word' id='word_1_274' title='bbox 1632 486 1675 548; x_wconf 91' lang='lat' dir='ltr'><strong>de</strong></span> <span class='ocrx_word' id='word_1_275' title='bbox 1698 486 1794 554; x_wconf 89' lang='lat' dir='ltr'>bonis</span> 
     </span>
     <span class='ocr_line' id='line_1_55' title="bbox 992 574 1795 663; baseline 0.022 -30"><span class='ocrx_word' id='word_1_276' title='bbox 992 574 1143 637; x_wconf 74' lang='lat' dir='ltr'>ecclesias</span> <span class='ocrx_word' id='word_1_277' title='bbox 1157 592 1226 638; x_wconf 85' lang='lat' dir='ltr'>suae</span> <span class='ocrx_word' id='word_1_278' title='bbox 1235 579 1333 656; x_wconf 90' lang='lat' dir='ltr'>plura</span> <span class='ocrx_word' id='word_1_279' title='bbox 1345 597 1405 658; x_wconf 88' lang='lat' dir='ltr'><strong>per</strong></span> <span class='ocrx_word' id='word_1_280' title='bbox 1412 583 1677 659; x_wconf 84' lang='lat' dir='ltr'>praedecessores</span> <span class='ocrx_word' id='word_1_281' title='bbox 1689 587 1795 663; x_wconf 88' lang='lat' dir='ltr'>ipsius</span> 
     </span>
     <span class='ocr_line' id='line_1_56' title="bbox 991 672 1791 763; baseline 0.023 -32"><span class='ocrx_word' id='word_1_282' title='bbox 991 672 1138 735; x_wconf 89' lang='grc'><strong>61166616</strong></span> <span class='ocrx_word' id='word_1_283' title='bbox 1149 676 1226 737; x_wconf 91' lang='lat' dir='ltr'>sunt</span> <span class='ocrx_word' id='word_1_284' title='bbox 1237 676 1270 737; x_wconf 92' lang='grc'><strong>16</strong></span> <span class='ocrx_word' id='word_1_285' title='bbox 1282 679 1432 756; x_wconf 89' lang='lat' dir='ltr'>ejusdem</span> <span class='ocrx_word' id='word_1_286' title='bbox 1444 681 1596 744; x_wconf 74' lang='lat' dir='ltr'>ecclesiae</span> <span class='ocrx_word' id='word_1_287' title='bbox 1608 682 1791 763; x_wconf 89' lang='lat' dir='ltr'>laesionem,</span> 
     </span>
     <span class='ocr_line' id='line_1_57' title="bbox 991 768 1792 854; baseline 0.022 -26"><span class='ocrx_word' id='word_1_288' title='bbox 991 768 1109 846; x_wconf 87' lang='lat' dir='ltr'>etipsa</span> <span class='ocrx_word' id='word_1_289' title='bbox 1124 772 1279 845; x_wconf 87' lang='grc'><strong>66616616,</strong></span> <span class='ocrx_word' id='word_1_290' title='bbox 1295 791 1356 853; x_wconf 90' lang='grc'><strong>666</strong></span> <span class='ocrx_word' id='word_1_291' title='bbox 1371 779 1591 854; x_wconf 90' lang='lat' dir='ltr'>quorumdam</span> <span class='ocrx_word' id='word_1_292' title='bbox 1606 795 1650 842; x_wconf 85' lang='lat' dir='ltr'><strong>ex</strong></span> <span class='ocrx_word' id='word_1_293' title='bbox 1668 782 1792 846; x_wconf 88' lang='lat' dir='ltr'>eisdem</span> 
     </span>
     <span class='ocr_line' id='line_1_58' title="bbox 990 868 1792 949; baseline 0.022 -23"><span class='ocrx_word' id='word_1_294' title='bbox 990 868 1289 943; x_wconf 84' lang='lat' dir='ltr'>praedecessoribus</span> <span class='ocrx_word' id='word_1_295' title='bbox 1321 875 1391 935; x_wconf 95' lang='lat' dir='ltr'>suis</span> <span class='ocrx_word' id='word_1_296' title='bbox 1422 876 1607 949; x_wconf 92' lang='lat' dir='ltr'>incuriam,</span> <span class='ocrx_word' id='word_1_297' title='bbox 1644 879 1731 941; x_wconf 88' lang='lat' dir='ltr'>adeo</span> <span class='ocrx_word' id='word_1_298' title='bbox 1759 881 1792 945; x_wconf 93' lang='grc'><strong>16</strong></span> 
     </span>
     <span class='ocr_line' id='line_1_59' title="bbox 990 965 1790 1057; baseline 0.021 -33"><span class='ocrx_word' id='word_1_299' title='bbox 990 965 1219 1042; x_wconf 86' lang='lat' dir='ltr'>spiritualibus</span> <span class='ocrx_word' id='word_1_300' title='bbox 1243 971 1276 1032; x_wconf 91' lang='grc'><strong>61</strong></span> <span class='ocrx_word' id='word_1_301' title='bbox 1298 970 1536 1049; x_wconf 87' lang='lat' dir='ltr'>temporalibus</span> <span class='ocrx_word' id='word_1_302' title='bbox 1561 976 1613 1038; x_wconf 89' lang='lat' dir='ltr'><strong>est</strong></span> <span class='ocrx_word' id='word_1_303' title='bbox 1629 977 1790 1057; x_wconf 88' lang='lat' dir='ltr'>collapsa,</span> 
     </span>
     <span class='ocr_line' id='line_1_60' title="bbox 990 1064 1790 1155; baseline 0.02 -32"><span class='ocrx_word' id='word_1_304' title='bbox 990 1064 1022 1125; x_wconf 90' lang='grc'><strong>61</strong></span> <span class='ocrx_word' id='word_1_305' title='bbox 1045 1066 1196 1142; x_wconf 77' lang='lat' dir='ltr'>exposita</span> <span class='ocrx_word' id='word_1_306' title='bbox 1219 1066 1409 1130; x_wconf 89' lang='lat' dir='ltr'>incursibus</span> <span class='ocrx_word' id='word_1_307' title='bbox 1435 1072 1673 1149; x_wconf 89' lang='lat' dir='ltr'>malignorum,</span> <span class='ocrx_word' id='word_1_308' title='bbox 1705 1078 1790 1155; x_wconf 87' lang='lat' dir='ltr'>quod</span> 
     </span>
     <span class='ocr_line' id='line_1_61' title="bbox 989 1161 1791 1242; baseline 0.021 -21"><span class='ocrx_word' id='word_1_309' title='bbox 989 1161 1055 1223; x_wconf 93' lang='lat' dir='ltr'>nisi</span> <span class='ocrx_word' id='word_1_310' title='bbox 1072 1163 1103 1224; x_wconf 91' lang='lat' dir='ltr'><strong>ei</strong></span> <span class='ocrx_word' id='word_1_311' title='bbox 1119 1180 1178 1242; x_wconf 91' lang='lat' dir='ltr'><strong>per</strong></span> <span class='ocrx_word' id='word_1_312' title='bbox 1192 1166 1257 1227; x_wconf 89' lang='lat' dir='ltr'>tuae</span> <span class='ocrx_word' id='word_1_313' title='bbox 1280 1167 1515 1231; x_wconf 86' lang='lat' dir='ltr'>sollicitudinis</span> <span class='ocrx_word' id='word_1_314' title='bbox 1537 1172 1688 1235; x_wconf 89' lang='lat' dir='ltr'>studium</span> <span class='ocrx_word' id='word_1_315' title='bbox 1716 1192 1791 1238; x_wconf 89' lang='lat' dir='ltr'>suc·</span> 
     </span>
     <span class='ocr_line' id='line_1_62' title="bbox 989 1262 1789 1347; baseline 0.021 -27"><span class='ocrx_word' id='word_1_316' title='bbox 989 1262 1152 1334; x_wconf 89' lang='lat' dir='ltr'>curratur,</span> <span class='ocrx_word' id='word_1_317' title='bbox 1169 1262 1228 1325; x_wconf 83' lang='lat' dir='ltr'><strong>vix</strong></span> <span class='ocrx_word' id='word_1_318' title='bbox 1242 1264 1379 1342; x_wconf 79' lang='lat' dir='ltr'>adJiciet</span> <span class='ocrx_word' id='word_1_319' title='bbox 1392 1269 1425 1329; x_wconf 94' lang='lat' dir='ltr'><strong>ut</strong></span> <span class='ocrx_word' id='word_1_320' title='bbox 1440 1272 1606 1347; x_wconf 87' lang='lat' dir='ltr'>resurgat.</span> <span class='ocrx_word' id='word_1_321' title='bbox 1624 1274 1789 1344; x_wconf 84' lang='lat' dir='ltr'>Quocirca</span> 
     </span>
     <span class='ocr_line' id='line_1_63' title="bbox 988 1356 1788 1447; baseline 0.02 -29"><span class='ocrx_word' id='word_1_322' title='bbox 988 1356 1189 1422; x_wconf 80' lang='lat' dir='ltr'>fraternitati</span> <span class='ocrx_word' id='word_1_323' title='bbox 1200 1365 1266 1423; x_wconf 90' lang='lat' dir='ltr'>tuae</span> <span class='ocrx_word' id='word_1_324' title='bbox 1281 1379 1341 1440; x_wconf 93' lang='lat' dir='ltr'><strong>per</strong></span> <span class='ocrx_word' id='word_1_325' title='bbox 1352 1367 1543 1442; x_wconf 75' lang='lat' dir='ltr'>apostolica</span> <span class='ocrx_word' id='word_1_326' title='bbox 1557 1370 1688 1447; x_wconf 89' lang='lat' dir='ltr'>scripta</span> <span class='ocrx_word' id='word_1_327' title='bbox 1700 1388 1788 1434; x_wconf 91' lang='lat' dir='ltr'>man·</span> 
     </span>
     <span class='ocr_line' id='line_1_64' title="bbox 988 1454 1788 1547; baseline 0.02 -32"><span class='ocrx_word' id='word_1_328' title='bbox 988 1454 1117 1530; x_wconf 89' lang='lat' dir='ltr'>damus,</span> <span class='ocrx_word' id='word_1_329' title='bbox 1132 1460 1294 1536; x_wconf 87' lang='lat' dir='ltr'>quatenus</span> <span class='ocrx_word' id='word_1_330' title='bbox 1307 1477 1359 1534; x_wconf 88' lang='lat' dir='ltr'><strong>ea,</strong></span> <span class='ocrx_word' id='word_1_331' title='bbox 1377 1480 1450 1541; x_wconf 88' lang='lat' dir='ltr'>quae</span> <span class='ocrx_word' id='word_1_332' title='bbox 1466 1465 1619 1527; x_wconf 88' lang='lat' dir='ltr'>debonis</span> <span class='ocrx_word' id='word_1_333' title='bbox 1638 1470 1788 1547; x_wconf 89' lang='lat' dir='ltr'>ejusdem</span> 
     </span>
     <span class='ocr_line' id='line_1_65' title="bbox 988 1554 1788 1635; baseline 0.02 -21"><span class='ocrx_word' id='word_1_334' title='bbox 988 1554 1137 1618; x_wconf 89' lang='lat' dir='ltr'>ecclesiae</span> <span class='ocrx_word' id='word_1_335' title='bbox 1151 1557 1296 1620; x_wconf 90' lang='lat' dir='ltr'>alienata</span> <span class='ocrx_word' id='word_1_336' title='bbox 1316 1560 1497 1635; x_wconf 83' lang='lat' dir='ltr'>inveneris,</span> <span class='ocrx_word' id='word_1_337' title='bbox 1513 1564 1633 1627; x_wconf 88' lang='lat' dir='ltr'>illicita</span> <span class='ocrx_word' id='word_1_338' title='bbox 1647 1568 1703 1628; x_wconf 87' lang='grc'><strong>661</strong></span> <span class='ocrx_word' id='word_1_339' title='bbox 1717 1569 1788 1629; x_wconf 90' lang='lat' dir='ltr'>dis·</span> 
     </span>
     <span class='ocr_line' id='line_1_66' title="bbox 987 1654 1788 1743; baseline 0.02 -29"><span class='ocrx_word' id='word_1_340' title='bbox 987 1654 1104 1726; x_wconf 86' lang='lat' dir='ltr'>tracta,</span> <span class='ocrx_word' id='word_1_341' title='bbox 1121 1655 1267 1729; x_wconf 88' lang='lat' dir='ltr'>studeas,</span> <span class='ocrx_word' id='word_1_342' title='bbox 1284 1674 1345 1735; x_wconf 91' lang='lat' dir='ltr'><strong>per</strong></span> <span class='ocrx_word' id='word_1_343' title='bbox 1361 1660 1395 1721; x_wconf 92' lang='grc'><strong>16</strong></span> <span class='ocrx_word' id='word_1_344' title='bbox 1416 1660 1469 1722; x_wconf 95' lang='grc'><strong>661</strong></span> <span class='ocrx_word' id='word_1_345' title='bbox 1489 1662 1604 1735; x_wconf 89' lang='grc'><strong>61166,</strong></span> <span class='ocrx_word' id='word_1_346' title='bbox 1622 1665 1666 1725; x_wconf 90' lang='lat' dir='ltr'><strong>ad</strong></span> <span class='ocrx_word' id='word_1_347' title='bbox 1683 1669 1741 1743; x_wconf 81' lang='lat' dir='ltr'><strong>Jus</strong></span> <span class='ocrx_word' id='word_1_348' title='bbox 1756 1668 1788 1730; x_wconf 89' lang='lat' dir='ltr'><strong>et</strong></span> 
     </span>
     <span class='ocr_line' id='line_1_67' title="bbox 987 1752 1784 1843; baseline 0.023 -34"><span class='ocrx_word' id='word_1_349' title='bbox 987 1752 1222 1828; x_wconf 86' lang='lat' dir='ltr'>proprietatem</span> <span class='ocrx_word' id='word_1_350' title='bbox 1237 1754 1343 1832; x_wconf 89' lang='lat' dir='ltr'>ipsids</span> <span class='ocrx_word' id='word_1_351' title='bbox 1365 1757 1512 1834; x_wconf 85' lang='lat' dir='ltr'>legitime</span> <span class='ocrx_word' id='word_1_352' title='bbox 1526 1777 1712 1839; x_wconf 81' lang='lat' dir='ltr'>revocare3</span> <span class='ocrx_word' id='word_1_353' title='bbox 1732 1766 1784 1843; x_wconf 91' lang='lat' dir='ltr'><strong>ip-</strong></span> 
     </span>
     <span class='ocr_line' id='line_1_68' title="bbox 986 1851 1786 1935; baseline 0.021 -27"><span class='ocrx_word' id='word_1_354' title='bbox 986 1865 1057 1909; x_wconf 89' lang='lat' dir='ltr'><strong>sam</strong></span> <span class='ocrx_word' id='word_1_355' title='bbox 1084 1851 1271 1926; x_wconf 90' lang='lat' dir='ltr'>ecolesiam,</span> <span class='ocrx_word' id='word_1_356' title='bbox 1298 1871 1459 1932; x_wconf 90' lang='lat' dir='ltr'>personas</span> <span class='ocrx_word' id='word_1_357' title='bbox 1489 1860 1523 1919; x_wconf 93' lang='lat' dir='ltr'><strong>et</strong></span> <span class='ocrx_word' id='word_1_358' title='bbox 1554 1863 1786 1935; x_wconf 84' lang='lat' dir='ltr'>possessiones</span> 
     </span>
     <span class='ocr_line' id='line_1_69' title="bbox 986 1948 1782 2038; baseline 0.021 -32"><span class='ocrx_word' id='word_1_359' title='bbox 986 1948 1188 2024; x_wconf 89' lang='lat' dir='ltr'>pertinentes</span> <span class='ocrx_word' id='word_1_360' title='bbox 1204 1950 1244 2011; x_wconf 89' lang='lat' dir='ltr'><strong>ad</strong></span> <span class='ocrx_word' id='word_1_361' title='bbox 1262 1952 1368 2029; x_wconf 88' lang='lat' dir='ltr'>ipsam</span> <span class='ocrx_word' id='word_1_362' title='bbox 1383 1957 1540 2032; x_wconf 80' lang='lat' dir='ltr'>protegas</span> <span class='ocrx_word' id='word_1_363' title='bbox 1561 1959 1595 2019; x_wconf 91' lang='lat' dir='ltr'><strong>et</strong></span> <span class='ocrx_word' id='word_1_364' title='bbox 1614 1958 1782 2038; x_wconf 86' lang='lat' dir='ltr'>defendas,</span> 
     </span>
     <span class='ocr_line' id='line_1_70' title="bbox 985 2045 1785 2134; baseline 0.021 -29"><span class='ocrx_word' id='word_1_365' title='bbox 985 2045 1018 2106; x_wconf 90' lang='grc'><strong>61</strong></span> <span class='ocrx_word' id='word_1_366' title='bbox 1033 2048 1101 2107; x_wconf 88' lang='grc'><strong>166</strong></span> <span class='ocrx_word' id='word_1_367' title='bbox 1118 2047 1153 2108; x_wconf 88' lang='grc'><strong>16</strong></span> <span class='ocrx_word' id='word_1_368' title='bbox 1175 2048 1404 2126; x_wconf 89' lang='lat' dir='ltr'>spiritualibus</span> <span class='ocrx_word' id='word_1_369' title='bbox 1426 2070 1524 2131; x_wconf 88' lang='lat' dir='ltr'>quam</span> <span class='ocrx_word' id='word_1_370' title='bbox 1545 2056 1785 2134; x_wconf 87' lang='lat' dir='ltr'>temporalibus</span> 
     </span>
     <span class='ocr_line' id='line_1_71' title="bbox 984 2144 1781 2230; baseline 0.02 -25"><span class='ocrx_word' id='word_1_371' title='bbox 984 2144 1181 2219; x_wconf 89' lang='lat' dir='ltr'>reformans,</span> <span class='ocrx_word' id='word_1_372' title='bbox 1208 2148 1342 2211; x_wconf 89' lang='lat' dir='ltr'>tandem</span> <span class='ocrx_word' id='word_1_373' title='bbox 1369 2167 1436 2213; x_wconf 94' lang='lat' dir='ltr'><strong>non</strong></span> <span class='ocrx_word' id='word_1_374' title='bbox 1462 2155 1639 2230; x_wconf 87' lang='lat' dir='ltr'>permittas</span> <span class='ocrx_word' id='word_1_375' title='bbox 1666 2173 1739 2220; x_wconf 89' lang='lat' dir='ltr'><strong>eam</strong></span> <span class='ocrx_word' id='word_1_376' title='bbox 1763 2176 1781 2222; x_wconf 90' lang='lat' dir='ltr'><strong>a</strong></span> 
     </span>
     <span class='ocr_line' id='line_1_72' title="bbox 984 2245 1781 2322; baseline 0.021 -19"><span class='ocrx_word' id='word_1_377' title='bbox 984 2259 1149 2322; x_wconf 81' lang='lat' dir='ltr'>quoquam</span> <span class='ocrx_word' id='word_1_378' title='bbox 1161 2245 1307 2309; x_wconf 86' lang='lat' dir='ltr'>indebite</span> <span class='ocrx_word' id='word_1_379' title='bbox 1319 2250 1500 2312; x_wconf 88' lang='lat' dir='ltr'>molestari.</span> <span class='ocrx_word' id='word_1_380' title='bbox 1513 2256 1781 2319; x_wconf 79' lang='lat' dir='ltr'>contradictores</span> 
     </span>
     <span class='ocr_line' id='line_1_73' title="bbox 984 2342 1777 2429; baseline 0.02 -27"><span class='ocrx_word' id='word_1_381' title='bbox 984 2344 1016 2403; x_wconf 93' lang='lat' dir='ltr'><strong>et</strong></span> <span class='ocrx_word' id='word_1_382' title='bbox 1050 2342 1279 2407; x_wconf 88' lang='lat' dir='ltr'>molestatores</span> <span class='ocrx_word' id='word_1_383' title='bbox 1309 2347 1474 2412; x_wconf 91' lang='lat' dir='ltr'>indebitos</span> <span class='ocrx_word' id='word_1_384' title='bbox 1509 2367 1571 2429; x_wconf 91' lang='lat' dir='ltr'><strong>per</strong></span> <span class='ocrx_word' id='word_1_385' title='bbox 1605 2370 1777 2418; x_wconf 87' lang='lat' dir='ltr'>censuram</span> 
     </span>
     <span class='ocr_line' id='line_1_74' title="bbox 983 2440 1777 2523; baseline 0.02 -23"><span class='ocrx_word' id='word_1_386' title='bbox 983 2440 1243 2503; x_wconf 88' lang='lat' dir='ltr'>ecclesiasticam</span> <span class='ocrx_word' id='word_1_387' title='bbox 1281 2447 1532 2523; x_wconf 87' lang='lat' dir='ltr'>compescendo.</span> <span class='ocrx_word' id='word_1_388' title='bbox 1570 2453 1687 2515; x_wconf 83' lang='lat' dir='ltr'>Testes</span> <span class='ocrx_word' id='word_1_389' title='bbox 1721 2470 1777 2515; x_wconf 89' lang='lat' dir='ltr'><strong>au·</strong></span> 
     </span>
     <span class='ocr_line' id='line_1_75' title="bbox 981 2539 1774 2624; baseline 0.02 -26"><span class='ocrx_word' id='word_1_390' title='bbox 981 2539 1059 2611; x_wconf 90' lang='lat' dir='ltr'>tem,</span> <span class='ocrx_word' id='word_1_391' title='bbox 1076 2541 1138 2600; x_wconf 91' lang='grc'><strong>616.</strong></span> <span class='ocrx_word' id='word_1_392' title='bbox 1151 2542 1269 2602; x_wconf 88' lang='lat' dir='ltr'>Datum</span> <span class='ocrx_word' id='word_1_393' title='bbox 1282 2544 1437 2605; x_wconf 88' lang='lat' dir='ltr'>Laterani</span> <span class='ocrx_word' id='word_1_394' title='bbox 1450 2547 1564 2624; x_wconf 88' lang='lat' dir='ltr'>quinto</span> <span class='ocrx_word' id='word_1_395' title='bbox 1578 2549 1655 2611; x_wconf 94' lang='lat' dir='ltr'>idus</span> <span class='ocrx_word' id='word_1_396' title='bbox 1670 2551 1774 2613; x_wconf 88' lang='lat' dir='ltr'>martii</span> 
     </span>
     <span class='ocr_line' id='line_1_76' title="bbox 982 2637 1557 2722; baseline 0.017 -25"><span class='ocrx_word' id='word_1_397' title='bbox 982 2637 1191 2713; x_wconf 77' lang='lat' dir='ltr'>pontificatus</span> <span class='ocrx_word' id='word_1_398' title='bbox 1207 2641 1313 2702; x_wconf 91' lang='lat' dir='ltr'>nostri</span> <span class='ocrx_word' id='word_1_399' title='bbox 1329 2657 1419 2705; x_wconf 90' lang='lat' dir='ltr'>anno</span> <span class='ocrx_word' id='word_1_400' title='bbox 1438 2644 1557 2722; x_wconf 88' lang='lat' dir='ltr'>primo.</span> 
     </span>
    </p>
   </div>
   <div class='ocr_carea' id='block_1_18' title="bbox 1288 2968 1457 3057">
    <p class='ocr_par' dir='ltr' id='par_1_19' title="bbox 1288 2968 1457 3057">
     <span class='ocr_line' id='line_1_77' title="bbox 1288 2968 1457 3057; baseline 0.012 -2"><span class='ocrx_word' id='word_1_401' title='bbox 1288 2968 1457 3057; x_wconf 83' lang='lat' dir='ltr'>CCLXII</span> 
     </span>
    </p>
   </div>
   <div class='ocr_carea' id='block_1_19' title="bbox 978 3189 1763 3364">
    <p class='ocr_par' dir='ltr' id='par_1_20' title="bbox 978 3189 1763 3364">
     <span class='ocr_line' id='line_1_78' title="bbox 978 3189 1763 3261; baseline 0.013 -13"><span class='ocrx_word' id='word_1_402' title='bbox 978 3190 1031 3249; x_wconf 83' lang='lat' dir='ltr'><strong>Ad</strong></span> <span class='ocrx_word' id='word_1_403' title='bbox 1052 3189 1259 3251; x_wconf 83' lang='lat' dir='ltr'>abbatissam</span> <span class='ocrx_word' id='word_1_404' title='bbox 1283 3193 1317 3253; x_wconf 88' lang='lat' dir='ltr'><strong>et</strong></span> <span class='ocrx_word' id='word_1_405' title='bbox 1339 3197 1547 3258; x_wconf 78' lang='grc'><strong>6666661616</strong></span> <span class='ocrx_word' id='word_1_406' title='bbox 1571 3198 1763 3261; x_wconf 74' lang='grc'><strong>6166661611</strong></span> 
     </span>
     <span class='ocr_line' id='line_1_79' title="bbox 1037 3288 1714 3364; baseline 0.019 -17"><span class='ocrx_word' id='word_1_407' title='bbox 1037 3288 1158 3349; x_wconf 79' lang='lat' dir='ltr'>Fontis</span> <span class='ocrx_word' id='word_1_408' title='bbox 1171 3291 1337 3364; x_wconf 78' lang='lat' dir='ltr'>Ebrattdt,</span> <span class='ocrx_word' id='word_1_409' title='bbox 1352 3295 1531 3356; x_wconf 78' lang='lat' dir='ltr'>Pictavca.</span> <span class='ocrx_word' id='word_1_410' title='bbox 1549 3298 1714 3360; x_wconf 84' lang='lat' dir='ltr'>dtoecesis.</span> 
     </span>
    </p>
   </div>
   <div class='ocr_carea' id='block_1_20' title="bbox 1008 3496 1735 3707">
    <p class='ocr_par' dir='ltr' id='par_1_21' title="bbox 1008 3496 1735 3707">
     <span class='ocr_line' id='line_1_80' title="bbox 1262 3496 1490 3556; baseline 0.013 -5"><span class='ocrx_word' id='word_1_411' title='bbox 1262 3496 1294 3552; x_wconf 90' lang='lat' dir='ltr'><strong>ll</strong></span> <span class='ocrx_word' id='word_1_412' title='bbox 1310 3502 1393 3555; x_wconf 83' lang='grc'><strong>6661.</strong></span> <span class='ocrx_word' id='word_1_413' title='bbox 1410 3497 1490 3556; x_wconf 77' lang='lat' dir='ltr'>latr.</span> 
     </span>
     <span class='ocr_line' id='line_1_81' title="bbox 1008 3632 1735 3707; baseline 0.017 -25"><span class='ocrx_word' id='word_1_414' title='bbox 1008 3632 1119 3698; x_wconf 79' lang='lat' dir='ltr'>[liegest.</span> <span class='ocrx_word' id='word_1_415' title='bbox 1136 3634 1181 3687; x_wconf 90' lang='lat' dir='ltr'>lib.</span> <span class='ocrx_word' id='word_1_416' title='bbox 1196 3633 1216 3698; x_wconf 88' lang='lat' dir='ltr'><strong>l,</strong></span> <span class='ocrx_word' id='word_1_417' title='bbox 1232 3637 1309 3703; x_wconf 87' lang='lat' dir='ltr'>epist.</span> <span class='ocrx_word' id='word_1_418' title='bbox 1324 3638 1379 3690; x_wconf 73' lang='grc'><strong>3315.</strong></span> <span class='ocrx_word' id='word_1_419' title='bbox 1393 3640 1452 3692; x_wconf 82' lang='grc'><strong>1166.</strong></span> <span class='ocrx_word' id='word_1_420' title='bbox 1465 3640 1735 3707; x_wconf 67' lang='lat' dir='ltr'>aeromantiam</span> 
     </span>
    </p>
   </div>
   <div class='ocr_carea' id='block_1_21' title="bbox 975 3778 1759 4088">
    <p class='ocr_par' dir='ltr' id='par_1_22' title="bbox 975 3778 1759 4088">
     <span class='ocr_line' id='line_1_82' title="bbox 1443 3778 1472 3815; baseline 0 0"><span class='ocrx_word' id='word_1_421' title='bbox 1443 3778 1472 3815; x_wconf 50' lang='grc' dir='ltr'><strong>ἡ</strong></span> 
     </span>
     <span class='ocr_line' id='line_1_83' title="bbox 975 3836 1758 3922; baseline 0.009 -26"><span class='ocrx_word' id='word_1_422' title='bbox 975 3836 1142 3910; x_wconf 88' lang='lat' dir='ltr'>Libertates,</span> <span class='ocrx_word' id='word_1_423' title='bbox 1162 3842 1358 3914; x_wconf 89' lang='lat' dir='ltr'>possessiones</span> <span class='ocrx_word' id='word_1_424' title='bbox 1373 3859 1388 3902; x_wconf 91' lang='grc'><strong>6</strong></span> <span class='ocrx_word' id='word_1_425' title='bbox 1404 3844 1556 3904; x_wconf 91' lang='lat' dir='ltr'>comitibus</span> <span class='ocrx_word' id='word_1_426' title='bbox 1576 3848 1758 3922; x_wconf 70' lang='lat' dir='ltr'>andegaven·</span> 
     </span>
     <span class='ocr_line' id='line_1_84' title="bbox 1010 3926 1759 4000; baseline 0.012 -16"><span class='ocrx_word' id='word_1_427' title='bbox 1010 3926 1088 3984; x_wconf 88' lang='lat' dir='ltr'>sibus</span> <span class='ocrx_word' id='word_1_428' title='bbox 1111 3928 1238 4000; x_wconf 89' lang='lat' dir='ltr'>ipsarum</span> <span class='ocrx_word' id='word_1_429' title='bbox 1263 3934 1438 3990; x_wconf 87' lang='lat' dir='ltr'>monasterio</span> <span class='ocrx_word' id='word_1_430' title='bbox 1463 3935 1582 3993; x_wconf 87' lang='lat' dir='ltr'>collatas</span> <span class='ocrx_word' id='word_1_431' title='bbox 1605 3940 1759 3995; x_wconf 83' lang='lat' dir='ltr'>auctoritate</span> 
     </span>
     <span class='ocr_line' id='line_1_85' title="bbox 1009 4016 1345 4088; baseline 0.015 -15"><span class='ocrx_word' id='word_1_432' title='bbox 1009 4016 1172 4088; x_wconf 82' lang='lat' dir='ltr'>Apostolica</span> <span class='ocrx_word' id='word_1_433' title='bbox 1184 4018 1345 4079; x_wconf 90' lang='lat' dir='ltr'>coufirmat.</span> 
     </span>
    </p>
   </div>
   <div class='ocr_carea' id='block_1_22' title="bbox 968 4197 1760 5655">
    <p class='ocr_par' dir='ltr' id='par_1_23' title="bbox 972 4197 1759 4455">
     <span class='ocr_line' id='line_1_86' title="bbox 1013 4197 1759 4272; baseline 0.012 -16"><span class='ocrx_word' id='word_1_434' title='bbox 1013 4197 1193 4270; x_wconf 89' lang='lat' dir='ltr'>Honorius,</span> <span class='ocrx_word' id='word_1_435' title='bbox 1209 4200 1284 4272; x_wconf 90' lang='grc'><strong>616.,</strong></span> <span class='ocrx_word' id='word_1_436' title='bbox 1301 4199 1431 4264; x_wconf 91' lang='lat' dir='ltr'>dilectis</span> <span class='ocrx_word' id='word_1_437' title='bbox 1447 4202 1525 4264; x_wconf 90' lang='lat' dir='ltr'>filiis</span> <span class='ocrx_word' id='word_1_438' title='bbox 1540 4203 1717 4268; x_wconf 87' lang='lat' dir='ltr'>abbatissae</span> <span class='ocrx_word' id='word_1_439' title='bbox 1734 4204 1759 4265; x_wconf 89' lang='lat' dir='ltr'><strong>et</strong></span> 
     </span>
     <span class='ocr_line' id='line_1_87' title="bbox 974 4295 1758 4368; baseline 0.011 -12"><span class='ocrx_word' id='word_1_440' title='bbox 974 4295 1150 4357; x_wconf 86' lang='lat' dir='ltr'>conventui</span> <span class='ocrx_word' id='word_1_441' title='bbox 1173 4299 1366 4361; x_wconf 89' lang='lat' dir='ltr'>monasterii</span> <span class='ocrx_word' id='word_1_442' title='bbox 1391 4301 1506 4362; x_wconf 83' lang='lat' dir='ltr'>Fontis</span> <span class='ocrx_word' id='word_1_443' title='bbox 1530 4303 1758 4368; x_wconf 74' lang='grc' dir='ltr'><strong>1116666111Ρί6-</strong></span> 
     </span>
     <span class='ocr_line' id='line_1_88' title="bbox 972 4392 1269 4455; baseline 0.003 -1"><span class='ocrx_word' id='word_1_444' title='bbox 972 4393 1083 4454; x_wconf 90' lang='grc'><strong>16666.</strong></span> <span class='ocrx_word' id='word_1_445' title='bbox 1104 4392 1269 4455; x_wconf 84' lang='lat' dir='ltr'>dioecesis.</span> 
     </span>
    </p>

    <p class='ocr_par' dir='ltr' id='par_1_24' title="bbox 968 4492 1760 5655">
     <span class='ocr_line' id='line_1_89' title="bbox 1011 4492 1759 4576; baseline 0.016 -24"><span class='ocrx_word' id='word_1_446' title='bbox 1011 4492 1115 4553; x_wconf 87' lang='lat' dir='ltr'>Justis</span> <span class='ocrx_word' id='word_1_447' title='bbox 1135 4492 1523 4570; x_wconf 78' lang='grc'><strong>661661166116611166116,</strong></span> <span class='ocrx_word' id='word_1_448' title='bbox 1544 4500 1625 4573; x_wconf 89' lang='grc'><strong>616.,</strong></span> <span class='ocrx_word' id='word_1_449' title='bbox 1640 4513 1759 4576; x_wconf 70' lang='lat' dir='ltr'>alaprie:</span> 
     </span>
     <span class='ocr_line' id='line_1_90' title="bbox 972 4590 1760 4675; baseline 0.009 -25"><span class='ocrx_word' id='word_1_450' title='bbox 972 4604 1123 4650; x_wconf 88' lang='lat' dir='ltr'>assensu.</span> <span class='ocrx_word' id='word_1_451' title='bbox 1132 4590 1352 4664; x_wconf 87' lang='lat' dir='ltr'>-Redditus,</span> <span class='ocrx_word' id='word_1_452' title='bbox 1365 4592 1537 4657; x_wconf 87' lang='lat' dir='ltr'>libertates</span> <span class='ocrx_word' id='word_1_453' title='bbox 1548 4599 1584 4658; x_wconf 91' lang='lat' dir='ltr'><strong>et</strong></span> <span class='ocrx_word' id='word_1_454' title='bbox 1592 4599 1760 4675; x_wconf 89' lang='lat' dir='ltr'>possessio·</span> 
     </span>
     <span class='ocr_line' id='line_1_91' title="bbox 971 4687 1757 4773; baseline 0.004 -25"><span class='ocrx_word' id='word_1_455' title='bbox 971 4703 1031 4748; x_wconf 91' lang='lat' dir='ltr'><strong>nes</strong></span> <span class='ocrx_word' id='word_1_456' title='bbox 1046 4703 1065 4747; x_wconf 89' lang='lat' dir='ltr'><strong>a</strong></span> <span class='ocrx_word' id='word_1_457' title='bbox 1078 4687 1177 4749; x_wconf 88' lang='lat' dir='ltr'>clarae</span> <span class='ocrx_word' id='word_1_458' title='bbox 1189 4690 1358 4751; x_wconf 79' lang='grc'><strong>6666616</strong></span> <span class='ocrx_word' id='word_1_459' title='bbox 1369 4693 1545 4755; x_wconf 90' lang='lat' dir='ltr'>comitibus</span> <span class='ocrx_word' id='word_1_460' title='bbox 1556 4696 1757 4773; x_wconf 74' lang='lat' dir='ltr'>andegaven.</span> 
     </span>
     <span class='ocr_line' id='line_1_92' title="bbox 971 4786 1756 4866; baseline 0.022 -20"><span class='ocrx_word' id='word_1_461' title='bbox 971 4786 1174 4847; x_wconf 88' lang='lat' dir='ltr'>monasterio</span> <span class='ocrx_word' id='word_1_462' title='bbox 1190 4788 1302 4849; x_wconf 83' lang='lat' dir='ltr'>vestro</span> <span class='ocrx_word' id='word_1_463' title='bbox 1321 4789 1377 4866; x_wconf 90' lang='lat' dir='ltr'><strong>pia</strong></span> <span class='ocrx_word' id='word_1_464' title='bbox 1398 4790 1603 4854; x_wconf 87' lang='lat' dir='ltr'>liberalitate</span> <span class='ocrx_word' id='word_1_465' title='bbox 1620 4796 1756 4863; x_wconf 77' lang='lat' dir='ltr'>collatas</span> 
     </span>
     <span class='ocr_line' id='line_1_93' title="bbox 971 4884 1759 4966; baseline 0.014 -23"><span class='ocrx_word' id='word_1_466' title='bbox 971 4884 1056 4945; x_wconf 92' lang='lat' dir='ltr'>sicut</span> <span class='ocrx_word' id='word_1_467' title='bbox 1082 4900 1138 4945; x_wconf 89' lang='grc'><strong>666</strong></span> <span class='ocrx_word' id='word_1_468' title='bbox 1156 4886 1248 4961; x_wconf 83' lang='lat' dir='ltr'>juste</span> <span class='ocrx_word' id='word_1_469' title='bbox 1270 4887 1305 4948; x_wconf 91' lang='lat' dir='ltr'><strong>et</strong></span> <span class='ocrx_word' id='word_1_470' title='bbox 1324 4888 1464 4964; x_wconf 88' lang='lat' dir='ltr'>pacifice</span> <span class='ocrx_word' id='word_1_471' title='bbox 1485 4888 1655 4966; x_wconf 88' lang='lat' dir='ltr'>obtinetis,</span> <span class='ocrx_word' id='word_1_472' title='bbox 1682 4892 1759 4957; x_wconf 87' lang='grc'><strong>6111</strong></span> 
     </span>
     <span class='ocr_line' id='line_1_94' title="bbox 970 4981 1759 5066; baseline 0.013 -23"><span class='ocrx_word' id='word_1_473' title='bbox 970 4981 1160 5043; x_wconf 92' lang='lat' dir='ltr'>eorumdem</span> <span class='ocrx_word' id='word_1_474' title='bbox 1183 4984 1341 5047; x_wconf 89' lang='lat' dir='ltr'>comitum</span> <span class='ocrx_word' id='word_1_475' title='bbox 1364 4986 1486 5049; x_wconf 90' lang='lat' dir='ltr'>litteris</span> <span class='ocrx_word' id='word_1_476' title='bbox 1510 4989 1646 5066; x_wconf 91' lang='lat' dir='ltr'>plenius</span> <span class='ocrx_word' id='word_1_477' title='bbox 1666 4988 1759 5053; x_wconf 84' lang='grc'><strong>66611·</strong></span> 
     </span>
     <span class='ocr_line' id='line_1_95' title="bbox 969 5076 1758 5156; baseline 0.008 -19"><span class='ocrx_word' id='word_1_478' title='bbox 969 5080 1077 5149; x_wconf 87' lang='grc'><strong>66166,</strong></span> <span class='ocrx_word' id='word_1_479' title='bbox 1099 5076 1194 5138; x_wconf 82' lang='lat' dir='ltr'>robis</span> <span class='ocrx_word' id='word_1_480' title='bbox 1223 5080 1256 5141; x_wconf 91' lang='lat' dir='ltr'><strong>et</strong></span> <span class='ocrx_word' id='word_1_481' title='bbox 1280 5095 1416 5156; x_wconf 87' lang='grc'><strong>666666</strong></span> <span class='ocrx_word' id='word_1_482' title='bbox 1438 5082 1545 5143; x_wconf 89' lang='lat' dir='ltr'>eidem</span> <span class='ocrx_word' id='word_1_483' title='bbox 1567 5084 1758 5149; x_wconf 89' lang='lat' dir='ltr'>monasterio</span> 
     </span>
     <span class='ocr_line' id='line_1_96' title="bbox 969 5175 1760 5262; baseline 0.01 -26"><span class='ocrx_word' id='word_1_484' title='bbox 969 5175 1165 5237; x_wconf 88' lang='lat' dir='ltr'>auctoritate</span> <span class='ocrx_word' id='word_1_485' title='bbox 1176 5178 1365 5253; x_wconf 79' lang='grc'><strong>6666161166</strong></span> <span class='ocrx_word' id='word_1_486' title='bbox 1378 5179 1625 5255; x_wconf 71' lang='lat' dir='ltr'>confirmamus</span> <span class='ocrx_word' id='word_1_487' title='bbox 1640 5187 1672 5246; x_wconf 89' lang='grc'><strong>61</strong></span> <span class='ocrx_word' id='word_1_488' title='bbox 1684 5199 1760 5262; x_wconf 79' lang='grc'><strong>666·</strong></span> 
     </span>
     <span class='ocr_line' id='line_1_97' title="bbox 969 5274 1756 5352; baseline 0.006 -18"><span class='ocrx_word' id='word_1_489' title='bbox 969 5274 1072 5335; x_wconf 88' lang='grc'><strong>666116</strong></span> <span class='ocrx_word' id='word_1_490' title='bbox 1085 5275 1199 5351; x_wconf 87' lang='grc'><strong>6661611</strong></span> <span class='ocrx_word' id='word_1_491' title='bbox 1210 5276 1394 5352; x_wconf 87' lang='grc'><strong>6616661616</strong></span> <span class='ocrx_word' id='word_1_492' title='bbox 1408 5280 1664 5343; x_wconf 85' lang='grc'><strong>6666661666.</strong></span> <span class='ocrx_word' id='word_1_493' title='bbox 1677 5283 1706 5343; x_wconf 88' lang='lat' dir='ltr'>N</span> <span class='ocrx_word' id='word_1_494' title='bbox 1709 5274 1756 5342; x_wconf 89' lang='lat' dir='ltr'>ulii</span> 
     </span>
     <span class='ocr_line' id='line_1_98' title="bbox 969 5372 1756 5451; baseline 0.008 -18"><span class='ocrx_word' id='word_1_495' title='bbox 969 5388 1060 5448; x_wconf 89' lang='lat' dir='ltr'>ergo,</span> <span class='ocrx_word' id='word_1_496' title='bbox 1082 5375 1157 5444; x_wconf 92' lang='grc'><strong>616.,</strong></span> <span class='ocrx_word' id='word_1_497' title='bbox 1183 5376 1306 5435; x_wconf 78' lang='grc'><strong>666166</strong></span> <span class='ocrx_word' id='word_1_498' title='bbox 1336 5375 1613 5451; x_wconf 80' lang='lat' dir='ltr'>confirmationis,</span> <span class='ocrx_word' id='word_1_499' title='bbox 1638 5381 1700 5443; x_wconf 90' lang='lat' dir='ltr'>etc.</span> <span class='ocrx_word' id='word_1_500' title='bbox 1730 5372 1756 5439; x_wconf 86' lang='lat' dir='ltr'><strong>Si</strong></span> 
     </span>
     <span class='ocr_line' id='line_1_99' title="bbox 968 5471 1759 5555; baseline 0.013 -26"><span class='ocrx_word' id='word_1_501' title='bbox 968 5471 1042 5548; x_wconf 90' lang='grc'><strong>6616</strong></span> <span class='ocrx_word' id='word_1_502' title='bbox 1053 5472 1173 5544; x_wconf 88' lang='grc'><strong>66166,</strong></span> <span class='ocrx_word' id='word_1_503' title='bbox 1182 5472 1243 5533; x_wconf 90' lang='grc'><strong>616.</strong></span> <span class='ocrx_word' id='word_1_504' title='bbox 1255 5473 1374 5541; x_wconf 85' lang='lat' dir='ltr'>Datum</span> <span class='ocrx_word' id='word_1_505' title='bbox 1382 5475 1552 5549; x_wconf 89' lang='lat' dir='ltr'>Laterani,</span> <span class='ocrx_word' id='word_1_506' title='bbox 1565 5478 1684 5555; x_wconf 89' lang='grc'><strong>661616</strong></span> <span class='ocrx_word' id='word_1_507' title='bbox 1696 5477 1759 5540; x_wconf 81' lang='lat' dir='ltr'>idus</span> 
     </span>
     <span class='ocr_line' id='line_1_100' title="bbox 968 5569 1670 5655; baseline 0.011 -24"><span class='ocrx_word' id='word_1_508' title='bbox 968 5569 1090 5645; x_wconf 86' lang='lat' dir='ltr'>martii,</span> <span class='ocrx_word' id='word_1_509' title='bbox 1107 5570 1318 5649; x_wconf 87' lang='lat' dir='ltr'>pontificatus</span> <span class='ocrx_word' id='word_1_510' title='bbox 1329 5573 1536 5638; x_wconf 88' lang='grc'><strong>6661616666</strong></span> <span class='ocrx_word' id='word_1_511' title='bbox 1549 5576 1670 5655; x_wconf 84' lang='lat' dir='ltr'>primo.</span> 
     </span>
    </p>
   </div>
   <div class='ocr_carea' id='block_1_23' title="bbox 0 0 1906 6166">
    <p class='ocr_par' dir='ltr' id='par_1_25' title="bbox 0 0 1906 6166">
     <span class='ocr_line' id='line_1_101' title="bbox 0 0 1906 6166; baseline 0 6"><span class='ocrx_word' id='word_1_512' title='bbox 0 0 1906 6166; x_wconf 95' lang='lat' dir='ltr'><strong> </strong></span> 
     </span>
    </p>
   </div>
  </div>
 </body>
</html>
