<?xml version="1.0" encoding="UTF-8"?>
<!DOCTYPE html PUBLIC "-//W3C//DTD XHTML 1.0 Transitional//EN"
    "http://www.w3.org/TR/xhtml1/DTD/xhtml1-transitional.dtd">
<html xmlns="http://www.w3.org/1999/xhtml" xml:lang="en" lang="en">
 <head>
  <title>
</title>
<meta http-equiv="Content-Type" content="text/html;charset=utf-8" />
  <meta name='ocr-system' content='tesseract 3.04.00' />
  <meta name='ocr-capabilities' content='ocr_page ocr_carea ocr_par ocr_line ocrx_word'/>
</head>
<body>
  <div class='ocr_page' id='page_1' title='image "./mediiaevibiblio02horogoog_0416.png"; bbox 0 0 3802 6166; ppageno 0'>
   <div class='ocr_carea' id='block_1_1' title="bbox 746 246 1127 313">
    <p class='ocr_par' dir='ltr' id='par_1_1' title="bbox 746 246 1127 313">
     <span class='ocr_line' id='line_1_1' title="bbox 746 246 1127 313; baseline 0.005 -4"><span class='ocrx_word' id='word_1_1' title='bbox 746 246 978 311; x_wconf 72' lang='lat' dir='ltr'><strong>ttrlsrotAE.</strong></span> <span class='ocrx_word' id='word_1_2' title='bbox 1000 248 1079 311; x_wconf 75' lang='grc' dir='ltr'><strong>ΜΒ.</strong></span> <span class='ocrx_word' id='word_1_3' title='bbox 1102 250 1127 313; x_wconf 87' lang='grc' dir='ltr'><strong>Ι.</strong></span> 
     </span>
    </p>
   </div>
   <div class='ocr_carea' id='block_1_2' title="bbox 389 414 628 504">
    <p class='ocr_par' dir='ltr' id='par_1_2' title="bbox 389 414 628 504">
     <span class='ocr_line' id='line_1_2' title="bbox 389 414 628 504; baseline -0.004 0"><span class='ocrx_word' id='word_1_4' title='bbox 389 414 628 504; x_wconf 77' lang='lat' dir='ltr'><strong>cclxxxii</strong></span> 
     </span>
    </p>
   </div>
   <div class='ocr_carea' id='block_1_3' title="bbox 108 568 907 646">
    <p class='ocr_par' dir='ltr' id='par_1_3' title="bbox 108 568 907 646">
     <span class='ocr_line' id='line_1_3' title="bbox 108 568 907 646; baseline 0 -17"><span class='ocrx_word' id='word_1_5' title='bbox 108 569 164 629; x_wconf 80' lang='lat' dir='ltr'><strong>Ad</strong></span> <span class='ocrx_word' id='word_1_6' title='bbox 185 568 349 630; x_wconf 69' lang='lat' dir='ltr'><strong>iacobum</strong></span> <span class='ocrx_word' id='word_1_7' title='bbox 365 569 595 645; x_wconf 70' lang='lat' dir='ltr'><strong>propositum</strong></span> <span class='ocrx_word' id='word_1_8' title='bbox 609 571 907 646; x_wconf 72' lang='lat' dir='ltr'><strong>nmorcpeozscm.</strong></span> 
     </span>
    </p>
   </div>
   <div class='ocr_carea' id='block_1_4' title="bbox 147 702 875 875">
    <p class='ocr_par' dir='ltr' id='par_1_4' title="bbox 147 702 875 875">
     <span class='ocr_line' id='line_1_4' title="bbox 411 702 608 760; baseline 0.005 -1"><span class='ocrx_word' id='word_1_9' title='bbox 411 703 462 759; x_wconf 80' lang='lat' dir='ltr'><strong>la</strong></span> <span class='ocrx_word' id='word_1_10' title='bbox 484 717 506 759; x_wconf 85' lang='lat' dir='ltr'><strong>r.</strong></span> <span class='ocrx_word' id='word_1_11' title='bbox 528 702 608 760; x_wconf 78' lang='lat'>1217.</span> 
     </span>
     <span class='ocr_line' id='line_1_5' title="bbox 147 717 875 875; baseline 0 -16"><span class='ocrx_word' id='word_1_12' title='bbox 147 806 195 875; x_wconf 84' lang='lat' dir='ltr'><strong>[be</strong></span> <span class='ocrx_word' id='word_1_13' title='bbox 209 807 295 867; x_wconf 86' lang='lat' dir='ltr'><strong>Conti,</strong></span> <span class='ocrx_word' id='word_1_14' title='bbox 308 806 406 859; x_wconf 82' lang='lat' dir='ltr'><strong>Notiric</strong></span> <span class='ocrx_word' id='word_1_15' title='bbox 419 717 533 860; x_wconf 56' lang='lat' dir='ltr'><strong>erogem</strong></span> <span class='ocrx_word' id='word_1_16' title='bbox 543 808 570 859; x_wconf 90' lang='lat' dir='ltr'><strong>di</strong></span> <span class='ocrx_word' id='word_1_17' title='bbox 583 808 680 868; x_wconf 79' lang='lat' dir='ltr'><strong>casalo,</strong></span> <span class='ocrx_word' id='word_1_18' title='bbox 693 813 712 859; x_wconf 88' lang='lat' dir='ltr'><strong>t.</strong></span> <span class='ocrx_word' id='word_1_19' title='bbox 725 808 758 867; x_wconf 83' lang='lat'><strong>11,</strong></span> <span class='ocrx_word' id='word_1_20' title='bbox 770 823 796 874; x_wconf 89' lang='lat' dir='ltr'><strong>p.</strong></span> <span class='ocrx_word' id='word_1_21' title='bbox 807 807 875 871; x_wconf 63' lang='lat'><strong>³82]</strong></span> 
     </span>
    </p>
   </div>
   <div class='ocr_carea' id='block_1_5' title="bbox 109 922 912 1088">
    <p class='ocr_par' dir='ltr' id='par_1_5' title="bbox 109 922 912 1088">
     <span class='ocr_line' id='line_1_6' title="bbox 109 922 912 997; baseline -0.002 -14"><span class='ocrx_word' id='word_1_22' title='bbox 109 922 228 983; x_wconf 78' lang='lat' dir='ltr'><strong>liandet</strong></span> <span class='ocrx_word' id='word_1_23' title='bbox 248 931 279 981; x_wconf 94' lang='lat' dir='ltr'><strong>ut</strong></span> <span class='ocrx_word' id='word_1_24' title='bbox 299 931 401 997; x_wconf 84' lang='lat' dir='ltr'><strong>captos</strong></span> <span class='ocrx_word' id='word_1_25' title='bbox 421 924 573 983; x_wconf 86' lang='lat' dir='ltr'><strong>restituent</strong></span> <span class='ocrx_word' id='word_1_26' title='bbox 594 925 717 983; x_wconf 75' lang='lat' dir='ltr'>libertati</span> <span class='ocrx_word' id='word_1_27' title='bbox 733 931 763 982; x_wconf 91' lang='lat' dir='ltr'><strong>et</strong></span> <span class='ocrx_word' id='word_1_28' title='bbox 782 924 912 983; x_wconf 75' lang='lat' dir='ltr'><strong>ecclesio</strong></span> 
     </span>
     <span class='ocr_line' id='line_1_7' title="bbox 146 1011 910 1088; baseline -0.003 -15"><span class='ocrx_word' id='word_1_29' title='bbox 146 1013 294 1073; x_wconf 83' lang='lat' dir='ltr'><strong>Casalensi</strong></span> <span class='ocrx_word' id='word_1_30' title='bbox 307 1011 531 1072; x_wconf 68' lang='lat' dir='ltr'><strong>satisfactionem</strong></span> <span class='ocrx_word' id='word_1_31' title='bbox 553 1028 712 1088; x_wconf 87' lang='lat' dir='ltr'><strong>congruam</strong></span> <span class='ocrx_word' id='word_1_32' title='bbox 732 1012 910 1087; x_wconf 86' lang='lat' dir='ltr'><strong>impendunt.</strong></span> 
     </span>
    </p>
   </div>
   <div class='ocr_carea' id='block_1_6' title="bbox 109 1121 916 3553">
    <p class='ocr_par' dir='ltr' id='par_1_6' title="bbox 111 1121 912 1297">
     <span class='ocr_line' id='line_1_8' title="bbox 153 1121 912 1201; baseline 0 -17"><span class='ocrx_word' id='word_1_33' title='bbox 153 1121 322 1184; x_wconf 86' lang='lat' dir='ltr'><strong>Honorius</strong></span> <span class='ocrx_word' id='word_1_34' title='bbox 337 1123 514 1201; x_wconf 87' lang='lat' dir='ltr'><strong>episcopus</strong></span> <span class='ocrx_word' id='word_1_35' title='bbox 534 1138 651 1185; x_wconf 85' lang='lat' dir='ltr'><strong>servus</strong></span> <span class='ocrx_word' id='word_1_36' title='bbox 666 1138 838 1186; x_wconf 85' lang='lat' dir='ltr'><strong>servorum</strong></span> <span class='ocrx_word' id='word_1_37' title='bbox 851 1122 912 1185; x_wconf 89' lang='lat' dir='ltr'><strong>Dei</strong></span> 
     </span>
     <span class='ocr_line' id='line_1_9' title="bbox 111 1218 552 1297; baseline 0 -16"><span class='ocrx_word' id='word_1_38' title='bbox 111 1218 291 1297; x_wconf 80' lang='lat' dir='ltr'><strong>praeposito</strong></span> <span class='ocrx_word' id='word_1_39' title='bbox 307 1220 552 1296; x_wconf 85' lang='lat' dir='ltr'><strong>Hiporegiensi.</strong></span> 
     </span>
    </p>

    <p class='ocr_par' dir='ltr' id='par_1_7' title="bbox 109 1317 916 3553">
     <span class='ocr_line' id='line_1_10' title="bbox 153 1317 911 1396; baseline 0 -16"><span class='ocrx_word' id='word_1_40' title='bbox 153 1318 202 1380; x_wconf 80' lang='lat' dir='ltr'><strong>Ad</strong></span> <span class='ocrx_word' id='word_1_41' title='bbox 229 1317 432 1379; x_wconf 91' lang='lat' dir='ltr'><strong>audientiam</strong></span> <span class='ocrx_word' id='word_1_42' title='bbox 454 1320 601 1380; x_wconf 90' lang='lat' dir='ltr'><strong>nostram</strong></span> <span class='ocrx_word' id='word_1_43' title='bbox 631 1318 764 1381; x_wconf 83' lang='lat' dir='ltr'><strong>noveris</strong></span> <span class='ocrx_word' id='word_1_44' title='bbox 788 1333 911 1396; x_wconf 86' lang='lat' dir='ltr'><strong>perre-</strong></span> 
     </span>
     <span class='ocr_line' id='line_1_11' title="bbox 112 1415 912 1492; baseline 0.001 -16"><span class='ocrx_word' id='word_1_45' title='bbox 112 1416 206 1476; x_wconf 81' lang='lat' dir='ltr'><strong>nisse</strong></span> <span class='ocrx_word' id='word_1_46' title='bbox 219 1415 304 1492; x_wconf 87' lang='lat' dir='ltr'><strong>quod</strong></span> <span class='ocrx_word' id='word_1_47' title='bbox 320 1416 411 1477; x_wconf 87' lang='lat' dir='ltr'><strong>cives</strong></span> <span class='ocrx_word' id='word_1_48' title='bbox 425 1417 655 1478; x_wconf 79' lang='lat' dir='ltr'><strong>vercellenses</strong></span> <span class='ocrx_word' id='word_1_49' title='bbox 678 1432 744 1478; x_wconf 93' lang='lat' dir='ltr'><strong>non</strong></span> <span class='ocrx_word' id='word_1_50' title='bbox 767 1417 912 1479; x_wconf 86' lang='lat' dir='ltr'><strong>contenti</strong></span> 
     </span>
     <span class='ocr_line' id='line_1_12' title="bbox 112 1513 912 1591; baseline 0.003 -17"><span class='ocrx_word' id='word_1_51' title='bbox 112 1513 202 1591; x_wconf 87' lang='lat' dir='ltr'><strong>quod</strong></span> <span class='ocrx_word' id='word_1_52' title='bbox 238 1516 384 1589; x_wconf 84' lang='lat' dir='ltr'>Burgum</span> <span class='ocrx_word' id='word_1_53' title='bbox 422 1514 550 1575; x_wconf 82' lang='lat' dir='ltr'><strong>Gasalis</strong></span> <span class='ocrx_word' id='word_1_54' title='bbox 585 1515 808 1576; x_wconf 78' lang='lat' dir='ltr'><strong>vercellensis</strong></span> <span class='ocrx_word' id='word_1_55' title='bbox 847 1517 912 1576; x_wconf 87' lang='lat' dir='ltr'><strong>Ec-</strong></span> 
     </span>
     <span class='ocr_line' id='line_1_13' title="bbox 111 1611 912 1689; baseline 0 -16"><span class='ocrx_word' id='word_1_56' title='bbox 111 1611 227 1673; x_wconf 91' lang='lat' dir='ltr'><strong>clesiae</strong></span> <span class='ocrx_word' id='word_1_57' title='bbox 255 1611 451 1689; x_wconf 87' lang='lat' dir='ltr'><strong>specialem,</strong></span> <span class='ocrx_word' id='word_1_58' title='bbox 474 1628 514 1673; x_wconf 90' lang='lat' dir='ltr'><strong>ac</strong></span> <span class='ocrx_word' id='word_1_59' title='bbox 544 1612 721 1675; x_wconf 84' lang='lat' dir='ltr'><strong>ecclesiam</strong></span> <span class='ocrx_word' id='word_1_60' title='bbox 747 1616 784 1674; x_wconf 91' lang='grc' dir='ltr'><strong>Β.</strong></span> <span class='ocrx_word' id='word_1_61' title='bbox 801 1613 912 1674; x_wconf 87' lang='lat' dir='ltr'><strong>Evasii</strong></span> 
     </span>
     <span class='ocr_line' id='line_1_14' title="bbox 111 1710 912 1789; baseline 0 -17"><span class='ocrx_word' id='word_1_62' title='bbox 111 1710 249 1787; x_wconf 84' lang='lat' dir='ltr'><strong>egregia</strong></span> <span class='ocrx_word' id='word_1_63' title='bbox 280 1711 448 1772; x_wconf 89' lang='lat' dir='ltr'><strong>structura</strong></span> <span class='ocrx_word' id='word_1_64' title='bbox 483 1710 712 1788; x_wconf 91' lang='lat' dir='ltr'><strong>spectabilem,</strong></span> <span class='ocrx_word' id='word_1_65' title='bbox 749 1713 783 1773; x_wconf 89' lang='lat' dir='ltr'><strong>et</strong></span> <span class='ocrx_word' id='word_1_66' title='bbox 807 1710 912 1789; x_wconf 87' lang='lat' dir='ltr'><strong>ipsius</strong></span> 
     </span>
     <span class='ocr_line' id='line_1_15' title="bbox 110 1808 912 1882; baseline 0 -12"><span class='ocrx_word' id='word_1_67' title='bbox 110 1810 149 1870; x_wconf 88' lang='lat' dir='ltr'><strong>B.</strong></span> <span class='ocrx_word' id='word_1_68' title='bbox 188 1808 389 1870; x_wconf 80' lang='lat' dir='ltr'><strong>contessoris</strong></span> <span class='ocrx_word' id='word_1_69' title='bbox 419 1810 548 1872; x_wconf 89' lang='lat' dir='ltr'><strong>meritis</strong></span> <span class='ocrx_word' id='word_1_70' title='bbox 584 1810 822 1882; x_wconf 82' lang='lat' dir='ltr'><strong>venerandum,</strong></span> <span class='ocrx_word' id='word_1_71' title='bbox 852 1809 912 1870; x_wconf 88' lang='lat' dir='ltr'><strong>Dei</strong></span> 
     </span>
     <span class='ocr_line' id='line_1_16' title="bbox 112 1906 912 1985; baseline 0.001 -17"><span class='ocrx_word' id='word_1_72' title='bbox 112 1906 231 1969; x_wconf 88' lang='lat' dir='ltr'><strong>timore</strong></span> <span class='ocrx_word' id='word_1_73' title='bbox 275 1907 474 1985; x_wconf 89' lang='lat' dir='ltr'><strong>postposito,</strong></span> <span class='ocrx_word' id='word_1_74' title='bbox 513 1907 765 1981; x_wconf 85' lang='lat' dir='ltr'><strong>destruxerunt,</strong></span> <span class='ocrx_word' id='word_1_75' title='bbox 809 1907 912 1969; x_wconf 90' lang='lat' dir='ltr'><strong>libros</strong></span> 
     </span>
     <span class='ocr_line' id='line_1_17' title="bbox 109 2005 909 2084; baseline 0 -17"><span class='ocrx_word' id='word_1_76' title='bbox 109 2007 146 2067; x_wconf 91' lang='lat' dir='ltr'><strong>et</strong></span> <span class='ocrx_word' id='word_1_77' title='bbox 172 2005 293 2066; x_wconf 76' lang='lat' dir='ltr'><strong>caetera</strong></span> <span class='ocrx_word' id='word_1_78' title='bbox 317 2006 511 2067; x_wconf 87' lang='lat' dir='ltr'><strong>ornamenta</strong></span> <span class='ocrx_word' id='word_1_79' title='bbox 536 2006 617 2067; x_wconf 88' lang='lat' dir='ltr'><strong>eccl.</strong></span> <span class='ocrx_word' id='word_1_80' title='bbox 641 2005 764 2068; x_wconf 78' lang='lat' dir='ltr'><strong>exinde</strong></span> <span class='ocrx_word' id='word_1_81' title='bbox 788 2021 909 2084; x_wconf 88' lang='lat' dir='ltr'><strong>aspor-</strong></span> 
     </span>
     <span class='ocr_line' id='line_1_18' title="bbox 109 2102 912 2180; baseline -0.001 -15"><span class='ocrx_word' id='word_1_82' title='bbox 109 2104 238 2178; x_wconf 80' lang='lat' dir='ltr'><strong>tantes3</strong></span> <span class='ocrx_word' id='word_1_83' title='bbox 263 2104 423 2180; x_wconf 87' lang='lat' dir='ltr'><strong>quosdam</strong></span> <span class='ocrx_word' id='word_1_84' title='bbox 450 2120 493 2165; x_wconf 87' lang='lat' dir='ltr'><strong>ex</strong></span> <span class='ocrx_word' id='word_1_85' title='bbox 521 2102 711 2165; x_wconf 88' lang='lat' dir='ltr'><strong>hominibus</strong></span> <span class='ocrx_word' id='word_1_86' title='bbox 739 2104 819 2165; x_wconf 91' lang='lat' dir='ltr'><strong>dicti</strong></span> <span class='ocrx_word' id='word_1_87' title='bbox 847 2104 912 2165; x_wconf 92' lang='lat' dir='ltr'><strong>loci</strong></span> 
     </span>
     <span class='ocr_line' id='line_1_19' title="bbox 110 2201 913 2279; baseline 0 -16"><span class='ocrx_word' id='word_1_88' title='bbox 110 2201 223 2263; x_wconf 87' lang='lat' dir='ltr'><strong>adhuc</strong></span> <span class='ocrx_word' id='word_1_89' title='bbox 236 2203 443 2278; x_wconf 86' lang='lat' dir='ltr'><strong>praesumunt</strong></span> <span class='ocrx_word' id='word_1_90' title='bbox 456 2202 605 2279; x_wconf 82' lang='lat' dir='ltr'><strong>captivos</strong></span> <span class='ocrx_word' id='word_1_91' title='bbox 627 2201 787 2273; x_wconf 88' lang='lat' dir='ltr'><strong>detinere,</strong></span> <span class='ocrx_word' id='word_1_92' title='bbox 804 2203 837 2263; x_wconf 94' lang='lat' dir='ltr'><strong>et</strong></span> <span class='ocrx_word' id='word_1_93' title='bbox 851 2217 913 2263; x_wconf 90' lang='lat' dir='ltr'><strong>nec</strong></span> 
     </span>
     <span class='ocr_line' id='line_1_20' title="bbox 110 2298 911 2378; baseline -0.001 -17"><span class='ocrx_word' id='word_1_94' title='bbox 110 2300 189 2361; x_wconf 90' lang='lat' dir='ltr'><strong>illos</strong></span> <span class='ocrx_word' id='word_1_95' title='bbox 201 2315 262 2361; x_wconf 89' lang='lat' dir='ltr'><strong>nec</strong></span> <span class='ocrx_word' id='word_1_96' title='bbox 272 2300 358 2361; x_wconf 90' lang='lat' dir='ltr'><strong>alios</strong></span> <span class='ocrx_word' id='word_1_97' title='bbox 367 2300 403 2361; x_wconf 92' lang='lat' dir='ltr'><strong>in</strong></span> <span class='ocrx_word' id='word_1_98' title='bbox 415 2300 531 2361; x_wconf 90' lang='lat' dir='ltr'><strong>eodem</strong></span> <span class='ocrx_word' id='word_1_99' title='bbox 543 2298 696 2362; x_wconf 88' lang='lat' dir='ltr'><strong>habitare</strong></span> <span class='ocrx_word' id='word_1_100' title='bbox 706 2300 911 2378; x_wconf 85' lang='lat' dir='ltr'><strong>permittunt.</strong></span> 
     </span>
     <span class='ocr_line' id='line_1_21' title="bbox 110 2395 913 2472; baseline -0.002 -15"><span class='ocrx_word' id='word_1_101' title='bbox 110 2395 259 2472; x_wconf 86' lang='lat' dir='ltr'><strong>Ideoque</strong></span> <span class='ocrx_word' id='word_1_102' title='bbox 288 2395 480 2457; x_wconf 87' lang='lat' dir='ltr'><strong>discretioni</strong></span> <span class='ocrx_word' id='word_1_103' title='bbox 504 2397 570 2458; x_wconf 86' lang='lat' dir='ltr'><strong>tuae</strong></span> <span class='ocrx_word' id='word_1_104' title='bbox 589 2396 785 2457; x_wconf 84' lang='lat' dir='ltr'><strong>mandamus</strong></span> <span class='ocrx_word' id='word_1_105' title='bbox 809 2396 913 2457; x_wconf 91' lang='lat' dir='ltr'><strong>dictos</strong></span> 
     </span>
     <span class='ocr_line' id='line_1_22' title="bbox 110 2492 914 2572; baseline -0.001 -17"><span class='ocrx_word' id='word_1_106' title='bbox 110 2493 205 2555; x_wconf 82' lang='lat' dir='ltr'><strong>cives</strong></span> <span class='ocrx_word' id='word_1_107' title='bbox 220 2508 357 2555; x_wconf 89' lang='lat' dir='ltr'><strong>moneas</strong></span> <span class='ocrx_word' id='word_1_108' title='bbox 380 2494 414 2555; x_wconf 91' lang='lat' dir='ltr'><strong>ct</strong></span> <span class='ocrx_word' id='word_1_109' title='bbox 436 2492 576 2555; x_wconf 90' lang='lat' dir='ltr'><strong>inducas</strong></span> <span class='ocrx_word' id='word_1_110' title='bbox 599 2494 701 2555; x_wconf 81' lang='lat' dir='ltr'><strong>etiam</strong></span> <span class='ocrx_word' id='word_1_111' title='bbox 720 2509 914 2572; x_wconf 88' lang='lat' dir='ltr'><strong>percensu-</strong></span> 
     </span>
     <span class='ocr_line' id='line_1_23' title="bbox 109 2591 913 2669; baseline 0 -16"><span class='ocrx_word' id='word_1_112' title='bbox 109 2606 196 2664; x_wconf 80' lang='lat' dir='ltr'><strong>ram,</strong></span> <span class='ocrx_word' id='word_1_113' title='bbox 208 2592 246 2653; x_wconf 91' lang='lat' dir='ltr'><strong>ut</strong></span> <span class='ocrx_word' id='word_1_114' title='bbox 259 2606 317 2652; x_wconf 90' lang='lat' dir='ltr'><strong>eos</strong></span> <span class='ocrx_word' id='word_1_115' title='bbox 330 2592 454 2669; x_wconf 90' lang='lat' dir='ltr'><strong>captos,</strong></span> <span class='ocrx_word' id='word_1_116' title='bbox 472 2592 529 2653; x_wconf 90' lang='lat' dir='ltr'><strong>sed</strong></span> <span class='ocrx_word' id='word_1_117' title='bbox 549 2592 651 2653; x_wconf 90' lang='lat' dir='ltr'><strong>ctiam</strong></span> <span class='ocrx_word' id='word_1_118' title='bbox 665 2591 798 2653; x_wconf 87' lang='lat' dir='ltr'><strong>obsides</strong></span> <span class='ocrx_word' id='word_1_119' title='bbox 812 2592 913 2653; x_wconf 89' lang='lat' dir='ltr'><strong>resti-</strong></span> 
     </span>
     <span class='ocr_line' id='line_1_24' title="bbox 109 2688 911 2768; baseline 0 -17"><span class='ocrx_word' id='word_1_120' title='bbox 109 2690 209 2751; x_wconf 88' lang='lat' dir='ltr'><strong>tuant</strong></span> <span class='ocrx_word' id='word_1_121' title='bbox 230 2689 387 2763; x_wconf 83' lang='lat' dir='ltr'><strong>libertati,</strong></span> <span class='ocrx_word' id='word_1_122' title='bbox 410 2690 444 2751; x_wconf 88' lang='lat' dir='ltr'><strong>et</strong></span> <span class='ocrx_word' id='word_1_123' title='bbox 467 2688 512 2752; x_wconf 90' lang='lat' dir='ltr'><strong>ibi</strong></span> <span class='ocrx_word' id='word_1_124' title='bbox 536 2690 690 2753; x_wconf 85' lang='lat' dir='ltr'><strong>habitare</strong></span> <span class='ocrx_word' id='word_1_125' title='bbox 710 2690 911 2768; x_wconf 79' lang='lat' dir='ltr'><strong>permittant,</strong></span> 
     </span>
     <span class='ocr_line' id='line_1_25' title="bbox 113 2786 914 2866; baseline -0.002 -15"><span class='ocrx_word' id='word_1_126' title='bbox 113 2803 155 2851; x_wconf 91' lang='lat' dir='ltr'><strong>ac</strong></span> <span class='ocrx_word' id='word_1_127' title='bbox 167 2787 344 2850; x_wconf 82' lang='lat' dir='ltr'><strong>observent</strong></span> <span class='ocrx_word' id='word_1_128' title='bbox 361 2788 487 2850; x_wconf 90' lang='lat' dir='ltr'><strong>eisdem</strong></span> <span class='ocrx_word' id='word_1_129' title='bbox 512 2804 627 2866; x_wconf 90' lang='lat' dir='ltr'><strong>pacem</strong></span> <span class='ocrx_word' id='word_1_130' title='bbox 646 2788 699 2850; x_wconf 84' lang='lat' dir='ltr'><strong>nel</strong></span> <span class='ocrx_word' id='word_1_131' title='bbox 712 2789 865 2865; x_wconf 66' lang='lat' dir='ltr'><strong>beugam</strong></span> <span class='ocrx_word' id='word_1_132' title='bbox 878 2786 914 2849; x_wconf 88' lang='lat' dir='ltr'><strong>in</strong></span> 
     </span>
     <span class='ocr_line' id='line_1_26' title="bbox 114 2886 914 2963; baseline 0 -16"><span class='ocrx_word' id='word_1_133' title='bbox 114 2886 266 2963; x_wconf 88' lang='lat' dir='ltr'><strong>generali</strong></span> <span class='ocrx_word' id='word_1_134' title='bbox 294 2887 443 2948; x_wconf 87' lang='lat' dir='ltr'><strong>Concilio</strong></span> <span class='ocrx_word' id='word_1_135' title='bbox 471 2887 677 2959; x_wconf 87' lang='lat' dir='ltr'><strong>constitutas,</strong></span> <span class='ocrx_word' id='word_1_136' title='bbox 708 2886 750 2949; x_wconf 86' lang='lat' dir='ltr'><strong>de</strong></span> <span class='ocrx_word' id='word_1_137' title='bbox 784 2886 914 2948; x_wconf 86' lang='lat' dir='ltr'><strong>damnis</strong></span> 
     </span>
     <span class='ocr_line' id='line_1_27' title="bbox 116 2982 915 3047; baseline 0.001 -2"><span class='ocrx_word' id='word_1_138' title='bbox 116 2982 223 3045; x_wconf 87' lang='lat' dir='ltr'><strong>illatis</strong></span> <span class='ocrx_word' id='word_1_139' title='bbox 254 2985 336 3047; x_wconf 88' lang='lat' dir='ltr'><strong>eccl.</strong></span> <span class='ocrx_word' id='word_1_140' title='bbox 378 2984 548 3046; x_wconf 85' lang='lat' dir='ltr'><strong>casalensi</strong></span> <span class='ocrx_word' id='word_1_141' title='bbox 585 2984 846 3047; x_wconf 79' lang='lat' dir='ltr'><strong>satisfactionem</strong></span> <span class='ocrx_word' id='word_1_142' title='bbox 882 2985 915 3046; x_wconf 90' lang='lat' dir='ltr'><strong>et</strong></span> 
     </span>
     <span class='ocr_line' id='line_1_28' title="bbox 112 3082 916 3159; baseline 0.001 -15"><span class='ocrx_word' id='word_1_143' title='bbox 112 3098 298 3158; x_wconf 89' lang='lat' dir='ltr'><strong>congruam</strong></span> <span class='ocrx_word' id='word_1_144' title='bbox 307 3083 547 3159; x_wconf 69' lang='lat' dir='ltr'><strong>impendentes</strong></span> <span class='ocrx_word' id='word_1_145' title='bbox 563 3084 597 3146; x_wconf 88' lang='lat' dir='ltr'><strong>et</strong></span> <span class='ocrx_word' id='word_1_146' title='bbox 609 3082 825 3145; x_wconf 80' lang='lat' dir='ltr'><strong>alexandrin.</strong></span> <span class='ocrx_word' id='word_1_147' title='bbox 837 3098 916 3159; x_wconf 84' lang='lat' dir='ltr'><strong>quo-</strong></span> 
     </span>
     <span class='ocr_line' id='line_1_29' title="bbox 110 3179 916 3261; baseline 0.001 -21"><span class='ocrx_word' id='word_1_148' title='bbox 110 3196 179 3261; x_wconf 85' lang='lat' dir='ltr'><strong>que</strong></span> <span class='ocrx_word' id='word_1_149' title='bbox 194 3180 236 3241; x_wconf 89' lang='lat' dir='ltr'><strong>ad</strong></span> <span class='ocrx_word' id='word_1_150' title='bbox 251 3196 366 3257; x_wconf 89' lang='lat' dir='ltr'><strong>pacem</strong></span> <span class='ocrx_word' id='word_1_151' title='bbox 380 3181 412 3242; x_wconf 93' lang='lat' dir='ltr'><strong>et</strong></span> <span class='ocrx_word' id='word_1_152' title='bbox 425 3183 577 3257; x_wconf 89' lang='lat' dir='ltr'><strong>treugam</strong></span> <span class='ocrx_word' id='word_1_153' title='bbox 595 3182 785 3257; x_wconf 86' lang='lat' dir='ltr'><strong>pernotatas</strong></span> <span class='ocrx_word' id='word_1_154' title='bbox 800 3179 916 3241; x_wconf 91' lang='lat' dir='ltr'><strong>obser-</strong></span> 
     </span>
     <span class='ocr_line' id='line_1_30' title="bbox 110 3277 914 3355; baseline 0 -14"><span class='ocrx_word' id='word_1_155' title='bbox 110 3277 242 3341; x_wconf 85' lang='lat' dir='ltr'><strong>vandas</strong></span> <span class='ocrx_word' id='word_1_156' title='bbox 251 3278 366 3340; x_wconf 91' lang='lat' dir='ltr'><strong>eadem</strong></span> <span class='ocrx_word' id='word_1_157' title='bbox 378 3278 577 3340; x_wconf 84' lang='lat' dir='ltr'><strong>discretione</strong></span> <span class='ocrx_word' id='word_1_158' title='bbox 587 3277 779 3355; x_wconf 88' lang='lat' dir='ltr'><strong>compellas.</strong></span> <span class='ocrx_word' id='word_1_159' title='bbox 794 3278 914 3341; x_wconf 88' lang='lat' dir='ltr'><strong>batum</strong></span> 
     </span>
     <span class='ocr_line' id='line_1_31' title="bbox 114 3376 916 3454; baseline -0.004 -15"><span class='ocrx_word' id='word_1_160' title='bbox 114 3376 287 3447; x_wconf 87' lang='lat' dir='ltr'><strong>Laterani,</strong></span> <span class='ocrx_word' id='word_1_161' title='bbox 304 3376 437 3438; x_wconf 85' lang='lat' dir='ltr'><strong>kalend.</strong></span> <span class='ocrx_word' id='word_1_162' title='bbox 463 3376 591 3454; x_wconf 85' lang='lat' dir='ltr'><strong>aprilis,</strong></span> <span class='ocrx_word' id='word_1_163' title='bbox 609 3376 821 3454; x_wconf 82' lang='lat' dir='ltr'><strong>pontificatus</strong></span> <span class='ocrx_word' id='word_1_164' title='bbox 836 3389 916 3437; x_wconf 90' lang='lat' dir='ltr'><strong>nos-</strong></span> 
     </span>
     <span class='ocr_line' id='line_1_32' title="bbox 114 3475 394 3553; baseline -0.007 -16"><span class='ocrx_word' id='word_1_165' title='bbox 114 3475 161 3537; x_wconf 82' lang='lat' dir='ltr'><strong>tri</strong></span> <span class='ocrx_word' id='word_1_166' title='bbox 175 3490 263 3536; x_wconf 89' lang='lat' dir='ltr'><strong>anno</strong></span> <span class='ocrx_word' id='word_1_167' title='bbox 275 3475 394 3553; x_wconf 87' lang='lat' dir='ltr'><strong>prime.</strong></span> 
     </span>
    </p>
   </div>
   <div class='ocr_carea' id='block_1_7' title="bbox 383 3607 643 3695">
    <p class='ocr_par' dir='ltr' id='par_1_8' title="bbox 383 3607 643 3695">
     <span class='ocr_line' id='line_1_33' title="bbox 383 3607 643 3695; baseline 0 -2"><span class='ocrx_word' id='word_1_168' title='bbox 383 3607 643 3695; x_wconf 81' lang='lat' dir='ltr'>GCLXXXIII</span> 
     </span>
    </p>
   </div>
   <div class='ocr_carea' id='block_1_8' title="bbox 175 3750 854 4133">
    <p class='ocr_par' dir='ltr' id='par_1_9' title="bbox 175 3750 854 4133">
     <span class='ocr_line' id='line_1_34' title="bbox 216 3750 814 3823; baseline -0.008 -9"><span class='ocrx_word' id='word_1_169' title='bbox 216 3753 267 3813; x_wconf 83' lang='lat' dir='ltr'><strong>Ad</strong></span> <span class='ocrx_word' id='word_1_170' title='bbox 279 3751 503 3813; x_wconf 76' lang='lat' dir='ltr'><strong>Gallornoum</strong></span> <span class='ocrx_word' id='word_1_171' title='bbox 520 3750 814 3823; x_wconf 73' lang='lat' dir='ltr'><strong>archiepiscopum</strong></span> 
     </span>
     <span class='ocr_line' id='line_1_35' title="bbox 374 3850 648 3911; baseline -0.018 0"><span class='ocrx_word' id='word_1_172' title='bbox 374 3850 648 3911; x_wconf 66' lang='lat' dir='ltr'><strong>nidrosiensem.</strong></span> 
     </span>
     <span class='ocr_line' id='line_1_36' title="bbox 417 3970 613 4043; baseline 0.005 -16"><span class='ocrx_word' id='word_1_173' title='bbox 417 3971 431 4027; x_wconf 87' lang='lat' dir='ltr'><strong>l</strong></span> <span class='ocrx_word' id='word_1_174' title='bbox 453 3985 513 4043; x_wconf 87' lang='lat' dir='ltr'><strong>apr.</strong></span> <span class='ocrx_word' id='word_1_175' title='bbox 536 3970 613 4028; x_wconf 76' lang='lat'><strong>1217.</strong></span> 
     </span>
     <span class='ocr_line' id='line_1_37' title="bbox 175 4064 854 4133; baseline -0.007 -14"><span class='ocrx_word' id='word_1_176' title='bbox 175 4069 279 4133; x_wconf 63' lang='lat' dir='ltr'><strong>[Lange</strong></span> <span class='ocrx_word' id='word_1_177' title='bbox 294 4066 507 4132; x_wconf 82' lang='lat' dir='ltr'><strong>Diplomotorium</strong></span> <span class='ocrx_word' id='word_1_178' title='bbox 517 4066 693 4130; x_wconf 81' lang='lat' dir='ltr'><strong>Norvegicum,</strong></span> <span class='ocrx_word' id='word_1_179' title='bbox 709 4071 729 4115; x_wconf 90' lang='lat' dir='ltr'><strong>t.</strong></span> <span class='ocrx_word' id='word_1_180' title='bbox 741 4067 761 4125; x_wconf 93' lang='lat' dir='ltr'><strong>l,</strong></span> <span class='ocrx_word' id='word_1_181' title='bbox 779 4078 804 4131; x_wconf 91' lang='lat' dir='ltr'><strong>p.</strong></span> <span class='ocrx_word' id='word_1_182' title='bbox 817 4064 854 4130; x_wconf 75' lang='grc'><strong>5.]</strong></span> 
     </span>
    </p>
   </div>
   <div class='ocr_carea' id='block_1_9' title="bbox 113 4172 918 4783">
    <p class='ocr_par' dir='ltr' id='par_1_10' title="bbox 113 4172 918 4783">
     <span class='ocr_line' id='line_1_38' title="bbox 113 4172 916 4247; baseline -0.011 -10"><span class='ocrx_word' id='word_1_183' title='bbox 113 4175 244 4246; x_wconf 87' lang='lat' dir='ltr'><strong>blandat,</strong></span> <span class='ocrx_word' id='word_1_184' title='bbox 262 4183 292 4233; x_wconf 95' lang='lat' dir='ltr'><strong>ut</strong></span> <span class='ocrx_word' id='word_1_185' title='bbox 311 4190 377 4233; x_wconf 84' lang='lat' dir='ltr'><strong>curn</strong></span> <span class='ocrx_word' id='word_1_186' title='bbox 392 4173 525 4233; x_wconf 87' lang='lat' dir='ltr'><strong>Havardo</strong></span> <span class='ocrx_word' id='word_1_187' title='bbox 547 4174 686 4247; x_wconf 82' lang='lat' dir='ltr'><strong>bergensi</strong></span> <span class='ocrx_word' id='word_1_188' title='bbox 700 4174 852 4241; x_wconf 86' lang='lat' dir='ltr'><strong>canonico,</strong></span> <span class='ocrx_word' id='word_1_189' title='bbox 868 4172 916 4245; x_wconf 84' lang='lat' dir='ltr'><strong>qui</strong></span> 
     </span>
     <span class='ocr_line' id='line_1_39' title="bbox 153 4262 914 4338; baseline -0.007 -14"><span class='ocrx_word' id='word_1_190' title='bbox 153 4266 191 4324; x_wconf 95' lang='lat' dir='ltr'><strong>ab</strong></span> <span class='ocrx_word' id='word_1_191' title='bbox 203 4268 314 4338; x_wconf 89' lang='lat' dir='ltr'><strong>lugone</strong></span> <span class='ocrx_word' id='word_1_192' title='bbox 333 4265 477 4337; x_wconf 82' lang='lat' dir='ltr'><strong>Norwcjaa</strong></span> <span class='ocrx_word' id='word_1_193' title='bbox 500 4278 579 4336; x_wconf 86' lang='lat' dir='ltr'><strong>rege,</strong></span> <span class='ocrx_word' id='word_1_194' title='bbox 596 4264 673 4320; x_wconf 86' lang='lat' dir='ltr'><strong>clero</strong></span> <span class='ocrx_word' id='word_1_195' title='bbox 685 4269 714 4320; x_wconf 90' lang='lat' dir='ltr'><strong>et</strong></span> <span class='ocrx_word' id='word_1_196' title='bbox 732 4262 835 4335; x_wconf 92' lang='lat' dir='ltr'><strong>populo</strong></span> <span class='ocrx_word' id='word_1_197' title='bbox 847 4264 914 4320; x_wconf 89' lang='lat' dir='ltr'><strong>Ber·</strong></span> 
     </span>
     <span class='ocr_line' id='line_1_40' title="bbox 151 4351 918 4430; baseline -0.008 -17"><span class='ocrx_word' id='word_1_198' title='bbox 151 4356 254 4430; x_wconf 82' lang='lat' dir='ltr'><strong>gensis</strong></span> <span class='ocrx_word' id='word_1_199' title='bbox 267 4352 401 4411; x_wconf 78' lang='lat' dir='ltr'><strong>dioecesis</strong></span> <span class='ocrx_word' id='word_1_200' title='bbox 413 4354 548 4410; x_wconf 87' lang='lat' dir='ltr'><strong>universo</strong></span> <span class='ocrx_word' id='word_1_201' title='bbox 560 4352 757 4425; x_wconf 85' lang='lat' dir='ltr'><strong>expostulatus</strong></span> <span class='ocrx_word' id='word_1_202' title='bbox 776 4352 806 4408; x_wconf 91' lang='lat' dir='ltr'><strong>in</strong></span> <span class='ocrx_word' id='word_1_203' title='bbox 821 4351 918 4425; x_wconf 79' lang='lat' dir='ltr'><strong>prela·</strong></span> 
     </span>
     <span class='ocr_line' id='line_1_41' title="bbox 152 4440 915 4517; baseline -0.007 -15"><span class='ocrx_word' id='word_1_204' title='bbox 152 4452 223 4513; x_wconf 89' lang='lat' dir='ltr'><strong>tum,</strong></span> <span class='ocrx_word' id='word_1_205' title='bbox 241 4458 257 4501; x_wconf 86' lang='lat' dir='ltr'><strong>e</strong></span> <span class='ocrx_word' id='word_1_206' title='bbox 272 4450 353 4517; x_wconf 89' lang='lat' dir='ltr'><strong>patre</strong></span> <span class='ocrx_word' id='word_1_207' title='bbox 368 4450 464 4500; x_wconf 89' lang='lat' dir='ltr'><strong>autem</strong></span> <span class='ocrx_word' id='word_1_208' title='bbox 479 4440 627 4499; x_wconf 85' lang='lat' dir='ltr'><strong>sacerdote</strong></span> <span class='ocrx_word' id='word_1_209' title='bbox 641 4441 671 4497; x_wconf 92' lang='lat' dir='ltr'><strong>in</strong></span> <span class='ocrx_word' id='word_1_210' title='bbox 688 4440 851 4498; x_wconf 83' lang='lat' dir='ltr'><strong>sacerdotio</strong></span> <span class='ocrx_word' id='word_1_211' title='bbox 863 4454 915 4513; x_wconf 87' lang='lat' dir='ltr'><strong>gc·</strong></span> 
     </span>
     <span class='ocr_line' id='line_1_42' title="bbox 152 4528 916 4604; baseline -0.007 -14"><span class='ocrx_word' id='word_1_212' title='bbox 152 4541 270 4590; x_wconf 88' lang='lat' dir='ltr'><strong>neratus</strong></span> <span class='ocrx_word' id='word_1_213' title='bbox 282 4533 329 4601; x_wconf 90' lang='lat' dir='ltr'><strong>sit,</strong></span> <span class='ocrx_word' id='word_1_214' title='bbox 347 4539 459 4604; x_wconf 88' lang='lat' dir='ltr'><strong>propter</strong></span> <span class='ocrx_word' id='word_1_215' title='bbox 478 4530 534 4588; x_wconf 90' lang='lat' dir='ltr'><strong>hoc</strong></span> <span class='ocrx_word' id='word_1_216' title='bbox 548 4529 703 4603; x_wconf 82' lang='lat' dir='ltr'><strong>dispenset,</strong></span> <span class='ocrx_word' id='word_1_217' title='bbox 722 4529 761 4586; x_wconf 91' lang='lat' dir='ltr'><strong>ita</strong></span> <span class='ocrx_word' id='word_1_218' title='bbox 774 4528 916 4598; x_wconf 82' lang='lat' dir='ltr'><strong>videlicet,</strong></span> 
     </span>
     <span class='ocr_line' id='line_1_43' title="bbox 152 4617 918 4694; baseline -0.003 -16"><span class='ocrx_word' id='word_1_219' title='bbox 152 4620 229 4694; x_wconf 86' lang='lat' dir='ltr'><strong>quod</strong></span> <span class='ocrx_word' id='word_1_220' title='bbox 252 4620 459 4694; x_wconf 86' lang='lat' dir='ltr'><strong>impedimento</strong></span> <span class='ocrx_word' id='word_1_221' title='bbox 480 4618 643 4691; x_wconf 84' lang='lat' dir='ltr'><strong>hujusmodi</strong></span> <span class='ocrx_word' id='word_1_222' title='bbox 665 4617 866 4676; x_wconf 89' lang='lat' dir='ltr'><strong>nonobstante</strong></span> <span class='ocrx_word' id='word_1_223' title='bbox 882 4618 918 4676; x_wconf 87' lang='lat' dir='ltr'><strong>ad</strong></span> 
     </span>
     <span class='ocr_line' id='line_1_44' title="bbox 152 4708 742 4783; baseline -0.007 -15"><span class='ocrx_word' id='word_1_224' title='bbox 152 4709 286 4769; x_wconf 87' lang='lat' dir='ltr'><strong>eamdem</strong></span> <span class='ocrx_word' id='word_1_225' title='bbox 298 4710 449 4767; x_wconf 88' lang='lat' dir='ltr'><strong>ecclesiam</strong></span> <span class='ocrx_word' id='word_1_226' title='bbox 460 4710 555 4766; x_wconf 85' lang='lat' dir='ltr'><strong>valeat</strong></span> <span class='ocrx_word' id='word_1_227' title='bbox 570 4708 742 4783; x_wconf 86' lang='lat' dir='ltr'><strong>promoveri.</strong></span> 
     </span>
    </p>
   </div>
   <div class='ocr_carea' id='block_1_10' title="bbox 115 4827 922 5689">
    <p class='ocr_par' dir='ltr' id='par_1_11' title="bbox 115 4827 915 5004">
     <span class='ocr_line' id='line_1_45' title="bbox 115 4827 915 4906; baseline -0.006 -15"><span class='ocrx_word' id='word_1_228' title='bbox 115 4829 286 4892; x_wconf 86' lang='lat' dir='ltr'><strong>Honorius</strong></span> <span class='ocrx_word' id='word_1_229' title='bbox 310 4828 500 4906; x_wconf 87' lang='lat' dir='ltr'><strong>episcopus,</strong></span> <span class='ocrx_word' id='word_1_230' title='bbox 517 4842 633 4888; x_wconf 86' lang='lat' dir='ltr'><strong>servus</strong></span> <span class='ocrx_word' id='word_1_231' title='bbox 650 4841 823 4887; x_wconf 88' lang='lat' dir='ltr'><strong>servorum</strong></span> <span class='ocrx_word' id='word_1_232' title='bbox 844 4827 915 4899; x_wconf 90' lang='lat' dir='ltr'><strong>Dei,</strong></span> 
     </span>
     <span class='ocr_line' id='line_1_46' title="bbox 118 4924 609 5004; baseline -0.012 -14"><span class='ocrx_word' id='word_1_233' title='bbox 118 4926 374 5004; x_wconf 74' lang='lat' dir='ltr'><strong>archiepiscopo</strong></span> <span class='ocrx_word' id='word_1_234' title='bbox 388 4924 609 4987; x_wconf 89' lang='lat' dir='ltr'><strong>Nidrcsiensi.</strong></span> 
     </span>
    </p>

    <p class='ocr_par' dir='ltr' id='par_1_12' title="bbox 117 5021 922 5689">
     <span class='ocr_line' id='line_1_47' title="bbox 160 5021 920 5102; baseline -0.004 -15"><span class='ocrx_word' id='word_1_235' title='bbox 160 5025 360 5102; x_wconf 83' lang='lat' dir='ltr'><strong>Apostolicae</strong></span> <span class='ocrx_word' id='word_1_236' title='bbox 374 5023 470 5084; x_wconf 87' lang='lat' dir='ltr'><strong>Sedis</strong></span> <span class='ocrx_word' id='word_1_237' title='bbox 484 5023 594 5101; x_wconf 90' lang='lat' dir='ltr'><strong>ampla</strong></span> <span class='ocrx_word' id='word_1_238' title='bbox 610 5021 798 5098; x_wconf 77' lang='lat' dir='ltr'><strong>benignitas</strong></span> <span class='ocrx_word' id='word_1_239' title='bbox 812 5022 920 5087; x_wconf 79' lang='lat' dir='ltr'><strong>varia·</strong></span> 
     </span>
     <span class='ocr_line' id='line_1_48' title="bbox 117 5120 920 5198; baseline -0.004 -13"><span class='ocrx_word' id='word_1_240' title='bbox 117 5122 204 5185; x_wconf 88' lang='lat' dir='ltr'><strong>biles</strong></span> <span class='ocrx_word' id='word_1_241' title='bbox 233 5138 331 5183; x_wconf 88' lang='lat' dir='ltr'><strong>casus</strong></span> <span class='ocrx_word' id='word_1_242' title='bbox 354 5124 552 5198; x_wconf 88' lang='lat' dir='ltr'><strong>temporum,</strong></span> <span class='ocrx_word' id='word_1_243' title='bbox 578 5122 683 5182; x_wconf 87' lang='lat' dir='ltr'><strong>status</strong></span> <span class='ocrx_word' id='word_1_244' title='bbox 713 5120 861 5181; x_wconf 90' lang='lat' dir='ltr'><strong>locorum</strong></span> <span class='ocrx_word' id='word_1_245' title='bbox 887 5122 920 5182; x_wconf 89' lang='lat' dir='ltr'><strong>el</strong></span> 
     </span>
     <span class='ocr_line' id='line_1_49' title="bbox 119 5215 920 5301; baseline -0.004 -18"><span class='ocrx_word' id='word_1_246' title='bbox 119 5236 341 5301; x_wconf 86' lang='lat' dir='ltr'><strong>personarum</strong></span> <span class='ocrx_word' id='word_1_247' title='bbox 356 5220 475 5281; x_wconf 86' lang='lat' dir='ltr'><strong>merita</strong></span> <span class='ocrx_word' id='word_1_248' title='bbox 496 5218 724 5289; x_wconf 90' lang='lat' dir='ltr'><strong>considerans,</strong></span> <span class='ocrx_word' id='word_1_249' title='bbox 743 5215 920 5294; x_wconf 80' lang='lat' dir='ltr'><strong>diligenter</strong></span> 
     </span>
     <span class='ocr_line' id='line_1_50' title="bbox 121 5316 920 5399; baseline -0.003 -20"><span class='ocrx_word' id='word_1_250' title='bbox 121 5320 319 5399; x_wconf 87' lang='lat' dir='ltr'><strong>plerumque</strong></span> <span class='ocrx_word' id='word_1_251' title='bbox 329 5319 474 5395; x_wconf 89' lang='lat' dir='ltr'><strong>rigorem</strong></span> <span class='ocrx_word' id='word_1_252' title='bbox 487 5318 674 5394; x_wconf 89' lang='lat' dir='ltr'><strong>temperare</strong></span> <span class='ocrx_word' id='word_1_253' title='bbox 684 5316 824 5393; x_wconf 80' lang='lat' dir='ltr'><strong>justitie</strong></span> <span class='ocrx_word' id='word_1_254' title='bbox 840 5332 920 5378; x_wconf 90' lang='lat' dir='ltr'><strong>con-</strong></span> 
     </span>
     <span class='ocr_line' id='line_1_51' title="bbox 121 5414 920 5492; baseline -0.003 -13"><span class='ocrx_word' id='word_1_255' title='bbox 121 5417 336 5479; x_wconf 82' lang='lat' dir='ltr'><strong>suevitcirca</strong></span> <span class='ocrx_word' id='word_1_256' title='bbox 353 5416 444 5477; x_wconf 84' lang='lat' dir='ltr'><strong>viros</strong></span> <span class='ocrx_word' id='word_1_257' title='bbox 466 5415 627 5477; x_wconf 82' lang='lat' dir='ltr'><strong>duntaxat</strong></span> <span class='ocrx_word' id='word_1_258' title='bbox 647 5414 814 5492; x_wconf 86' lang='lat' dir='ltr'><strong>praecipue</strong></span> <span class='ocrx_word' id='word_1_259' title='bbox 837 5430 920 5492; x_wconf 89' lang='lat' dir='ltr'><strong>pro-</strong></span> 
     </span>
     <span class='ocr_line' id='line_1_52' title="bbox 120 5512 922 5591; baseline -0.002 -14"><span class='ocrx_word' id='word_1_260' title='bbox 120 5516 217 5577; x_wconf 79' lang='lat' dir='ltr'><strong>vidos</strong></span> <span class='ocrx_word' id='word_1_261' title='bbox 233 5515 267 5576; x_wconf 91' lang='lat' dir='ltr'><strong>et</strong></span> <span class='ocrx_word' id='word_1_262' title='bbox 288 5513 456 5583; x_wconf 85' lang='lat' dir='ltr'><strong>honestos,</strong></span> <span class='ocrx_word' id='word_1_263' title='bbox 482 5529 623 5591; x_wconf 88' lang='lat' dir='ltr'><strong>quorum</strong></span> <span class='ocrx_word' id='word_1_264' title='bbox 634 5512 825 5575; x_wconf 88' lang='lat' dir='ltr'><strong>examinata</strong></span> <span class='ocrx_word' id='word_1_265' title='bbox 841 5529 922 5591; x_wconf 89' lang='lat' dir='ltr'><strong>pru-</strong></span> 
     </span>
     <span class='ocr_line' id='line_1_53' title="bbox 120 5610 921 5689; baseline -0.002 -12"><span class='ocrx_word' id='word_1_266' title='bbox 120 5613 236 5677; x_wconf 83' lang='lat' dir='ltr'><strong>dentia</strong></span> <span class='ocrx_word' id='word_1_267' title='bbox 251 5628 398 5689; x_wconf 91' lang='lat' dir='ltr'><strong>congruo</strong></span> <span class='ocrx_word' id='word_1_268' title='bbox 409 5612 442 5675; x_wconf 89' lang='lat' dir='ltr'><strong>et</strong></span> <span class='ocrx_word' id='word_1_269' title='bbox 454 5610 630 5674; x_wconf 86' lang='lat' dir='ltr'><strong>sullicienti</strong></span> <span class='ocrx_word' id='word_1_270' title='bbox 641 5610 831 5675; x_wconf 86' lang='lat' dir='ltr'><strong>testimonio</strong></span> <span class='ocrx_word' id='word_1_271' title='bbox 846 5627 921 5675; x_wconf 90' lang='lat' dir='ltr'><strong>cum</strong></span> 
     </span>
    </p>
   </div>
   <div class='ocr_carea' id='block_1_11' title="bbox 1701 258 1765 323">
    <p class='ocr_par' dir='ltr' id='par_1_13' title="bbox 1701 258 1765 323">
     <span class='ocr_line' id='line_1_54' title="bbox 1701 258 1765 323; baseline 0 0"><span class='ocrx_word' id='word_1_272' title='bbox 1701 258 1765 323; x_wconf 78' lang='lat'><strong>35⁰</strong></span> 
     </span>
    </p>
   </div>
   <div class='ocr_carea' id='block_1_12' title="bbox 965 408 1769 1868">
    <p class='ocr_par' dir='ltr' id='par_1_14' title="bbox 965 408 1769 1868">
     <span class='ocr_line' id='line_1_55' title="bbox 965 408 1763 482; baseline 0.013 -10"><span class='ocrx_word' id='word_1_273' title='bbox 965 408 1067 473; x_wconf 91' lang='lat' dir='ltr'><strong>odore</strong></span> <span class='ocrx_word' id='word_1_274' title='bbox 1080 410 1161 473; x_wconf 89' lang='lat' dir='ltr'><strong>boui</strong></span> <span class='ocrx_word' id='word_1_275' title='bbox 1181 412 1327 477; x_wconf 87' lang='lat' dir='ltr'><strong>nominis</strong></span> <span class='ocrx_word' id='word_1_276' title='bbox 1350 412 1611 479; x_wconf 89' lang='lat' dir='ltr'><strong>commendatur.</strong></span> <span class='ocrx_word' id='word_1_277' title='bbox 1631 418 1683 479; x_wconf 79' lang='lat' dir='ltr'><strong>Ex</strong></span> <span class='ocrx_word' id='word_1_278' title='bbox 1702 416 1763 482; x_wconf 88' lang='lat' dir='ltr'><strong>tua</strong></span> 
     </span>
     <span class='ocr_line' id='line_1_56' title="bbox 965 504 1764 585; baseline 0.013 -16"><span class='ocrx_word' id='word_1_279' title='bbox 965 508 1097 585; x_wconf 84' lang='lat' dir='ltr'><strong>quidem</strong></span> <span class='ocrx_word' id='word_1_280' title='bbox 1112 510 1146 573; x_wconf 90' lang='lat' dir='ltr'><strong>et</strong></span> <span class='ocrx_word' id='word_1_281' title='bbox 1159 504 1356 574; x_wconf 77' lang='lat' dir='ltr'><strong>dilectorum</strong></span> <span class='ocrx_word' id='word_1_282' title='bbox 1367 510 1512 577; x_wconf 84' lang='lat' dir='ltr'><strong>tiliorum</strong></span> <span class='ocrx_word' id='word_1_283' title='bbox 1525 515 1764 579; x_wconf 87' lang='lat' dir='ltr'><strong>canonicorum</strong></span> 
     </span>
     <span class='ocr_line' id='line_1_57' title="bbox 965 608 1764 689; baseline 0.01 -20"><span class='ocrx_word' id='word_1_284' title='bbox 965 608 1142 684; x_wconf 87' lang='lat' dir='ltr'><strong>Bergensis</strong></span> <span class='ocrx_word' id='word_1_285' title='bbox 1156 610 1307 673; x_wconf 88' lang='lat' dir='ltr'><strong>ecclesiae</strong></span> <span class='ocrx_word' id='word_1_286' title='bbox 1322 610 1484 675; x_wconf 87' lang='lat' dir='ltr'><strong>relatione</strong></span> <span class='ocrx_word' id='word_1_287' title='bbox 1497 613 1594 675; x_wconf 84' lang='lat' dir='ltr'><strong>nobis</strong></span> <span class='ocrx_word' id='word_1_288' title='bbox 1607 614 1764 689; x_wconf 85' lang='lat' dir='ltr'><strong>innotuit,</strong></span> 
     </span>
     <span class='ocr_line' id='line_1_58' title="bbox 966 706 1764 789; baseline 0.011 -23"><span class='ocrx_word' id='word_1_289' title='bbox 966 706 1051 781; x_wconf 88' lang='lat' dir='ltr'><strong>quod</strong></span> <span class='ocrx_word' id='word_1_290' title='bbox 1065 722 1139 768; x_wconf 91' lang='lat' dir='ltr'><strong>cum</strong></span> <span class='ocrx_word' id='word_1_291' title='bbox 1152 707 1380 770; x_wconf 87' lang='lat' dir='ltr'><strong>Nidrcsiensis</strong></span> <span class='ocrx_word' id='word_1_292' title='bbox 1394 710 1568 787; x_wconf 79' lang='lat' dir='ltr'><strong>provincia</strong></span> <span class='ocrx_word' id='word_1_293' title='bbox 1581 712 1764 789; x_wconf 89' lang='lat' dir='ltr'><strong>peritorum</strong></span> 
     </span>
     <span class='ocr_line' id='line_1_59' title="bbox 966 803 1765 883; baseline 0.011 -18"><span class='ocrx_word' id='word_1_294' title='bbox 966 803 1164 867; x_wconf 89' lang='lat' dir='ltr'><strong>clericorum</strong></span> <span class='ocrx_word' id='word_1_295' title='bbox 1183 807 1394 869; x_wconf 88' lang='lat' dir='ltr'><strong>multitudine</strong></span> <span class='ocrx_word' id='word_1_296' title='bbox 1413 825 1483 870; x_wconf 86' lang='lat' dir='ltr'><strong>nou</strong></span> <span class='ocrx_word' id='word_1_297' title='bbox 1504 809 1659 883; x_wconf 78' lang='lat' dir='ltr'><strong>abundet,</strong></span> <span class='ocrx_word' id='word_1_298' title='bbox 1676 810 1765 875; x_wconf 87' lang='lat' dir='ltr'><strong>dicta</strong></span> 
     </span>
     <span class='ocr_line' id='line_1_60' title="bbox 966 901 1766 981; baseline 0.011 -19"><span class='ocrx_word' id='word_1_299' title='bbox 966 901 1109 965; x_wconf 89' lang='lat' dir='ltr'><strong>ecclesia</strong></span> <span class='ocrx_word' id='word_1_300' title='bbox 1130 904 1274 981; x_wconf 91' lang='lat' dir='ltr'><strong>pastoris</strong></span> <span class='ocrx_word' id='word_1_301' title='bbox 1296 906 1417 967; x_wconf 82' lang='lat' dir='ltr'><strong>solatio</strong></span> <span class='ocrx_word' id='word_1_302' title='bbox 1439 907 1608 981; x_wconf 88' lang='lat' dir='ltr'><strong>destituta,</strong></span> <span class='ocrx_word' id='word_1_303' title='bbox 1638 909 1696 971; x_wconf 81' lang='lat' dir='ltr'><strong>uix</strong></span> <span class='ocrx_word' id='word_1_304' title='bbox 1727 909 1766 971; x_wconf 88' lang='lat' dir='ltr'><strong>iu</strong></span> 
     </span>
     <span class='ocr_line' id='line_1_61' title="bbox 966 1001 1765 1083; baseline 0.01 -21"><span class='ocrx_word' id='word_1_305' title='bbox 966 1001 1082 1063; x_wconf 86' lang='lat' dir='ltr'><strong>eadem</strong></span> <span class='ocrx_word' id='word_1_306' title='bbox 1108 1003 1281 1080; x_wconf 88' lang='lat' dir='ltr'><strong>provincia</strong></span> <span class='ocrx_word' id='word_1_307' title='bbox 1309 1004 1454 1067; x_wconf 83' lang='lat' dir='ltr'><strong>inveniri</strong></span> <span class='ocrx_word' id='word_1_308' title='bbox 1481 1008 1590 1083; x_wconf 89' lang='lat' dir='ltr'><strong>potest</strong></span> <span class='ocrx_word' id='word_1_309' title='bbox 1619 1023 1765 1083; x_wconf 89' lang='lat' dir='ltr'><strong>persona</strong></span> 
     </span>
     <span class='ocr_line' id='line_1_62' title="bbox 967 1098 1767 1181; baseline 0.011 -22"><span class='ocrx_word' id='word_1_310' title='bbox 967 1098 1096 1173; x_wconf 89' lang='lat' dir='ltr'><strong>idonea,</strong></span> <span class='ocrx_word' id='word_1_311' title='bbox 1113 1118 1188 1179; x_wconf 83' lang='lat' dir='ltr'><strong>quae</strong></span> <span class='ocrx_word' id='word_1_312' title='bbox 1212 1102 1276 1179; x_wconf 89' lang='lat' dir='ltr'><strong>ipsi</strong></span> <span class='ocrx_word' id='word_1_313' title='bbox 1296 1103 1446 1165; x_wconf 84' lang='lat' dir='ltr'><strong>ecclesiae</strong></span> <span class='ocrx_word' id='word_1_314' title='bbox 1473 1103 1683 1181; x_wconf 72' lang='lat' dir='ltr'><strong>preferatur.</strong></span> <span class='ocrx_word' id='word_1_315' title='bbox 1708 1106 1767 1169; x_wconf 79' lang='lat' dir='ltr'><strong>list</strong></span> 
     </span>
     <span class='ocr_line' id='line_1_63' title="bbox 966 1197 1768 1279; baseline 0.009 -21"><span class='ocrx_word' id='word_1_316' title='bbox 966 1197 1077 1259; x_wconf 89' lang='lat' dir='ltr'><strong>autem</strong></span> <span class='ocrx_word' id='word_1_317' title='bbox 1098 1199 1152 1261; x_wconf 86' lang='lat' dir='ltr'><strong>vir</strong></span> <span class='ocrx_word' id='word_1_318' title='bbox 1171 1216 1258 1263; x_wconf 86' lang='lat' dir='ltr'><strong>unus</strong></span> <span class='ocrx_word' id='word_1_319' title='bbox 1275 1200 1366 1263; x_wconf 88' lang='lat' dir='ltr'><strong>inter</strong></span> <span class='ocrx_word' id='word_1_320' title='bbox 1385 1201 1562 1279; x_wconf 85' lang='lat' dir='ltr'><strong>praedictos</strong></span> <span class='ocrx_word' id='word_1_321' title='bbox 1585 1204 1768 1267; x_wconf 82' lang='lat' dir='ltr'><strong>canonicos</strong></span> 
     </span>
     <span class='ocr_line' id='line_1_64' title="bbox 967 1296 1767 1379; baseline 0.01 -24"><span class='ocrx_word' id='word_1_322' title='bbox 967 1296 1063 1372; x_wconf 84' lang='lat' dir='ltr'><strong>quasi</strong></span> <span class='ocrx_word' id='word_1_323' title='bbox 1077 1296 1191 1359; x_wconf 80' lang='lat' dir='ltr'><strong>diviua</strong></span> <span class='ocrx_word' id='word_1_324' title='bbox 1214 1298 1423 1377; x_wconf 86' lang='lat' dir='ltr'><strong>providentia</strong></span> <span class='ocrx_word' id='word_1_325' title='bbox 1446 1302 1648 1374; x_wconf 78' lang='lat' dir='ltr'><strong>reservatus,</strong></span> <span class='ocrx_word' id='word_1_326' title='bbox 1670 1304 1767 1379; x_wconf 88' lang='lat' dir='ltr'><strong>cujus</strong></span> 
     </span>
     <span class='ocr_line' id='line_1_65' title="bbox 967 1393 1766 1477; baseline 0.01 -23"><span class='ocrx_word' id='word_1_327' title='bbox 967 1393 1072 1455; x_wconf 88' lang='lat' dir='ltr'><strong>solius</strong></span> <span class='ocrx_word' id='word_1_328' title='bbox 1086 1393 1216 1457; x_wconf 88' lang='lat' dir='ltr'><strong>humeri</strong></span> <span class='ocrx_word' id='word_1_329' title='bbox 1230 1396 1386 1460; x_wconf 84' lang='lat' dir='ltr'><strong>videntur</strong></span> <span class='ocrx_word' id='word_1_330' title='bbox 1400 1398 1554 1461; x_wconf 85' lang='lat' dir='ltr'><strong>sufficere</strong></span> <span class='ocrx_word' id='word_1_331' title='bbox 1568 1399 1611 1461; x_wconf 96' lang='lat' dir='ltr'><strong>ad</strong></span> <span class='ocrx_word' id='word_1_332' title='bbox 1626 1401 1766 1477; x_wconf 89' lang='lat' dir='ltr'><strong>portau-</strong></span> 
     </span>
     <span class='ocr_line' id='line_1_66' title="bbox 967 1490 1768 1573; baseline 0.011 -20"><span class='ocrx_word' id='word_1_333' title='bbox 967 1490 1045 1553; x_wconf 91' lang='lat' dir='ltr'><strong>dum</strong></span> <span class='ocrx_word' id='word_1_334' title='bbox 1059 1494 1260 1571; x_wconf 83' lang='lat' dir='ltr'><strong>pontificalis</strong></span> <span class='ocrx_word' id='word_1_335' title='bbox 1277 1495 1415 1557; x_wconf 88' lang='lat' dir='ltr'><strong>honoris</strong></span> <span class='ocrx_word' id='word_1_336' title='bbox 1434 1498 1469 1558; x_wconf 86' lang='lat' dir='ltr'><strong>et</strong></span> <span class='ocrx_word' id='word_1_337' title='bbox 1486 1497 1599 1559; x_wconf 87' lang='lat' dir='ltr'><strong>oneris</strong></span> <span class='ocrx_word' id='word_1_338' title='bbox 1617 1498 1768 1573; x_wconf 77' lang='lat' dir='ltr'><strong>grauita-</strong></span> 
     </span>
     <span class='ocr_line' id='line_1_67' title="bbox 966 1590 1769 1676; baseline 0.005 -23"><span class='ocrx_word' id='word_1_339' title='bbox 966 1590 1050 1664; x_wconf 85' lang='lat' dir='ltr'><strong>tem,</strong></span> <span class='ocrx_word' id='word_1_340' title='bbox 1074 1591 1216 1655; x_wconf 89' lang='lat' dir='ltr'><strong>dilectus</strong></span> <span class='ocrx_word' id='word_1_341' title='bbox 1237 1593 1400 1670; x_wconf 83' lang='lat' dir='ltr'><strong>,videlicet</strong></span> <span class='ocrx_word' id='word_1_342' title='bbox 1422 1593 1513 1655; x_wconf 82' lang='lat' dir='ltr'><strong>illius</strong></span> <span class='ocrx_word' id='word_1_343' title='bbox 1536 1593 1591 1676; x_wconf 85' lang='lat' dir='ltr'><strong>[H]</strong></span> <span class='ocrx_word' id='word_1_344' title='bbox 1607 1596 1769 1670; x_wconf 85' lang='lat' dir='ltr'><strong>erardus,</strong></span> 
     </span>
     <span class='ocr_line' id='line_1_68' title="bbox 966 1691 1769 1770; baseline 0.007 -19"><span class='ocrx_word' id='word_1_345' title='bbox 966 1691 1144 1767; x_wconf 89' lang='lat' dir='ltr'><strong>Bergensis</strong></span> <span class='ocrx_word' id='word_1_346' title='bbox 1159 1691 1351 1765; x_wconf 82' lang='lat' dir='ltr'><strong>canonicus,</strong></span> <span class='ocrx_word' id='word_1_347' title='bbox 1374 1693 1427 1754; x_wconf 84' lang='lat' dir='ltr'><strong>nir</strong></span> <span class='ocrx_word' id='word_1_348' title='bbox 1441 1693 1556 1770; x_wconf 89' lang='lat' dir='ltr'><strong>utique</strong></span> <span class='ocrx_word' id='word_1_349' title='bbox 1570 1694 1659 1757; x_wconf 82' lang='lat' dir='ltr'><strong>sicut</strong></span> <span class='ocrx_word' id='word_1_350' title='bbox 1669 1710 1769 1757; x_wconf 89' lang='lat' dir='ltr'><strong>acce-</strong></span> 
     </span>
     <span class='ocr_line' id='line_1_69' title="bbox 967 1790 1769 1868; baseline 0.006 -18"><span class='ocrx_word' id='word_1_351' title='bbox 967 1790 1076 1868; x_wconf 89' lang='lat' dir='ltr'><strong>pimus</strong></span> <span class='ocrx_word' id='word_1_352' title='bbox 1106 1790 1204 1852; x_wconf 87' lang='lat' dir='ltr'><strong>aetate</strong></span> <span class='ocrx_word' id='word_1_353' title='bbox 1230 1792 1397 1863; x_wconf 86' lang='lat' dir='ltr'><strong>maturus,</strong></span> <span class='ocrx_word' id='word_1_354' title='bbox 1428 1807 1560 1853; x_wconf 88' lang='lat' dir='ltr'><strong>morum</strong></span> <span class='ocrx_word' id='word_1_355' title='bbox 1593 1792 1769 1855; x_wconf 85' lang='lat' dir='ltr'><strong>honestate</strong></span> 
     </span>
    </p>
   </div>
   <div class='ocr_carea' id='block_1_13' title="bbox 967 1874 1882 1967">
    <p class='ocr_par' dir='ltr' id='par_1_15' title="bbox 967 1874 1882 1967">
     <span class='ocr_line' id='line_1_70' title="bbox 967 1874 1882 1967; baseline 0.005 -18"><span class='ocrx_word' id='word_1_356' title='bbox 967 1888 1160 1967; x_wconf 75' lang='lat' dir='ltr'><strong>praelarus,</strong></span> <span class='ocrx_word' id='word_1_357' title='bbox 1189 1888 1329 1951; x_wconf 88' lang='lat' dir='ltr'><strong>scientia</strong></span> <span class='ocrx_word' id='word_1_358' title='bbox 1362 1889 1533 1966; x_wconf 74' lang='lat' dir='ltr'><strong>praeditus,</strong></span> <span class='ocrx_word' id='word_1_359' title='bbox 1561 1891 1594 1953; x_wconf 90' lang='lat' dir='ltr'><strong>et</strong></span> <span class='ocrx_word' id='word_1_360' title='bbox 1620 1890 1766 1953; x_wconf 84' lang='lat' dir='ltr'><strong>aliarum</strong></span> <span class='ocrx_word' id='word_1_361' title='bbox 1878 1874 1882 1883; x_wconf 51' lang='lat'><strong>¹</strong></span> 
     </span>
    </p>
   </div>
   <div class='ocr_carea' id='block_1_14' title="bbox 967 1985 1819 4307">
    <p class='ocr_par' dir='ltr' id='par_1_16' title="bbox 967 1985 1819 4307">
     <span class='ocr_line' id='line_1_71' title="bbox 967 1985 1819 2071; baseline 0.004 -23"><span class='ocrx_word' id='word_1_362' title='bbox 967 1986 1126 2048; x_wconf 83' lang='lat' dir='ltr'><strong>virtutum</strong></span> <span class='ocrx_word' id='word_1_363' title='bbox 1141 1985 1279 2047; x_wconf 85' lang='lat' dir='ltr'><strong>floribus</strong></span> <span class='ocrx_word' id='word_1_364' title='bbox 1292 1986 1341 2048; x_wconf 89' lang='lat' dir='ltr'><strong>sic</strong></span> <span class='ocrx_word' id='word_1_365' title='bbox 1353 1988 1501 2059; x_wconf 86' lang='lat' dir='ltr'><strong>ornatus,</strong></span> <span class='ocrx_word' id='word_1_366' title='bbox 1524 1988 1610 2065; x_wconf 85' lang='lat' dir='ltr'><strong>quod</strong></span> <span class='ocrx_word' id='word_1_367' title='bbox 1626 1987 1770 2051; x_wconf 80' lang='lat' dir='ltr'><strong>dilectus</strong></span> <span class='ocrx_word' id='word_1_368' title='bbox 1810 2048 1819 2071; x_wconf 74' lang='grc'>,</span> 
     </span>
     <span class='ocr_line' id='line_1_72' title="bbox 967 2083 1771 2163; baseline 0.007 -20"><span class='ocrx_word' id='word_1_369' title='bbox 967 2083 1004 2145; x_wconf 92' lang='lat' dir='ltr'><strong>in</strong></span> <span class='ocrx_word' id='word_1_370' title='bbox 1018 2083 1149 2145; x_wconf 88' lang='lat' dir='ltr'><strong>Christo</strong></span> <span class='ocrx_word' id='word_1_371' title='bbox 1163 2084 1254 2145; x_wconf 85' lang='lat' dir='ltr'><strong>illius</strong></span> <span class='ocrx_word' id='word_1_372' title='bbox 1274 2086 1389 2147; x_wconf 89' lang='lat' dir='ltr'><strong>noster</strong></span> <span class='ocrx_word' id='word_1_373' title='bbox 1401 2087 1482 2161; x_wconf 89' lang='lat' dir='ltr'><strong>lngo</strong></span> <span class='ocrx_word' id='word_1_374' title='bbox 1499 2086 1688 2163; x_wconf 82' lang='lat' dir='ltr'><strong>Norwegiae</strong></span> <span class='ocrx_word' id='word_1_375' title='bbox 1705 2102 1771 2149; x_wconf 82' lang='lat' dir='ltr'><strong>rex</strong></span> 
     </span>
     <span class='ocr_line' id='line_1_73' title="bbox 968 2181 1769 2260; baseline 0.006 -19"><span class='ocrx_word' id='word_1_376' title='bbox 968 2181 1118 2253; x_wconf 89' lang='lat' dir='ltr'><strong>illustris,</strong></span> <span class='ocrx_word' id='word_1_377' title='bbox 1135 2182 1257 2255; x_wconf 84' lang='lat' dir='ltr'><strong>clerus,</strong></span> <span class='ocrx_word' id='word_1_378' title='bbox 1277 2184 1312 2244; x_wconf 91' lang='lat' dir='ltr'><strong>et</strong></span> <span class='ocrx_word' id='word_1_379' title='bbox 1332 2182 1474 2259; x_wconf 90' lang='lat' dir='ltr'><strong>populus</strong></span> <span class='ocrx_word' id='word_1_380' title='bbox 1487 2184 1667 2260; x_wconf 77' lang='lat' dir='ltr'><strong>bergensis</strong></span> <span class='ocrx_word' id='word_1_381' title='bbox 1681 2184 1769 2246; x_wconf 79' lang='lat' dir='ltr'><strong>dits-</strong></span> 
     </span>
     <span class='ocr_line' id='line_1_74' title="bbox 968 2279 1770 2357; baseline 0.005 -18"><span class='ocrx_word' id='word_1_382' title='bbox 968 2279 1055 2340; x_wconf 88' lang='lat' dir='ltr'><strong>cesis</strong></span> <span class='ocrx_word' id='word_1_383' title='bbox 1068 2279 1258 2352; x_wconf 88' lang='lat' dir='ltr'><strong>universus,</strong></span> <span class='ocrx_word' id='word_1_384' title='bbox 1269 2280 1304 2341; x_wconf 92' lang='lat' dir='ltr'><strong>in</strong></span> <span class='ocrx_word' id='word_1_385' title='bbox 1315 2280 1418 2342; x_wconf 91' lang='lat' dir='ltr'><strong>odore</strong></span> <span class='ocrx_word' id='word_1_386' title='bbox 1430 2283 1676 2357; x_wconf 88' lang='lat' dir='ltr'><strong>unguentorum</strong></span> <span class='ocrx_word' id='word_1_387' title='bbox 1687 2296 1770 2343; x_wconf 91' lang='lat' dir='ltr'><strong>suo-</strong></span> 
     </span>
     <span class='ocr_line' id='line_1_75' title="bbox 968 2378 1770 2459; baseline 0.007 -23"><span class='ocrx_word' id='word_1_388' title='bbox 968 2391 1042 2437; x_wconf 91' lang='lat' dir='ltr'><strong>rum</strong></span> <span class='ocrx_word' id='word_1_389' title='bbox 1055 2379 1239 2450; x_wconf 87' lang='lat' dir='ltr'><strong>currentes,</strong></span> <span class='ocrx_word' id='word_1_390' title='bbox 1257 2378 1367 2455; x_wconf 89' lang='lat' dir='ltr'><strong>ipsum</strong></span> <span class='ocrx_word' id='word_1_391' title='bbox 1380 2378 1487 2441; x_wconf 90' lang='lat' dir='ltr'><strong>solum</strong></span> <span class='ocrx_word' id='word_1_392' title='bbox 1502 2380 1677 2442; x_wconf 87' lang='lat' dir='ltr'><strong>unanimes</strong></span> <span class='ocrx_word' id='word_1_393' title='bbox 1691 2379 1770 2459; x_wconf 87' lang='lat' dir='ltr'><strong>pari</strong></span> 
     </span>
     <span class='ocr_line' id='line_1_76' title="bbox 968 2474 1773 2555; baseline 0.006 -20"><span class='ocrx_word' id='word_1_394' title='bbox 968 2474 1044 2535; x_wconf 88' lang='lat' dir='ltr'><strong>voto</strong></span> <span class='ocrx_word' id='word_1_395' title='bbox 1064 2476 1277 2552; x_wconf 83' lang='lat' dir='ltr'><strong>expostulant</strong></span> <span class='ocrx_word' id='word_1_396' title='bbox 1303 2477 1339 2537; x_wconf 91' lang='lat' dir='ltr'><strong>in</strong></span> <span class='ocrx_word' id='word_1_397' title='bbox 1368 2476 1553 2554; x_wconf 75' lang='lat' dir='ltr'><strong>praelatum.</strong></span> <span class='ocrx_word' id='word_1_398' title='bbox 1580 2480 1667 2540; x_wconf 85' lang='lat' dir='ltr'><strong>Vero</strong></span> <span class='ocrx_word' id='word_1_399' title='bbox 1690 2477 1773 2555; x_wconf 84' lang='lat' dir='ltr'><strong>quia</strong></span> 
     </span>
     <span class='ocr_line' id='line_1_77' title="bbox 968 2573 1768 2652; baseline 0.005 -19"><span class='ocrx_word' id='word_1_400' title='bbox 968 2587 1065 2634; x_wconf 90' lang='lat' dir='ltr'><strong>nemo</strong></span> <span class='ocrx_word' id='word_1_401' title='bbox 1079 2574 1185 2635; x_wconf 89' lang='lat' dir='ltr'><strong>estex</strong></span> <span class='ocrx_word' id='word_1_402' title='bbox 1200 2574 1290 2634; x_wconf 92' lang='lat' dir='ltr'><strong>omni</strong></span> <span class='ocrx_word' id='word_1_403' title='bbox 1309 2576 1403 2652; x_wconf 91' lang='lat' dir='ltr'><strong>parte</strong></span> <span class='ocrx_word' id='word_1_404' title='bbox 1417 2573 1545 2647; x_wconf 71' lang='lat' dir='ltr'><strong>beatus</strong></span> <span class='ocrx_word' id='word_1_405' title='bbox 1566 2591 1607 2636; x_wconf 92' lang='lat' dir='ltr'><strong>ne</strong></span> <span class='ocrx_word' id='word_1_406' title='bbox 1624 2575 1712 2637; x_wconf 91' lang='lat' dir='ltr'><strong>idem</strong></span> <span class='ocrx_word' id='word_1_407' title='bbox 1726 2576 1768 2637; x_wconf 92' lang='lat' dir='ltr'><strong>de</strong></span> 
     </span>
     <span class='ocr_line' id='line_1_78' title="bbox 969 2669 1766 2751; baseline 0.006 -21"><span class='ocrx_word' id='word_1_408' title='bbox 969 2669 1044 2731; x_wconf 88' lang='lat' dir='ltr'><strong>data</strong></span> <span class='ocrx_word' id='word_1_409' title='bbox 1058 2669 1121 2730; x_wconf 92' lang='lat' dir='ltr'><strong>sibi</strong></span> <span class='ocrx_word' id='word_1_410' title='bbox 1137 2687 1156 2731; x_wconf 91' lang='lat' dir='ltr'><strong>a</strong></span> <span class='ocrx_word' id='word_1_411' title='bbox 1171 2672 1310 2732; x_wconf 88' lang='lat' dir='ltr'><strong>Domino</strong></span> <span class='ocrx_word' id='word_1_412' title='bbox 1327 2672 1437 2749; x_wconf 89' lang='lat' dir='ltr'><strong>gratia</strong></span> <span class='ocrx_word' id='word_1_413' title='bbox 1456 2672 1568 2735; x_wconf 82' lang='lat' dir='ltr'><strong>valeat</strong></span> <span class='ocrx_word' id='word_1_414' title='bbox 1582 2673 1766 2751; x_wconf 85' lang='lat' dir='ltr'><strong>superbire,</strong></span> 
     </span>
     <span class='ocr_line' id='line_1_79' title="bbox 969 2767 1767 2848; baseline 0.006 -20"><span class='ocrx_word' id='word_1_415' title='bbox 969 2768 1131 2845; x_wconf 88' lang='lat' dir='ltr'><strong>quoddam</strong></span> <span class='ocrx_word' id='word_1_416' title='bbox 1153 2767 1216 2829; x_wconf 91' lang='lat' dir='ltr'><strong>sibi</strong></span> <span class='ocrx_word' id='word_1_417' title='bbox 1238 2768 1446 2831; x_wconf 87' lang='lat' dir='ltr'><strong>obstaculum</strong></span> <span class='ocrx_word' id='word_1_418' title='bbox 1473 2771 1595 2832; x_wconf 87' lang='lat' dir='ltr'><strong>natura</strong></span> <span class='ocrx_word' id='word_1_419' title='bbox 1623 2771 1767 2848; x_wconf 85' lang='lat' dir='ltr'><strong>paravit,</strong></span> 
     </span>
     <span class='ocr_line' id='line_1_80' title="bbox 968 2866 1770 2944; baseline 0.006 -18"><span class='ocrx_word' id='word_1_420' title='bbox 968 2881 1035 2927; x_wconf 91' lang='lat' dir='ltr'><strong>non</strong></span> <span class='ocrx_word' id='word_1_421' title='bbox 1050 2866 1182 2943; x_wconf 91' lang='lat' dir='ltr'><strong>quidem</strong></span> <span class='ocrx_word' id='word_1_422' title='bbox 1202 2866 1253 2927; x_wconf 89' lang='lat' dir='ltr'><strong>sui</strong></span> <span class='ocrx_word' id='word_1_423' title='bbox 1277 2866 1359 2928; x_wconf 77' lang='lat' dir='ltr'><strong>nitio</strong></span> <span class='ocrx_word' id='word_1_424' title='bbox 1381 2868 1438 2929; x_wconf 91' lang='lat' dir='ltr'><strong>sod</strong></span> <span class='ocrx_word' id='word_1_425' title='bbox 1456 2871 1641 2944; x_wconf 88' lang='lat' dir='ltr'><strong>parentum,</strong></span> <span class='ocrx_word' id='word_1_426' title='bbox 1665 2885 1709 2931; x_wconf 90' lang='lat' dir='ltr'><strong>ex</strong></span> <span class='ocrx_word' id='word_1_427' title='bbox 1728 2884 1770 2931; x_wconf 88' lang='lat' dir='ltr'><strong>eo</strong></span> 
     </span>
     <span class='ocr_line' id='line_1_81' title="bbox 968 2962 1769 3043; baseline 0.004 -18"><span class='ocrx_word' id='word_1_428' title='bbox 968 2962 1134 3035; x_wconf 89' lang='lat' dir='ltr'><strong>videlicet,</strong></span> <span class='ocrx_word' id='word_1_429' title='bbox 1158 2964 1244 3041; x_wconf 87' lang='lat' dir='ltr'><strong>quod</strong></span> <span class='ocrx_word' id='word_1_430' title='bbox 1266 2964 1361 3041; x_wconf 87' lang='lat' dir='ltr'><strong>pater</strong></span> <span class='ocrx_word' id='word_1_431' title='bbox 1387 2967 1461 3043; x_wconf 84' lang='lat' dir='ltr'><strong>ejus</strong></span> <span class='ocrx_word' id='word_1_432' title='bbox 1484 2966 1642 3028; x_wconf 90' lang='lat' dir='ltr'><strong>sacerdos</strong></span> <span class='ocrx_word' id='word_1_433' title='bbox 1658 2966 1769 3043; x_wconf 87' lang='lat' dir='ltr'><strong>ipsum</strong></span> 
     </span>
     <span class='ocr_line' id='line_1_82' title="bbox 969 3060 1769 3141; baseline 0.006 -20"><span class='ocrx_word' id='word_1_434' title='bbox 969 3060 1005 3121; x_wconf 93' lang='lat' dir='ltr'><strong>in</strong></span> <span class='ocrx_word' id='word_1_435' title='bbox 1018 3061 1204 3123; x_wconf 89' lang='lat' dir='ltr'><strong>sacerdotio</strong></span> <span class='ocrx_word' id='word_1_436' title='bbox 1223 3062 1408 3137; x_wconf 83' lang='lat' dir='ltr'><strong>generavit,</strong></span> <span class='ocrx_word' id='word_1_437' title='bbox 1424 3062 1513 3124; x_wconf 89' lang='lat' dir='ltr'><strong>unde</strong></span> <span class='ocrx_word' id='word_1_438' title='bbox 1531 3064 1568 3124; x_wconf 87' lang='lat' dir='ltr'><strong>tu</strong></span> <span class='ocrx_word' id='word_1_439' title='bbox 1583 3064 1616 3125; x_wconf 90' lang='lat' dir='ltr'><strong>et</strong></span> <span class='ocrx_word' id='word_1_440' title='bbox 1630 3063 1695 3141; x_wconf 89' lang='lat' dir='ltr'><strong>ipsi</strong></span> <span class='ocrx_word' id='word_1_441' title='bbox 1708 3079 1769 3126; x_wconf 91' lang='lat' dir='ltr'><strong>ca·</strong></span> 
     </span>
     <span class='ocr_line' id='line_1_83' title="bbox 969 3158 1768 3237; baseline 0.005 -18"><span class='ocrx_word' id='word_1_442' title='bbox 969 3159 1082 3220; x_wconf 92' lang='lat' dir='ltr'><strong>nonici</strong></span> <span class='ocrx_word' id='word_1_443' title='bbox 1094 3158 1190 3219; x_wconf 90' lang='lat' dir='ltr'><strong>nobis</strong></span> <span class='ocrx_word' id='word_1_444' title='bbox 1209 3159 1379 3220; x_wconf 91' lang='lat' dir='ltr'><strong>humiliter</strong></span> <span class='ocrx_word' id='word_1_445' title='bbox 1401 3160 1625 3237; x_wconf 86' lang='lat' dir='ltr'><strong>supplicastis,</strong></span> <span class='ocrx_word' id='word_1_446' title='bbox 1642 3164 1768 3223; x_wconf 83' lang='lat' dir='ltr'><strong>uicum</strong></span> 
     </span>
     <span class='ocr_line' id='line_1_84' title="bbox 969 3256 1766 3334; baseline 0.004 -18"><span class='ocrx_word' id='word_1_447' title='bbox 969 3256 1041 3333; x_wconf 90' lang='lat' dir='ltr'><strong>ipso</strong></span> <span class='ocrx_word' id='word_1_448' title='bbox 1057 3256 1250 3333; x_wconf 90' lang='lat' dir='ltr'><strong>dispensare</strong></span> <span class='ocrx_word' id='word_1_449' title='bbox 1263 3256 1523 3318; x_wconf 86' lang='lat' dir='ltr'><strong>misericorditer</strong></span> <span class='ocrx_word' id='word_1_450' title='bbox 1541 3256 1766 3334; x_wconf 82' lang='lat' dir='ltr'><strong>dignaremur.</strong></span> 
     </span>
     <span class='ocr_line' id='line_1_85' title="bbox 970 3353 1768 3431; baseline 0.004 -16"><span class='ocrx_word' id='word_1_451' title='bbox 970 3356 1093 3415; x_wconf 87' lang='lat' dir='ltr'><strong>Verum</strong></span> <span class='ocrx_word' id='word_1_452' title='bbox 1107 3355 1184 3431; x_wconf 84' lang='lat' dir='ltr'><strong>quia</strong></span> <span class='ocrx_word' id='word_1_453' title='bbox 1206 3354 1247 3415; x_wconf 90' lang='lat' dir='ltr'><strong>de</strong></span> <span class='ocrx_word' id='word_1_454' title='bbox 1269 3353 1471 3417; x_wconf 87' lang='lat' dir='ltr'><strong>discretione</strong></span> <span class='ocrx_word' id='word_1_455' title='bbox 1487 3354 1546 3416; x_wconf 85' lang='lat' dir='ltr'><strong>tua</strong></span> <span class='ocrx_word' id='word_1_456' title='bbox 1558 3355 1768 3429; x_wconf 80' lang='lat' dir='ltr'><strong>confidimus,</strong></span> 
     </span>
     <span class='ocr_line' id='line_1_86' title="bbox 971 3450 1766 3530; baseline 0.001 -17"><span class='ocrx_word' id='word_1_457' title='bbox 971 3450 1172 3513; x_wconf 85' lang='lat' dir='ltr'><strong>fraternitati</strong></span> <span class='ocrx_word' id='word_1_458' title='bbox 1187 3453 1252 3513; x_wconf 88' lang='lat' dir='ltr'><strong>tuae</strong></span> <span class='ocrx_word' id='word_1_459' title='bbox 1267 3467 1327 3529; x_wconf 92' lang='lat' dir='ltr'><strong>per</strong></span> <span class='ocrx_word' id='word_1_460' title='bbox 1340 3451 1531 3528; x_wconf 81' lang='lat' dir='ltr'><strong>Apostolica</strong></span> <span class='ocrx_word' id='word_1_461' title='bbox 1541 3453 1664 3530; x_wconf 88' lang='lat' dir='ltr'><strong>scripta</strong></span> <span class='ocrx_word' id='word_1_462' title='bbox 1676 3469 1766 3514; x_wconf 90' lang='lat' dir='ltr'><strong>man·</strong></span> 
     </span>
     <span class='ocr_line' id='line_1_87' title="bbox 971 3548 1769 3628; baseline 0.003 -18"><span class='ocrx_word' id='word_1_463' title='bbox 971 3550 1100 3622; x_wconf 91' lang='lat' dir='ltr'><strong>damus,</strong></span> <span class='ocrx_word' id='word_1_464' title='bbox 1116 3549 1336 3627; x_wconf 83' lang='lat' dir='ltr'><strong>quatenustu,</strong></span> <span class='ocrx_word' id='word_1_465' title='bbox 1354 3548 1410 3626; x_wconf 87' lang='lat' dir='ltr'><strong>qui</strong></span> <span class='ocrx_word' id='word_1_466' title='bbox 1425 3548 1558 3626; x_wconf 89' lang='lat' dir='ltr'><strong>plenius</strong></span> <span class='ocrx_word' id='word_1_467' title='bbox 1568 3552 1769 3628; x_wconf 84' lang='lat' dir='ltr'><strong>nossepotes</strong></span> 
     </span>
     <span class='ocr_line' id='line_1_88' title="bbox 971 3646 1771 3727; baseline 0.001 -18"><span class='ocrx_word' id='word_1_468' title='bbox 971 3646 1771 3727; x_wconf 84' lang='lat' dir='ltr'><strong>etutilitatemecclesiaeacperitorumpenuriam</strong></span> 
     </span>
     <span class='ocr_line' id='line_1_89' title="bbox 970 3742 1767 3821; baseline 0 -16"><span class='ocrx_word' id='word_1_469' title='bbox 970 3744 1005 3805; x_wconf 92' lang='lat' dir='ltr'><strong>in</strong></span> <span class='ocrx_word' id='word_1_470' title='bbox 1016 3744 1189 3821; x_wconf 88' lang='lat' dir='ltr'><strong>provincia</strong></span> <span class='ocrx_word' id='word_1_471' title='bbox 1200 3746 1480 3815; x_wconf 83' lang='lat' dir='ltr'><strong>memorala‚cum</strong></span> <span class='ocrx_word' id='word_1_472' title='bbox 1489 3742 1605 3805; x_wconf 87' lang='lat' dir='ltr'><strong>eodem</strong></span> <span class='ocrx_word' id='word_1_473' title='bbox 1616 3744 1767 3806; x_wconf 88' lang='lat' dir='ltr'><strong>auctori-</strong></span> 
     </span>
     <span class='ocr_line' id='line_1_90' title="bbox 970 3837 1772 3919; baseline 0 -17"><span class='ocrx_word' id='word_1_474' title='bbox 970 3837 1772 3919; x_wconf 82' lang='lat' dir='ltr'><strong>tatencstradispenses,itavidelicet,quodimpe·</strong></span> 
     </span>
     <span class='ocr_line' id='line_1_91' title="bbox 971 3935 1769 4016; baseline 0.003 -17"><span class='ocrx_word' id='word_1_475' title='bbox 971 3938 1116 4000; x_wconf 87' lang='lat' dir='ltr'><strong>dimonte</strong></span> <span class='ocrx_word' id='word_1_476' title='bbox 1132 3936 1324 4016; x_wconf 87' lang='lat' dir='ltr'><strong>hujusmodi</strong></span> <span class='ocrx_word' id='word_1_477' title='bbox 1335 3952 1402 3999; x_wconf 90' lang='lat' dir='ltr'><strong>non</strong></span> <span class='ocrx_word' id='word_1_478' title='bbox 1409 3935 1562 4000; x_wconf 84' lang='lat' dir='ltr'><strong>obstante</strong></span> <span class='ocrx_word' id='word_1_479' title='bbox 1569 3938 1769 4001; x_wconf 87' lang='lat' dir='ltr'><strong>adeamdem</strong></span> 
     </span>
     <span class='ocr_line' id='line_1_92' title="bbox 972 4032 1772 4111; baseline 0.001 -18"><span class='ocrx_word' id='word_1_480' title='bbox 972 4032 1772 4111; x_wconf 82' lang='lat' dir='ltr'><strong>ecclesiamvaleatpromoveri.Datumbatereni,</strong></span> 
     </span>
     <span class='ocr_line' id='line_1_93' title="bbox 972 4129 1772 4209; baseline 0.005 -19"><span class='ocrx_word' id='word_1_481' title='bbox 972 4130 1124 4191; x_wconf 83' lang='lat' dir='ltr'><strong>kalendis</strong></span> <span class='ocrx_word' id='word_1_482' title='bbox 1152 4129 1281 4209; x_wconf 86' lang='lat' dir='ltr'><strong>aprilis,</strong></span> <span class='ocrx_word' id='word_1_483' title='bbox 1309 4129 1520 4209; x_wconf 85' lang='lat' dir='ltr'><strong>pontificatus</strong></span> <span class='ocrx_word' id='word_1_484' title='bbox 1539 4130 1646 4195; x_wconf 88' lang='lat' dir='ltr'><strong>nostri</strong></span> <span class='ocrx_word' id='word_1_485' title='bbox 1682 4146 1772 4195; x_wconf 88' lang='lat' dir='ltr'><strong>anno</strong></span> 
     </span>
     <span class='ocr_line' id='line_1_94' title="bbox 972 4244 1089 4307; baseline 0.009 -18"><span class='ocrx_word' id='word_1_486' title='bbox 972 4244 1089 4307; x_wconf 79' lang='lat' dir='ltr'><strong>primo.</strong></span> 
     </span>
    </p>
   </div>
   <div class='ocr_carea' id='block_1_15' title="bbox 1239 4377 1495 4466">
    <p class='ocr_par' dir='ltr' id='par_1_17' title="bbox 1239 4377 1495 4466">
     <span class='ocr_line' id='line_1_95' title="bbox 1239 4377 1495 4466; baseline 0.004 -1"><span class='ocrx_word' id='word_1_487' title='bbox 1239 4377 1495 4466; x_wconf 81' lang='lat' dir='ltr'>CCLXXXIV</span> 
     </span>
    </p>
   </div>
   <div class='ocr_carea' id='block_1_16' title="bbox 972 4521 1770 4597">
    <p class='ocr_par' dir='ltr' id='par_1_18' title="bbox 972 4521 1770 4597">
     <span class='ocr_line' id='line_1_96' title="bbox 972 4521 1770 4597; baseline 0 -12"><span class='ocrx_word' id='word_1_488' title='bbox 972 4524 1023 4585; x_wconf 81' lang='lat' dir='ltr'><strong>Ad</strong></span> <span class='ocrx_word' id='word_1_489' title='bbox 1039 4523 1197 4597; x_wconf 75' lang='lat' dir='ltr'><strong>priorem</strong></span> <span class='ocrx_word' id='word_1_490' title='bbox 1220 4521 1254 4583; x_wconf 89' lang='lat' dir='ltr'><strong>ct</strong></span> <span class='ocrx_word' id='word_1_491' title='bbox 1274 4522 1408 4596; x_wconf 70' lang='lat' dir='ltr'><strong>fratres</strong></span> <span class='ocrx_word' id='word_1_492' title='bbox 1429 4524 1770 4585; x_wconf 69' lang='lat' dir='ltr'><strong>tir-orrdtmontcrtres.</strong></span> 
     </span>
    </p>
   </div>
   <div class='ocr_carea' id='block_1_17' title="bbox 1004 4644 1740 4799">
    <p class='ocr_par' dir='ltr' id='par_1_19' title="bbox 1004 4644 1740 4799">
     <span class='ocr_line' id='line_1_97' title="bbox 1004 4644 1740 4799; baseline -0.004 -14"><span class='ocrx_word' id='word_1_493' title='bbox 1004 4731 1113 4799; x_wconf 81' lang='lat' dir='ltr'><strong>[Ragcst.</strong></span> <span class='ocrx_word' id='word_1_494' title='bbox 1127 4731 1172 4783; x_wconf 85' lang='lat' dir='ltr'><strong>ltb.</strong></span> <span class='ocrx_word' id='word_1_495' title='bbox 1187 4733 1207 4791; x_wconf 88' lang='lat'><strong>1,</strong></span> <span class='ocrx_word' id='word_1_496' title='bbox 1219 4644 1294 4799; x_wconf 52' lang='lat' dir='ltr'><strong>spirit.</strong></span> <span class='ocrx_word' id='word_1_497' title='bbox 1303 4659 1364 4783; x_wconf 45' lang='lat'><strong>⁸3¹3</strong></span> <span class='ocrx_word' id='word_1_498' title='bbox 1377 4645 1486 4785; x_wconf 46' lang='lat' dir='ltr'><strong>Nigize</strong></span> <span class='ocrx_word' id='word_1_499' title='bbox 1498 4734 1575 4785; x_wconf 81' lang='lat' dir='ltr'><strong>Porta</strong></span> <span class='ocrx_word' id='word_1_500' title='bbox 1592 4732 1629 4785; x_wconf 89' lang='lat' dir='ltr'><strong>du</strong></span> <span class='ocrx_word' id='word_1_501' title='bbox 1642 4732 1740 4799; x_wconf 72' lang='lat' dir='ltr'><strong>llicit]</strong></span> 
     </span>
    </p>
   </div>
   <div class='ocr_carea' id='block_1_18' title="bbox 973 4858 1774 5111">
    <p class='ocr_par' dir='ltr' id='par_1_20' title="bbox 973 4858 1774 5111">
     <span class='ocr_line' id='line_1_98' title="bbox 973 4858 1769 4932; baseline -0.003 -13"><span class='ocrx_word' id='word_1_502' title='bbox 973 4861 1067 4919; x_wconf 86' lang='lat' dir='ltr'><strong>llotue</strong></span> <span class='ocrx_word' id='word_1_503' title='bbox 1080 4872 1179 4916; x_wconf 89' lang='lat' dir='ltr'><strong>eorum</strong></span> <span class='ocrx_word' id='word_1_504' title='bbox 1192 4858 1334 4932; x_wconf 88' lang='lat' dir='ltr'><strong>precibus,</strong></span> <span class='ocrx_word' id='word_1_505' title='bbox 1348 4858 1446 4917; x_wconf 84' lang='lat' dir='ltr'><strong>statuit</strong></span> <span class='ocrx_word' id='word_1_506' title='bbox 1457 4866 1497 4928; x_wconf 87' lang='lat' dir='ltr'><strong>ut,</strong></span> <span class='ocrx_word' id='word_1_507' title='bbox 1511 4873 1569 4916; x_wconf 91' lang='lat' dir='ltr'><strong>non</strong></span> <span class='ocrx_word' id='word_1_508' title='bbox 1579 4858 1712 4917; x_wconf 86' lang='lat' dir='ltr'><strong>obstante</strong></span> <span class='ocrx_word' id='word_1_509' title='bbox 1721 4874 1769 4917; x_wconf 88' lang='lat' dir='ltr'><strong>ve·</strong></span> 
     </span>
     <span class='ocr_line' id='line_1_99' title="bbox 1007 4946 1774 5023; baseline 0.001 -17"><span class='ocrx_word' id='word_1_510' title='bbox 1007 4946 1774 5023; x_wconf 78' lang='lat' dir='ltr'><strong>tericonsuetudioe,jmtaquamipsorumordiuispro-</strong></span> 
     </span>
     <span class='ocr_line' id='line_1_100' title="bbox 1007 5036 1772 5111; baseline 0 -15"><span class='ocrx_word' id='word_1_511' title='bbox 1007 5045 1153 5097; x_wconf 86' lang='lat' dir='ltr'><strong>curatores</strong></span> <span class='ocrx_word' id='word_1_512' title='bbox 1168 5036 1257 5093; x_wconf 90' lang='lat' dir='ltr'><strong>semel</strong></span> <span class='ocrx_word' id='word_1_513' title='bbox 1271 5037 1300 5093; x_wconf 89' lang='lat' dir='ltr'><strong>iu</strong></span> <span class='ocrx_word' id='word_1_514' title='bbox 1318 5051 1393 5095; x_wconf 87' lang='lat' dir='ltr'><strong>onuo</strong></span> <span class='ocrx_word' id='word_1_515' title='bbox 1406 5036 1549 5095; x_wconf 87' lang='lat' dir='ltr'><strong>debebant</strong></span> <span class='ocrx_word' id='word_1_516' title='bbox 1563 5038 1772 5111; x_wconf 85' lang='lat' dir='ltr'><strong>procurationis</strong></span> 
     </span>
    </p>
   </div>
   <div class='ocr_carea' id='block_1_19' title="bbox 1009 5123 1866 5201">
    <p class='ocr_par' dir='ltr' id='par_1_21' title="bbox 1009 5123 1866 5201">
     <span class='ocr_line' id='line_1_101' title="bbox 1009 5123 1866 5201; baseline 0.004 -17"><span class='ocrx_word' id='word_1_517' title='bbox 1009 5142 1070 5184; x_wconf 77' lang='lat' dir='ltr'><strong>sum</strong></span> <span class='ocrx_word' id='word_1_518' title='bbox 1078 5126 1217 5185; x_wconf 87' lang='lat' dir='ltr'><strong>rationem</strong></span> <span class='ocrx_word' id='word_1_519' title='bbox 1229 5123 1358 5198; x_wconf 86' lang='lat' dir='ltr'><strong>reddere,</strong></span> <span class='ocrx_word' id='word_1_520' title='bbox 1370 5125 1456 5183; x_wconf 88' lang='lat' dir='ltr'><strong>iidem</strong></span> <span class='ocrx_word' id='word_1_521' title='bbox 1466 5134 1664 5201; x_wconf 86' lang='lat' dir='ltr'><strong>procuratores</strong></span> <span class='ocrx_word' id='word_1_522' title='bbox 1673 5134 1773 5201; x_wconf 86' lang='lat' dir='ltr'><strong>postea</strong></span> <span class='ocrx_word' id='word_1_523' title='bbox 1863 5130 1866 5135; x_wconf 85' lang='lat'>&#39;</span> 
     </span>
    </p>
   </div>
   <div class='ocr_carea' id='block_1_20' title="bbox 1009 5213 1771 5467">
    <p class='ocr_par' dir='ltr' id='par_1_22' title="bbox 1009 5213 1771 5467">
     <span class='ocr_line' id='line_1_102' title="bbox 1009 5213 1771 5289; baseline 0.003 -18"><span class='ocrx_word' id='word_1_524' title='bbox 1009 5213 1771 5289; x_wconf 77' lang='lat' dir='ltr'><strong>presbyterbmrrectoribus‚presentibusolitslratri·</strong></span> 
     </span>
     <span class='ocr_line' id='line_1_103' title="bbox 1009 5303 1770 5378; baseline 0.001 -15"><span class='ocrx_word' id='word_1_525' title='bbox 1009 5304 1237 5378; x_wconf 89' lang='lat' dir='ltr'><strong>busincepitulo,</strong></span> <span class='ocrx_word' id='word_1_526' title='bbox 1251 5305 1374 5378; x_wconf 87' lang='lat' dir='ltr'><strong>singulis</strong></span> <span class='ocrx_word' id='word_1_527' title='bbox 1380 5304 1526 5363; x_wconf 87' lang='lat' dir='ltr'><strong>mensibu</strong></span> <span class='ocrx_word' id='word_1_528' title='bbox 1532 5303 1688 5363; x_wconf 88' lang='lat' dir='ltr'><strong>reddantin</strong></span> <span class='ocrx_word' id='word_1_529' title='bbox 1697 5306 1770 5364; x_wconf 89' lang='lat' dir='ltr'><strong>intc-</strong></span> 
     </span>
     <span class='ocr_line' id='line_1_104' title="bbox 1010 5391 1771 5467; baseline 0.001 -17"><span class='ocrx_word' id='word_1_530' title='bbox 1010 5391 1771 5467; x_wconf 86' lang='lat' dir='ltr'><strong>grumdecommississibiprocurationibusrutionem.</strong></span> 
     </span>
    </p>
   </div>
   <div class='ocr_carea' id='block_1_21' title="bbox 976 5510 1774 5673">
    <p class='ocr_par' dir='ltr' id='par_1_23' title="bbox 976 5510 1774 5673">
     <span class='ocr_line' id='line_1_105' title="bbox 1015 5510 1774 5591; baseline 0 -18"><span class='ocrx_word' id='word_1_531' title='bbox 1015 5511 1194 5583; x_wconf 88' lang='lat' dir='ltr'><strong>Honorius,</strong></span> <span class='ocrx_word' id='word_1_532' title='bbox 1211 5510 1287 5584; x_wconf 78' lang='lat' dir='ltr'><strong>etc,</strong></span> <span class='ocrx_word' id='word_1_533' title='bbox 1303 5510 1434 5575; x_wconf 86' lang='lat' dir='ltr'><strong>dilectis</strong></span> <span class='ocrx_word' id='word_1_534' title='bbox 1450 5512 1529 5576; x_wconf 86' lang='lat' dir='ltr'><strong>illlis</strong></span> <span class='ocrx_word' id='word_1_535' title='bbox 1544 5512 1649 5591; x_wconf 92' lang='lat' dir='ltr'><strong>priori</strong></span> <span class='ocrx_word' id='word_1_536' title='bbox 1663 5513 1696 5575; x_wconf 90' lang='lat' dir='ltr'><strong>et</strong></span> <span class='ocrx_word' id='word_1_537' title='bbox 1711 5511 1774 5574; x_wconf 87' lang='lat' dir='ltr'><strong>ira-</strong></span> 
     </span>
     <span class='ocr_line' id='line_1_106' title="bbox 976 5606 1365 5673; baseline -0.005 0"><span class='ocrx_word' id='word_1_538' title='bbox 976 5608 1081 5673; x_wconf 86' lang='lat' dir='ltr'><strong>tribus</strong></span> <span class='ocrx_word' id='word_1_539' title='bbox 1095 5606 1365 5673; x_wconf 81' lang='lat' dir='ltr'><strong>Grandimonten.</strong></span> 
     </span>
    </p>
   </div>
   <div class='ocr_carea' id='block_1_22' title="bbox 0 0 1921 6164">
    <p class='ocr_par' dir='ltr' id='par_1_24' title="bbox 0 0 1921 6164">
     <span class='ocr_line' id='line_1_107' title="bbox 0 0 1921 6164; baseline 0 0"><span class='ocrx_word' id='word_1_540' title='bbox 0 0 1921 6164; x_wconf 95' lang='lat' dir='ltr'><strong> </strong></span> 
     </span>
    </p>
   </div>
  </div>
 </body>
</html>
