3802 6166
122 263 180 327 201
555 263 673 323 ιιιιι.
689 292 730 308 -
744 248 788 324 iv
811 264 1089 327 permanens
1110 263 1334 327 neonusnn.
1709 273 1770 335 aaa

163 422 263 487 scala
290 421 509 501 spiritualiter
536 422 687 485 cbristus
711 424 773 496 est,
800 422 857 500 qui
875 438 919 485 ex
973 423 1124 502 ripiendo
1139 423 1228 498 vicit,
1245 426 1278 487 et
1292 428 1440 489 suaviter
1450 444 1653 506 persuasam
1665 434 1771 495 Evan-

122 521 251 583 duabus
266 521 406 593 naturis,
423 521 518 599 quasi
536 536 579 584 ex
602 519 730 583 duabus
746 520 846 599 lignis
861 538 917 582 su·
972 521 1051 599 gelli
1066 521 1250 583 doctrinam
1265 522 1441 586 liberatum
1465 525 1633 589 bominem
1656 529 1770 606 dispo-

123 620 319 696 perterram
335 620 462 696 positus
481 619 532 679 est
559 620 593 680 et
616 620 757 691 erectus,
788 619 918 696 quando
973 618 1104 679 suithb
1115 619 1243 681 interno
1254 620 1471 699 fortiterquos
1480 624 1596 695 voluit,
1608 627 1766 699 extraxit,

124 716 298 779 inol'mavit
317 717 418 779 coelos
440 719 473 779 et
491 716 669 788 descendit,
686 716 817 793 quaudo
835 718 920 777 Ver·
973 716 1005 777 ei
1020 717 1167 778 suaviter
1181 733 1238 779 eos
1254 718 1288 779 in
1300 721 1424 780 aeterna
1437 719 1641 783 beatitudine
1656 723 1771 801 dispo-

123 813 200 877 bum
212 830 292 877 caro
313 815 435 877 tactum
452 815 513 886 est,
529 816 563 876 et
575 814 737 876 habitavit
753 815 788 875 in
810 813 915 877 nobis.
975 812 1051 874 suit
1070 814 1163 876 Unde
1177 815 1333 878 Salomon
1347 817 1383 877 in
1399 819 1589 883 Proverbiis
1605 841 1613 879 ε
1630 824 1773 895 Sapien-

123 913 208 974 Nam
236 913 415 990 antequam
435 912 579 975 Verbum
603 928 680 975 caro
701 911 813 984 lieret,
836 927 917 989 pro·
973 910 1023 973 tia
1035 912 1086 973 est
1099 914 1232 989 ltpnnna
1247 915 1328 975 vitae
1341 918 1395 976 his
1407 919 1465 988 qni
1478 920 1771 991 apprehenderint

124 1010 177 1071 cul
198 1009 371 1073 habitabat
393 1026 413 1071 a
444 1010 550 1071 nobis.
577 1010 640 1072 Ubi
666 1026 745 1073 vero
773 1009 917 1071 Verbum
973 1023 1060 1081 eante,
1075 1010 1110 1071 et
1124 1014 1183 1084 qni
1198 1012 1374 1073 tenuerint
1387 1028 1465 1074 eane
1487 1015 1575 1076 beati
1589 1013 1701 1091 (Prov.
1718 1032 1768 1089 ιιι,
1859 1040 1862 1044 ·

124 1123 201 1169 caro
217 1107 415 1179 factumest,
432 1107 594 1171 habitavit
610 1108 645 1169 in
667 1107 761 1169 nobis
782 1123 848 1169 non
863 1123 920 1169 so-
975 1106 1037 1184 l8).
1056 1107 1141 1167 Nam
1155 1108 1319 1185 sapientia
1339 1109 1465 1186 lignum
1482 1111 1559 1173 vitan
1575 1113 1625 1173 est
1644 1128 1768 1190 appre-

124 1206 267 1283 lumper
289 1206 443 1283 gratiam,
467 1207 645 1269 sedetiam
669 1222 728 1283 per
750 1207 916 1268 naturam.
977 1202 1197 1266 hendentibus
1212 1222 1296 1268 eam.

124 1305 170 1365 De
183 1303 249 1365 isto
264 1303 345 1366 dicit
363 1304 492 1365 Barucb
509 1326 516 1364 ε
533 1309 600 1367 Hic
628 1305 680 1367 est
708 1307 802 1366 essina
826 1309 919 1367 Dens
1013 1300 1153 1377 Lignum
1175 1303 1253 1365 vitae
1269 1304 1418 1377 Christus
1434 1305 1494 1366 est.
1513 1306 1635 1368 Exhac
1650 1307 1770 1370 arbore

124 1402 252 1472 asertor,
280 1404 338 1475 qut
365 1405 402 1463 tn
430 1402 654 1465 terrisonus
680 1403 743 1477 est,
781 1402 814 1463 et
840 1417 919 1463 anan
973 1399 1097 1475 septem
1114 1400 1200 1461 rami
1220 1400 1394 1478 prodeunt,
1410 1401 1575 1480 habetque
1590 1405 1772 1482 unusquis-

122 1502 315 1561 horninibus
325 1500 551 1561 cmaaersatns
560 1500 612 1561 est
633 1497 778 1579 (Barucb
791 1498 916 1579 111,38).
973 1512 1037 1573 que
1052 1512 1166 1558 ramus
1175 1497 1319 1560 fructum
1328 1515 1435 1560 suum.
1453 1501 1585 1561 Primus
1595 1517 1707 1563 ramus
1720 1508 1771 1565 est

123 1599 160 1658 lit
175 1595 210 1657 in
223 1595 345 1657 Genesi
361 1617 369 1657 z
386 1597 430 1659 Os
444 1612 490 1658 ee
512 1600 644 1659 ossibus
657 1601 756 1669 aneis,
779 1598 814 1659 et
834 1612 918 1659 caro
973 1594 1159 1656 incarnatio
1174 1595 1308 1670 Christi,
1325 1598 1421 1658 etesi
1434 1597 1598 1660 mirabilis
1612 1615 1725 1660 ramus
1738 1602 1772 1663 ei

121 1696 280 1756 dawrne
291 1709 370 1757 mea
385 1691 480 1773 (Uen.
495 1710 532 1768 n,
543 1692 610 1773 23).
626 1697 677 1759 Ex
688 1695 816 1757 duobus
829 1694 919 1756 enim
974 1692 1194 1755 necessarius.
1203 1693 1358 1765 Quianisl
1369 1694 1769 1771 Christusincarnaretur,

122 1790 222 1868 lignis
246 1791 319 1853 baec
354 1791 446 1853 scala
471 1793 653 1870 composita
682 1794 742 1866 est,
770 1793 848 1870 quia
876 1808 919 1853 ex
974 1789 1162 1865 angelicum
1186 1805 1253 1852 non
1272 1790 1559 1868 redintegraretur
1577 1793 1770 1871 collegium3

120 1887 247 1949 duabus
272 1889 413 1962 naturis,
441 1889 579 1962 scilicet,
610 1905 653 1951 ex
679 1890 856 1953 divinitate
884 1889 919 1952 et
974 1886 1080 1946 etnon
1090 1886 1243 1949 restituto
1255 1887 1374 1949 sociali
1385 1890 1644 1961 numero,totius
1657 1891 1772 1953 mundi

122 1985 342 2059 humanitate.
359 1988 452 2048 Unus
464 1988 606 2048 etverus
623 1989 674 2050 est
687 1991 783 2051 Jesus
799 1986 918 2049 Chris·
974 1983 1129 2044 machina
1141 1983 1177 2044 in
1188 1999 1312 2046 vanum
1327 1987 1481 2047 constare
1495 1986 1675 2049 videretur.
1694 1988 1770 2059 sed,

121 2085 185 2151 tus,
196 2083 294 2157 idest,
311 2086 398 2146 Deus
419 2085 453 2147 et
475 2083 585 2147 homo.
602 2086 687 2146 Nam
702 2085 792 2147 sicut
805 2086 918 2147 anima
974 2080 1051 2156 qnia
1064 2079 1215 2143 diabolus
1231 2082 1426 2160 quasijuste
1441 2083 1610 2165 bominem
1626 2086 1772 2162 posside·

122 2180 298 2242 rationalis
336 2183 369 2243 et
404 2196 482 2243 caro
514 2198 600 2243 unus
632 2183 683 2244 est
712 2183 836 2254 bomo,
871 2183 918 2244 ita
973 2177 1040 2249 bat,
1056 2194 1136 2239 usus
1151 2179 1201 2240 est
1216 2180 1302 2241 Deus
1317 2179 1446 2257 jndicio
1461 2197 1534 2250 suo,
1554 2185 1588 2243 et
1602 2183 1771 2259 sapienter

122 2280 210 2341 Deus
225 2279 260 2339 et
287 2277 388 2340 bomo
413 2295 499 2340 unus
523 2280 573 2341 est
594 2280 755 2342 Christus.
774 2279 868 2341 Unde
885 2279 919 2340 in
973 2274 1167 2336 incarnatus
1186 2276 1358 2352 antiquum
1380 2276 1508 2338 bostem
1523 2277 1695 2341 humiliter
1713 2296 1772 2339 su-

123 2376 303 2453 Evaugelio
329 2397 338 2436 z
364 2380 438 2453 Epo
465 2378 498 2439 et
525 2377 635 2439 Pater
664 2393 774 2439 nnana
799 2391 919 2439 silmas
974 2371 1113 2449 peravit.
1131 2373 1188 2432 Est
1201 2387 1280 2447 ergo
1303 2372 1429 2449 primus
1444 2389 1557 2434 ramus
1581 2374 1770 2437 incarnatio

122 2471 234 2552 (toan.
250 2489 283 2545 x,
295 2470 361 2551 30).
392 2476 465 2551 Ipse
477 2490 619 2551 namque
634 2474 685 2535 est
697 2473 847 2536 Christus
863 2476 920 2535 Sa·
973 2468 1096 2530 Christi
1110 2467 1237 2531 tructus
1249 2471 1322 2547 ejus
1332 2469 1530 2547 estspiritus
1545 2471 1729 2548 sapientlae.

123 2569 249 2648 pientia
264 2570 324 2631 Dei
339 2570 416 2633 ante
440 2571 562 2632 saecula
580 2571 703 2648 genitu,
724 2571 819 2642 idest,
840 2572 918 2632 nata
1014 2565 1185 2627 Secundus
1213 2581 1327 2627 ramus
1357 2567 1541 2645 baptismus
1570 2568 1708 2642 Christi,
1736 2571 1770 2633 et

124 2667 274 2743 depatre
284 2667 464 2729 secundum
475 2667 682 2730 divinitatem
693 2669 770 2730 ante
781 2668 916 2740 saecula,
974 2662 1264 2725 istemirabilisest
1273 2664 1307 2725 et
1316 2665 1538 2726 necessarius·
1548 2667 1771 2743 intelligimus

122 2764 221 2837 idest,
238 2765 316 2826 ante
331 2765 600 2827 constitutionem
620 2765 745 2839 mundi,
762 2767 918 2843 quoniam
973 2760 1062 2820 enim
1076 2760 1112 2821 in
1126 2760 1290 2837 baptismo
1306 2762 1417 2823 omnia
1433 2763 1569 2840 peecata
1586 2764 1718 2831 dimitti,
1737 2765 1771 2829 et

121 2861 181 2924 illa
209 2862 381 2938 generatio
407 2864 531 2923 aeterna
555 2879 622 2924 non
648 2862 748 2925 habet
774 2863 917 2934 initium,
973 2857 1136 2933 originale
1160 2858 1332 2935 peccatum
1358 2858 1473 2920 deleri.
1503 2861 1695 2937 Baptizatus
1719 2861 1770 2925 est

121 2975 185 3021 nec
199 2958 301 3021 babet
314 2959 424 3021 tinem.
437 2961 482 3020 De
493 2975 558 3037 qua
567 2960 665 3022 Pater
675 2960 722 3022 ait
732 2960 773 3021 ad
784 2961 916 3022 Filium:
973 2954 1134 3027 Christus,
1151 2971 1217 3017 non
1230 2956 1267 3016 ut
1280 2971 1300 3016 ἃ
1315 2958 1451 3034 peccalo
1468 2958 1695 3030 mundaretur,
1711 2959 1772 3023 sed

120 3056 210 3119 Ante
224 3058 426 3131 briaitarum
438 3059 542 3134 panni
558 3056 591 3116 te
603 3054 673 3134 (Ps.
689 3058 757 3131 109,
773 3055 819 3137 3).
835 3058 919 3118 Anto
973 3053 1009 3114 ut
1022 3068 1126 3131 aquas
1140 3053 1374 3126 sanctificaret,
1391 3055 1424 3116 et
1438 3057 1475 3116 ut
1494 3054 1589 3118 nobis
1608 3056 1703 3119 daret
1716 3057 1772 3118 in-

120 3152 322 3225 Lucilerum,
344 3152 441 3225 idest,
456 3153 498 3214 ab
513 3153 709 3226 aeternitate,
733 3170 776 3216 ex
789 3154 918 3216 occulta
975 3149 1079 3227 telligi
1093 3166 1168 3212 eum
1182 3167 1242 3229 pro
1258 3152 1372 3213 nostra
1391 3152 1534 3214 utilitate
1555 3152 1768 3231 baptizatum.

120 3251 154 3312 et
167 3251 298 3312 secreta
322 3240 507 3313 substantia
533 3251 633 3326 genui
655 3252 687 3313 te
707 3250 867 3329 aequalem
886 3254 920 3315 et
974 3248 1031 3309 nst
1043 3264 1122 3325 ergo
1131 3248 1298 3310 secundus
1309 3264 1424 3310 ramus
1435 3249 1620 3328 baptismus
1631 3252 1770 3331 Christi3

121 3346 438 3411 consubstantialem
448 3348 542 3409 mibi.
552 3349 611 3409 Vel
622 3370 630 3409 z
640 3349 716 3410 ante
730 3349 919 3410 Luciferum
974 3345 1100 3408 tructus
1115 3349 1188 3424 ejus
1198 3347 1334 3424 spiritus
1347 3348 1546 3409 intellectus.

121 3445 275 3522 gamnite,
292 3445 388 3520 idest,
403 3446 504 3523 genui
519 3446 552 3507 te
567 3448 645 3507 ante
657 3447 807 3523 tempora
822 3463 918 3524 quem
1014 3444 1145 3504 Tertius
1167 3459 1280 3504 ramus
1295 3445 1345 3505 est
1365 3444 1477 3520 passio
1501 3445 1634 3519 Christi,
1658 3447 1691 3507 et
1714 3446 1770 3508 hic

120 3559 164 3604 ex
180 3542 368 3620 Virgineet
384 3543 526 3606 nesciet
548 3545 641 3621 gigni
658 3543 748 3606 volui
769 3543 804 3605 in
830 3546 918 3607 tem·
972 3540 1136 3602 mirabilis
1151 3541 1183 3602 et
1207 3541 1427 3601 necessarius.
1454 3544 1490 3602 ln
1510 3542 1664 3617 passione
1679 3544 1769 3605 enim

119 3655 214 3718 pore.
232 3642 278 3701 De
297 3656 363 3717 qua
384 3641 599 3717 generatione
616 3640 743 3703 isaias:
760 3645 917 3703 Genera·
973 3655 1034 3700 sua
1044 3637 1220 3699 consilium
1228 3637 1323 3698 nobis
1334 3637 1424 3700 dedit
1435 3638 1633 3717 Redemptor
1643 3641 1767 3715 noster,

119 3739 297 3800 rationem
312 3740 387 3811 ejus
403 3741 480 3811 anis
494 3739 695 3799 enarrabit?
717 3736 774 3817 (ls.
790 3754 860 3811 n111,
871 3737 917 3818 8.)
973 3736 1104 3813 quando
1121 3735 1156 3796 in
1173 3751 1272 3797 cruce
1293 3751 1409 3796 manus
1424 3736 1617 3807 extendens,
1634 3738 1771 3815 peccata

120 3834 321 3909 Unigenitus
333 3834 444 3911 itaque
453 3835 558 3895 Filius
568 3835 627 3896 Dei
638 3836 783 3897 Verbum
796 3836 916 3909 Patris,
973 3835 1087 3895 nostra
1107 3849 1176 3894 suae
1200 3832 1291 3894 cruci
1314 3832 1432 3895 allinit.
1448 3834 1542 3894 Nihil
1562 3836 1651 3895 enim
1673 3836 1770 3899 nobis

119 3929 334 3992 antesaecula
348 3931 523 4007 sapientia.
539 3930 705 4003 videlicet,
720 3932 780 3993 Dei
795 3933 916 4004 Patris,
973 3931 1065 3993 nasei
1088 3929 1223 4008 proluit,
1253 3929 1319 3991 nisi
1341 3930 1459 3991 redimi
1483 3930 1672 4008 profuisset.
1697 3936 1768 3997 Hoc

120 4043 197 4105 quae
209 4026 340 4105 quando
354 4027 389 4088 in
402 4027 566 4104 principio
577 4028 703 4091 creavit
719 4031 807 4090 Deus
820 4030 920 4091 Pater
973 4030 1045 4091 erat
1059 4028 1166 4090 solum
1186 4030 1219 4089 et
1233 4027 1367 4090 unicum
1380 4028 1556 4089 consilium
1571 4045 1636 4107 quo
1648 4031 1768 4095 redimi

120 4125 243 4186 aoelum
264 4125 298 4185 et
312 4126 446 4196 terram,
468 4140 543 4185 cum
561 4141 612 4197 eo,
629 4126 714 4188 idest
730 4143 805 4187 cum
820 4125 919 4188 Patre
974 4130 1173 4202 poteramus,
1190 4126 1268 4203 quia
1289 4141 1356 4187 non
1375 4125 1438 4188 suli
1451 4126 1538 4188 alius
1552 4128 1769 4191 excellentior

120 4223 196 4284 erat
209 4222 327 4284 cuncta
343 4237 554 4300 componens.
570 4223 610 4283 nt
623 4223 658 4282 in
675 4223 759 4283 libro
776 4224 919 4300 Sapien-
973 4222 1089 4284 modus
1111 4223 1144 4282 in
1168 4238 1232 4299 quo
1257 4222 1451 4284 salvationis
1476 4226 1598 4286 nostrae
1621 4225 1766 4301 dignitas

118 4320 179 4397 tiae
196 4322 293 4395 :Epo
320 4333 368 4380 aa
393 4333 454 4380 ore
474 4320 642 4381 altissimi
653 4323 770 4392 prodit
783 4324 920 4395 primo-
973 4320 1157 4396 appareret.
1180 4319 1311 4380 Tertius
1341 4335 1420 4396 ergo
1442 4336 1555 4382 ramus
1581 4326 1632 4384 est
1652 4325 1765 4401 passio

118 4415 330 4494 gerzttaante
341 4431 479 4477 ornnem
487 4415 813 4496 creaturanafflccli.
824 4433 916 4490 xxiv,
973 4417 1111 4493 Christi;
1129 4415 1255 4477 tructus
1270 4419 1342 4493 ejus
1357 4417 1494 4495 spiritus
1507 4420 1651 4480 consilii.

119 4512 167 4593 5).
192 4512 286 4574 Unde
312 4512 516 4589 Augustinus
540 4513 576 4574 in
604 4513 702 4576 Libro
722 4515 863 4591 septimo
878 4518 918 4577 de
1013 4515 1155 4587 Quartus
1178 4529 1291 4575 ramus
1312 4516 1364 4575 est
1386 4514 1557 4577 descensio
1579 4516 1700 4579 Christi
1725 4519 1766 4579 ad

120 4611 293 4673 Trinitatc
307 4626 349 4668 ε(
371 4611 472 4672 Pater
486 4612 537 4672 est
564 4611 745 4687 Sapientia,
767 4614 800 4673 et
814 4613 918 4673 Filius
974 4611 1110 4674 interos.
1139 4613 1205 4673 Iste
1227 4627 1340 4673 ramus
1370 4611 1465 4674 lortis
1489 4613 1522 4674 et
1544 4614 1765 4685 necessarius,

120 4707 245 4769 dicitur
260 4706 431 4785 Sapientia
458 4709 578 4781 PatriS,
605 4709 711 4770 Filius
726 4709 838 4770 lumen
853 4713 920 4770 Pa·
973 4709 1105 4787 quando
1120 4709 1270 4771 Christus
1289 4708 1408 4773 tortior
1420 4710 1566 4771 armatus
1581 4710 1718 4772 intravit
1731 4711 1767 4772 in

121 4806 184 4868 tris
198 4807 259 4877 est,
279 4804 391 4866 lumen
413 4804 603 4881 delumine,
622 4806 759 4883 uterque
780 4807 831 4869 est
852 4823 919 4868 una
974 4808 1105 4868 domum
1125 4807 1231 4875 sortis,
1248 4807 1376 4868 scilicet
1392 4808 1427 4867 in
1447 4807 1624 4878 internum,
1641 4809 1675 4869 at
1686 4824 1766 4870 vasa

121 4903 288 4980 sapientia
299 4901 331 4962 et
344 4917 409 4963 una
424 4903 581 4965 essentia.
598 4921 616 4963 s
974 4907 1046 4982 eJus
1068 4903 1216 4980 diripuit,
1240 4904 1274 4965 et
1297 4903 1453 4965 contrivit
1466 4905 1579 4980 portas
1595 4920 1711 4978 aereas,
1734 4908 1768 4969 et

161 5000 248 5060 Nam
278 4998 443 5076 sapientia
474 4999 577 5062 vincit
610 5000 792 5076 malitiam3
823 5017 917 5080 quae,
973 5003 1084 5064 vectes
1096 4999 1223 5061 ferreas
1234 4999 1406 5076 confregit.
1422 5003 1459 5063 In
1470 4998 1661 5063 tortitudine
1672 5019 1769 5066 nam·

123 5096 302 5158 Salomone
316 5096 410 5168 teste,
431 5096 599 5174 attingita
617 5098 683 5159 llne
698 5113 802 5177 usque
818 5098 860 5159 ad
880 5097 922 5158 ll-
974 5115 1037 5178 que
1056 5097 1226 5160 deseendit
1252 5097 1294 5159 ad
1318 5097 1443 5159 interos
1462 5099 1630 5176 tamquam
1650 5102 1767 5179 potens

122 5210 200 5265 nem
214 5192 357 5265 fortiter,
380 5194 414 5255 et
435 5193 580 5271 disponit
601 5196 713 5257 omnia
737 5196 921 5258 sitavitera
975 5196 1201 5274 crapulatusa
1222 5195 1313 5256 vino.
1340 5197 1426 5272 Ergo
1440 5197 1576 5273 quartus
1592 5213 1705 5260 ramus
1719 5203 1770 5263 esi

123 5306 253 5352 summo
280 5289 376 5364 coelo,
403 5289 499 5363 idest,
529 5278 572 5353 ab
604 5308 760 5371 empyreo
790 5292 922 5356 sortiter
975 5295 1153 5356 descensus
1174 5292 1217 5353 ad
1236 5291 1382 5368 inieros;
1399 5293 1526 5356 fructus
1540 5297 1614 5372 ejus
1632 5298 1769 5374 spiritus

122 5388 244 5469 dejecit
257 5389 504 5467 superbientem
523 5391 702 5460 diabolum,
722 5394 756 5455 et
774 5392 922 5455 suaviter
976 5391 1188 5454 tortitudinis.

124 5486 289 5567 disposuit
307 5487 343 5547 in
359 5483 502 5568 [sonum]
519 5489 745 5551 confirmando
764 5490 923 5553 obedien·
1016 5490 1155 5562 Quintus
1169 5503 1283 5551 ramus
1294 5490 1346 5551 est
1359 5489 1572 5563 resurrectio,
1587 5492 1620 5553 et
1631 5491 1687 5552 bic
1696 5508 1769 5568 pre·

123 5588 189 5647 tem
200 5584 371 5662 angelum.
388 5586 525 5647 interra
536 5584 859 5649 fortitervasaillius
870 5587 923 5649 di·
976 5588 1082 5649 tiosus
1095 5588 1128 5649 et
1141 5587 1362 5658 necessarius,
1380 5588 1458 5664 quia
1476 5588 1511 5648 in
1527 5590 1769 5650 resurrectione
