3802 6166
218 286 259 351 59
725 266 729 271 ’
833 277 1009 340 HONORII
1029 276 1075 339 111
1096 275 1245 338 OPERA.
1735 348 1737 355 ,
1783 292 1786 297 “
1827 284 1869 347 110

219 443 427 510 secularibus
455 441 512 522 qui
535 443 614 506 tunc
641 441 739 503 eraut
760 438 797 503 in
822 454 873 513 ea,
903 440 1015 501 nullus

219 546 284 607 nisi
299 543 463 621 regularis
477 542 514 603 in
528 540 671 602 ecclesia
682 538 876 600 succederet
888 553 1016 600 merno-

217 645 307 715 rata;
318 642 421 704 salvis
434 638 616 701 honoribus
626 639 659 701 et
670 636 842 699 beneflciis
851 636 1014 699 dictorum

219 741 420 804 secularium
444 739 642 800 clericorum
671 735 828 814 quamdiu
851 733 1013 807 viverent,

219 841 285 901 nisi
317 839 359 900 ad
396 837 525 913 frugem
566 835 714 897 melioris
746 835 824 895 vitae
856 832 1016 895 ducerent

218 937 469 1007 transeundum,
496 936 530 996 61
551 935 588 996 ut
610 933 682 994 baec
706 931 916 993 diffinitionis
942 934 1015 1009 ejus

217 1035 382 1098 sententia
406 1033 526 1095 futuris
548 1030 752 1109 temporibus
775 1029 1016 1092 inviolabiliter

217 1134 418 1203 servaretur,
432 1148 506 1193 eam
520 1128 717 1192 auctoritate
730 1128 921 1205 apostolica
933 1142 1015 1189 con-

217 1232 372 1303 firmavit,
389 1233 423 1293 et
446 1229 561 1306 scripti
582 1228 635 1289 sui
659 1227 845 1305 patrocinio
861 1242 1013 1288 commu-

216 1330 312 1401 nivit,
327 1329 521 1407 perpetuum
536 1326 704 1388 silentium
716 1324 776 1386 sub
792 1323 1015 1386 anathematis

217 1426 488 1489 interminatione
520 1424 693 1501 imponens
729 1423 782 1484 1116
814 1423 872 1500 qui
897 1423 1014 1485 contra

217 1525 413 1601 religionem
428 1523 555 1585 ordinis
568 1521 731 1597 regularis
747 1537 846 1599 quam
867 1521 903 1581 in
925 1536 1016 1597 prae-

218 1622 286 1685 fata
323 1622 464 1684 ecclesia
496 1620 740 1682 reformandam
774 1620 806 1680 et
837 1618 1014 1680 tenendam

218 1721 366 1782 decrevit
389 1720 554 1780 suscitare
576 1719 615 1778 de
640 1719 750 1779 cetero
774 1716 1014 1794 praesumerent

218 1818 446 1896 quaestionem.
463 1817 605 1893 Ideoque
616 1814 808 1877 discretioni
823 1814 942 1876 vestrae
955 1829 1015 1891 per

217 1916 406 1993 apostolica
422 1915 545 1992 scripta
558 1913 781 1991 praecipiendo
805 1912 1011 1984 mandamus,

217 2015 380 2093 quatenus
392 2014 546 2075 revocato
565 2013 600 2074 in
615 2012 746 2074 irritum
762 2010 917 2088 quioquid
933 2026 1015 2072 con·

219 2114 269 2174 tra
296 2112 419 2173 dictam
442 2110 640 2173 sententiam
665 2109 860 2171 inveneritis
874 2109 1014 2171 attenta-

215 2210 297 2281 tum,
311 2209 443 2271 faciatis
454 2225 528 2271 eam
542 2207 739 2270 auctoritate
752 2208 867 2269 nostra
882 2206 1011 2269 sublato

215 2306 393 2385 quuslibet
413 2305 685 2368 contradictionis
712 2304 746 2367 et
777 2304 1012 2382 appellationis

215 2404 397 2477 obstaculo,
421 2404 561 2465 firmiter
584 2402 766 2465 observari.
783 2402 1014 2465 contradicto-

215 2519 270 2565 res
295 2518 355 2580 per
381 2518 557 2563 censuram
581 2501 844 2563 ecclesiasticam
859 2501 1012 2578 appella-

215 2601 306 2662 tione
321 2601 503 2678 postposita
519 2601 774 2676 compescentes.
790 2599 881 2672 Quod
897 2600 926 2660 si
945 2615 1012 2660 non

216 2715 347 2770 ornnes,
371 2699 432 2759 etc.
463 2698 581 2760 Datum
608 2697 775 2768 Laterani,
791 2700 868 2757 Xlll
893 2696 1013 2758 kalen-

216 2795 276 2857 das
310 2795 512 2865 novembris,
531 2795 742 2873 pontilicatus
776 2795 881 2856 nostri
923 2809 1010 2856 anno

217 2909 335 2971 primo.

580 3072 647 3159 XL

215 3281 267 3341 Act
281 3282 448 3341 1166661161
468 3278 502 3340 61
516 3279 706 3354 capitulum
725 3279 1008 3353 Burdoocleases.

512 3392 548 3450 10
557 3398 614 3450 661.
628 3392 707 3450 1116.

275 3518 384 3583 [Regest.
391 3516 463 3577 libi,
473 3517 548 3581 epist.
555 3516 595 3567 10.
606 3518 664 3568 11166.
675 3517 712 3568 La
724 3517 797 3568 Porta
806 3515 840 3567 du
851 3515 947 3579 rhein.

211 3663 327 3720 Decano
346 3668 374 3720 61
395 3662 518 3734 capitulo
533 3660 726 3733 burdegalen.
753 3659 880 3728 mandat,
904 3666 936 3717 ut
956 3658 1006 3717 ob·

247 3742 393 3809 observari
412 3749 517 3807 faciant
536 3750 708 3808 sententiam
725 3764 741 3805 a
761 3749 848 3807 Lucio
867 3751 921 3807 ΡΙ).
943 3748 1008 3823 (1111

247 3839 334 3897 latam
358 3839 386 3896 in
409 3839 602 3895 controversia
618 3839 692 3895 111161·
709 3839 861 3895 ecclesiam
877 3839 904 3895 S.
920 3838 1006 3896 Seve-

247 3927 301 3983 rini
327 3933 356 3983 et
380 3925 627 4000 archiepiscopum
654 3925 895 3999 burdegalensem
922 3942 1009 4000 super

246 4016 422 4073 institutione
432 4016 636 4073 canonicorum
647 4015 833 4089 regularium.

251 4161 428 4228 Honorius,
441 4162 517 4233 etc,
534 4159 665 4222 dilectis
681 4158 759 4221 filiis
771 4159 896 4223 decano
912 4163 944 4223 61
956 4177 1008 4222 ca-

210 4259 315 4337 pitulo
327 4258 546 4335 Burdegalen.

251 4360 331 4418 Cum
346 4374 366 4420 a
381 4357 475 4419 nobis
486 4357 618 4436 potitur,
635 4358 710 4429 616,
723 4374 829 4433 amorre
843 4358 1007 4436 perduca-

210 4457 265 4518 tur
279 4456 443 4517 elfeotum.
461 4458 510 4517 Ex
526 4457 621 4534 parte
635 4456 797 4533 siquidem
812 4458 924 4518 vestra
945 4456 1007 4517 fuit

210 4553 305 4615 nobis
320 4553 491 4615 humiliter
510 4553 741 4630 supplicatum,
753 4555 789 4616 111
797 4553 1005 4616 diffinitivam

209 4652 417 4725 sententiam,
435 4667 534 4729 quam
548 4651 656 4712 felicis
678 4651 918 4713 recordationis
933 4655 1004 4713 Lu-

208 4752 280 4813 cius
294 4755 383 4829 Papa
394 4751 619 4828 praedecessor
629 4751 742 4811 noster
756 4750 790 4810 in
806 4765 919 4820 causa,
931 4767 1005 4827 quae

210 4849 298 4911 inter
319 4849 464 4911 vestram
486 4850 519 4911 et
534 4849 646 4911 Sancti
671 4848 821 4910 Severini
845 4849 1004 4911 ecclosias

209 4963 309 5024 super
341 4947 578 5009 reformatione
614 4946 739 5008 ordinis
768 4947 1004 5008 canonicorum

208 5044 411 5121 regularium
426 5044 557 5107 indicta
571 5045 683 5107 Sancti
700 5045 851 5106 Severini
862 5046 1004 5107 ecclesia

208 5142 409 5213 vertebatur,
426 5143 567 5218 cognitis
583 5159 693 5205 causae
715 5143 843 5206 meritis
857 5144 897 5205 de
912 5160 1004 5205 com-

208 5240 300 5301 muni
315 5239 454 5300 fratrum
467 5256 602 5301 suorum
616 5240 755 5302 consilio
768 5241 1000 5320 promulgavit,

208 5338 241 5400 et
250 5338 349 5399 etiam
362 5338 581 5411 confirmavit,
596 5338 776 5416 apostolico
789 5339 1003 5417 dignaremur

206 5435 388 5497 munimine
401 5434 570 5497 roborare.
581 5438 649 5497 Nos
665 5437 767 5514 igitur
773 5438 894 5499 vestris
902 5440 1002 5514 justis

207 5533 381 5612 postulatis
395 5535 490 5609 gralo
506 5537 741 5598 concurrentes
758 5552 909 5608 assensu,
925 5553 1004 5598 sen-

207 5631 344 5695 tentiam
359 5631 476 5711 ipsam,
490 5648 589 5711 quam
603 5635 701 5711 prout
713 5632 747 5696 in
757 5634 906 5714 ejusdem
921 5651 1003 5712 prae·

1069 436 1255 499 decessoris
1266 437 1373 500 nostri
1389 438 1520 515 regesto
1533 437 1663 517 plenius
1678 441 1870 507 continetur

1070 534 1289 612 praesentibus
1303 536 1460 597 duximus
1477 537 1700 611 inserendam,
1717 542 1868 603 auctori·

1069 635 1136 695 tate
1149 634 1339 711 apostolica
1365 636 1612 709 confirmamus
1638 638 1672 699 61
1692 639 1869 715 praesentis

1070 731 1183 809 scripti
1199 732 1384 809 patrocinio
1395 735 1648 807 communimus,
1664 739 1761 813 cujus
1771 739 1871 800 tenor

1069 830 1120 891 est
1134 830 1221 891 talis.
1241 831 1375 904 Lucius,
1397 833 1473 901 eto,
1489 834 1543 893 W.
1564 834 1818 913 archiepiscopo
1837 837 1871 898 61

1070 930 1107 989 G.
1135 927 1271 1002 decano,
1302 930 1336 990 et
1363 930 1508 1006 capitulo
1536 932 1756 1007 Burdogalen.
1787 936 1870 996 Cum

1069 1025 1309 1098 controversia,
1335 1044 1408 1105 quae
1431 1028 1517 1089 inter
1531 1029 1708 1091 ecclesiam
1722 1032 1870 1094 vestram

1069 1123 1102 1184 et
1115 1124 1291 1185 ecclesiam
1319 1126 1431 1187 Sancti
1448 1127 1598 1187 Severini
1614 1144 1715 1204 super
1729 1128 1869 1192 institu-

1068 1221 1158 1283 tione
1179 1223 1415 1285 canonicorum
1439 1224 1644 1300 regularium
1672 1226 1868 1289 vertebatur

1068 1318 1110 1380 ad
1138 1321 1286 1382 nostram
1314 1321 1518 1383 audientiam
1546 1324 1766 1401 pervenisset,
1789 1341 1863 1387 eam

1068 1417 1147 1479 olim
1162 1416 1234 1490 tibi,
1251 1418 1354 1480 frater
1365 1419 1626 1497 archiepiscope,
1637 1422 1670 1483 et
1684 1423 1870 1485 venerabili

1068 1515 1163 1576 fratri
1176 1516 1289 1577 nostro
1303 1518 1531 1579 Lemovicensi
1548 1519 1703 1595 episcopo
1718 1520 1865 1582 audien-

1068 1612 1144 1673 dam
1159 1614 1394 1687 commisimus,
1417 1616 1450 1677 et
1470 1616 1535 1676 11116
1550 1615 1659 1679 debito
1676 1617 1867 1680 terminan-

1068 1710 1155 1773 dam.
1178 1714 1258 1772 Cum
1273 1713 1383 1775 autem
1397 1713 1457 1775 sub
1469 1715 1623 1776 examine
1635 1717 1747 1777 vestro
1761 1719 1868 1779 ratio-

1069 1808 1166 1870 nibus
1182 1810 1469 1888 utriusquepartis
1484 1812 1690 1874 sufficienter
1704 1816 1868 1891 expositis

1068 1907 1152 1967 nihil
1166 1907 1257 1968 aliud
1272 1910 1470 1985 superesset,
1485 1909 1551 1970 nisi
1567 1913 1603 1971 ut
1615 1913 1783 1973 sententia
1795 1928 1869 1991 pro·

1068 2004 1224 2081 ferretum
1242 2006 1367 2083 placuit
1388 2007 1537 2084 partibus
1557 2009 1593 2069 in
1615 2008 1760 2071 arbitros
1775 2027 1868 2073 com·

1067 2104 1259 2180 promittere
1269 2105 1302 2165 et
1312 2105 1639 2183 compromissionem
1655 2123 1751 2168 suam
1762 2126 1869 2186 praes·

1066 2201 1127 2263 tita
1144 2202 1309 2264 hincinde
1323 2202 1388 2265 fide
1400 2203 1545 2265 firmare.
1558 2205 1683 2267 Arbitri
1696 2222 1776 2269 vero
1790 2224 1869 2269 cum

1067 2303 1178 2362 essent
1196 2303 1347 2378 quatuor,
1368 2303 1436 2364 tres
1455 2318 1498 2364 ex
1517 2303 1577 2375 eis,
1590 2306 1708 2381 quarto
1729 2304 1866 2368 dissen-

1066 2398 1179 2471 tiente,
1195 2399 1230 2459 in
1247 2415 1346 2460 unam
1357 2401 1554 2463 sententiam
1573 2406 1815 2476 convenerunt,
1835 2405 1868 2467 61

1066 2494 1219 2557 arbitrati
1256 2498 1332 2560 sunt
1363 2498 1603 2575 inpraesentia
1633 2500 1727 2562 illius
1754 2503 1867 2579 quarti

1066 2594 1260 2670 religionem
1271 2596 1506 2657 canonicorum
1515 2598 1722 2674 regularium
1730 2601 1766 2661 in
1782 2617 1867 2678 praa-

1066 2691 1153 2753 dicta
1164 2708 1238 2754 esse
1248 2694 1359 2755 Sancti
1372 2695 1673 2758 Severiniecclesia
1682 2696 1868 2760 reforman-

1066 2789 1153 2859 dam,
1170 2791 1271 2851 salvis
1284 2791 1477 2865 honoribus,
1494 2795 1527 2854 61
1544 2794 1716 2856 beneficiis
1731 2797 1866 2858 secula-

1065 2887 1152 2948 rium
1183 2888 1390 2962 clericorum,
1427 2891 1483 2967 qui
1520 2892 1600 2954 tunc
1637 2894 1799 2970 temporis
1830 2894 1866 2955 in

1065 2986 1179 3047 eadem
1193 2987 1334 3048 ecclesia
1356 2988 1599 3062 ministrabant,
1625 2989 1670 3052 ita
1687 2992 1775 3068 quod
1797 2992 1864 3054 illis

1065 3083 1310 3158 decedentibus,
1326 3087 1437 3147 nullus
1447 3086 1494 3147 ibi
1506 3088 1547 3149 de
1560 3089 1671 3151 cetero
1683 3089 1751 3151 nisi
1767 3106 1866 3167 regu·

1065 3180 1146 3242 laris
1161 3184 1341 3245 canonicus
1361 3187 1550 3261 poneretur.
1575 3188 1729 3248 Ceterum
1745 3187 1864 3251 abhoc

1064 3280 1202 3341 arbitrio
1224 3282 1369 3343 decanus
1394 3284 1506 3345 Sancti
1529 3285 1680 3346 Severini
1701 3302 1778 3347 cum
1794 3285 1866 3349 fra·

1064 3376 1169 3439 tribus
1189 3379 1258 3440 suis
1275 3379 1317 3439 ad
1336 3380 1455 3441 Sedem
1468 3381 1691 3457 apostolicam
1706 3383 1863 3461 appella·

1063 3474 1122 3547 vit,
1145 3492 1211 3538 non
1230 3477 1403 3538 attendens
1426 3478 1546 3555 quoda
1566 3482 1862 3556 compromissione

1065 3574 1098 3633 111
1111 3573 1253 3636 arbitros
1274 3575 1370 3647 facta,
1388 3577 1421 3637 61
1441 3576 1518 3638 fidei
1532 3577 1786 3654 interpositione
1800 3580 1860 3641 fir-

1063 3673 1152 3733 mata
1176 3688 1242 3734 non
1262 3675 1351 3735 esset
1370 3673 1419 3733 eis
1443 3675 1549 3736 tutum
1568 3676 1694 3738 temere
1714 3679 1859 3739 resilire.

1063 3771 1142 3830 Cum
1165 3786 1244 3847 ergo
1259 3772 1485 3833 controversia
1510 3773 1582 3834 haec
1602 3774 1659 3835 diu
1682 3774 1803 3838 fuisset
1826 3776 1859 3837 in

1062 3870 1175 3930 nostro
1194 3868 1359 3931 auditorio
1374 3871 1544 3940 ventilata,
1562 3872 1602 3933 de
1621 3873 1768 3950 partium
1784 3876 1861 3937 tan-

1063 3964 1135 4025 dem
1151 3966 1359 4029 confessione
1373 3970 1598 4043 cognovimus,
1612 3971 1697 4048 quod
1711 3972 1857 4035 decanus

1063 4064 1175 4125 Sancti
1199 4065 1361 4137 Severini,
1385 4067 1527 4142 quicum
1550 4069 1717 4145 aliquibus
1730 4087 1854 4134 conca·

1062 4162 1256 4224 nonioorum
1271 4179 1406 4224 suorum
1429 4164 1577 4226 habitum
1593 4172 1787 4245 susceperat
1800 4186 1855 4231 re-

1060 4260 1224 4337 gularem,
1260 4261 1294 4322 in
1327 4262 1442 4324 eodem
1468 4262 1583 4325 habitu
1619 4264 1707 4327 diem
1737 4268 1857 4330 clausit

1060 4361 1255 4431 extremum,
1279 4361 1313 4423 et
1338 4360 1423 4421 alius
1452 4361 1483 4422 61
1511 4361 1655 4424 decanus
1681 4364 1715 4424 in
1743 4366 1856 4429 habitu

1061 4455 1220 4516 successit
1230 4457 1356 4529 eodem,
1373 4455 1549 4535 nullusque
1564 4457 1610 4518 ibi
1624 4458 1771 4522 decanus
1786 4462 1857 4539 post

1060 4552 1300 4615 institutionem
1332 4554 1535 4629 regularium
1566 4556 1600 4617 in
1632 4558 1778 4620 seculari
1809 4561 1856 4621 661

1060 4650 1173 4712 babitu
1189 4651 1383 4714 substitutus
1398 4656 1520 4729 prater
1534 4657 1573 4716 R.
1588 4655 1645 4732 qui
1663 4672 1778 4719 coram
1797 4673 1857 4719 no-

1059 4747 1159 4810 bisin
1182 4750 1341 4811 suscitata
1363 4751 1483 4812 exinde
1499 4753 1726 4816 controversia
1743 4756 1856 4832 litiga-

1059 4845 1125 4908 bat.
1143 4847 1236 4909 Unde
1257 4863 1328 4919 nos,
1346 4847 1398 4908 lris
1416 4850 1539 4911 auditis
1556 4853 1588 4911 61
1601 4852 1756 4927 cognitis,
1773 4870 1856 4916 con-

1059 4945 1204 5007 siderata
1219 4946 1319 5007 etiam
1335 4946 1536 5009 discretione
1555 4949 1588 5009 61
1601 4950 1778 5025 prudentia
1793 4952 1855 5030 pisa

1058 5043 1298 5105 recordationis
1325 5047 1363 5105 G.
1399 5046 1564 5121 quondam
1596 5048 1855 5125 burdegalensis

1058 5141 1309 5219 archiepiscopi,
1324 5143 1381 5220 qui
1396 5146 1450 5220 pio
1466 5145 1498 5204 et
1511 5144 1671 5207 imitando
1683 5149 1854 5225 proposito

1058 5239 1091 5300 in
1105 5239 1243 5317 praefata
1258 5241 1398 5302 ecclesia
1415 5243 1528 5303 Sancti
1543 5244 1695 5305 Severini
1712 5246 1854 5323 religio-

1057 5355 1133 5399 nem
1154 5338 1245 5399 illius
1270 5339 1397 5400 ordinis
1418 5340 1624 5415 instituerat3
1647 5344 1856 5407 attendentes

1057 5436 1156 5497 etiam
1183 5436 1453 5499 confirmationes
1474 5438 1758 5514 praedecessorum
1777 5459 1856 5504 nos-

1057 5536 1182 5595 trorum
1204 5534 1311 5596 felicis
1326 5537 1494 5598 memoriae
1510 5538 1649 5613 Eugenii
1666 5540 1699 5599 et
1714 5539 1856 5602 Adriani

1057 5634 1283 5695 Romanorum
1299 5634 1507 5706 Pontificum,
1523 5636 1581 5715 qui
1600 5636 1778 5714 praefatam
1803 5640 1855 5700 in·
