3794 6166
117 260 170 315 'iil
738 255 912 316 lroa'onlr
934 254 981 316 ΙΙΙ
1002 256 1150 318 OPERA.
1710 257 1762 316 772³

117 432 184 477 non
200 417 334 492 expredit
349 419 384 479 ut
400 417 474 479 litas
493 417 570 477 suut
586 415 703 477 calidis
730 418 762 476 at
785 415 914 476 frivolis

117 514 408 577 adinventionibus
443 513 662 583 immortales,
701 514 914 590 praesentium

116 611 210 674 robis
237 613 433 674 auctoritate
459 611 681 690 praecipiendo
706 611 913 682 mandamus,

29 706 33 713 '
118 713 281 787 quatenus
292 709 459 786 praedictis
475 708 641 785 prioribus
661 709 781 772 litteris
803 711 836 771 at
855 724 917 770 ex-

117 808 321 885 ceptionibus
350 824 415 868 non
442 806 673 878 obstantibus,
704 824 778 867 cum
804 809 918 869 trans-

116 905 227 965 missae
247 904 286 966 ad
306 920 364 967 vos
388 905 508 966 litterae
528 905 568 965 da
593 907 707 965 nostra
725 907 757 966 et
776 903 915 967 fratrum

116 1006 303 1065 nostrorum
337 1003 540 1064 conscientia
575 1003 781 1075 emanarint,
818 1004 916 1080 juxta

117 1100 306 1161 earumdem
325 1101 473 1162 tenorem
492 1100 527 1161 in
545 1100 678 1177 negotio
695 1101 767 1177 ipso
787 1100 917 1161 ratione

119 1198 243 1275 praevia
255 1198 455 1275 procedatis.
464 1200 582 1258 ilatum
596 1201 709 1260 Romae
719 1198 804 1275 apud
818 1200 918 1259 Sano-

117 1294 185 1355 tum
196 1296 329 1357 Petrum
337 1296 396 1357 XV
406 1295 538 1357 kalend.
552 1295 641 1373 junii
656 1312 744 1358 anno
759 1295 915 1357 secundo.

432 1490 601 1577 courir

211 1635 261 1693 dd
277 1636 459 1694 casalenses
473 1634 588 1705 doctas
602 1634 826 1695 clertete'onos.

415 1754 448 1811 la
458 1755 525 1811 maii
540 1756 619 1812 1218.

139 1868 258 1932 [degest.,
272 1868 359 1925 libii,
374 1869 448 1932 epist.
466 1867 536 1919 lter.
552 1868 611 1918 blss.
624 1868 660 1919 La
672 1869 748 1919 Porta
760 1868 795 1917 du
808 1866 902 1934 ruet]

122 1976 392 2033 Reconciliationcrn
407 1975 520 2033 lloberti
535 1976 667 2049 magistri
682 1974 718 2033 da
733 1976 836 2033 Sancto
847 1977 916 2034 Ger·

200 2078 286 2122 mane
301 2080 365 2121 curn
382 2065 507 2122 Ecclesia
521 2066 648 2122 Romana
664 2062 838 2123 manifestat.

159 2182 337 2255 lionorius,
367 2184 442 2254 etc,
471 2182 600 2245 dilectis
635 2183 713 2244 filiis
751 2183 918 2245 universis

121 2278 242 2341 Christi
263 2278 427 2353 fidelibus,
444 2280 485 2341 ad
510 2298 592 2358 quos
608 2281 727 2342 litterae
749 2281 822 2343 istae
837 2297 917 2361 par-

124 2378 288 2439 renarint.

163 2475 264 2535 Sedes
284 2474 484 2551 Apostolica,
510 2492 584 2552 quaa
600 2475 752 2553 superbis
780 2475 916 2548 resistit,

121 2571 302 2633 lrumllibus
338 2574 448 2633 autem
487 2573 542 2634 dat
574 2574 732 2649 gratiam,
760 2577 917 2650 tanquam

123 2684 202 2731 arca
223 2669 356 2731 foeclaris
371 2671 499 2747 virgam
520 2672 736 2733 correctionis
751 2672 783 2733 et
796 2686 918 2749 manna

123 2766 308 2828 dulcedinis
324 2768 357 2828 in
374 2768 510 2845 seipsa,
528 2769 647 2845 quibus
663 2768 704 2829 ad
720 2768 819 2841 illios,
837 2785 919 2846 quos

122 2864 253 2925 sincere
265 2864 385 2940 diligit,
403 2881 537 2925 manum
553 2882 621 2926 suae
640 2865 841 2929 visitationis
857 2882 919 2927 ax-

122 2960 238 3032 tondit,
255 2961 341 3023 colla
366 2963 485 3038 premit
508 2962 632 3025 virtute
648 2964 783 3041 propria
803 2978 921 3042 super·

120 3058 249 3130 borum,
267 3061 300 3121 at
322 3058 362 3120 ad
379 3060 486 3136 ipsam
511 3060 627 3122 devote
646 3060 860 3123 redeuntibus
884 3078 920 3123 sa

122 3160 328 3228 convertens,
340 3156 574 3234 paenitentibus
589 3160 688 3221 corda
700 3175 782 3236 puro
794 3160 921 3221 miseri·

121 3256 243 3316 cordiae
261 3256 369 3316 sinum
390 3256 514 3332 pandlt.
531 3258 622 3318 Licet
643 3258 744 3333 igitur
761 3258 921 3333 magister

121 3353 283 3415 llolrcrtus
298 3354 337 3414 de
351 3356 472 3415 Sancto
486 3358 650 3416 Germano
668 3357 753 3417 lator
768 3372 918 3434 praesen-

121 3453 202 3514 tium
232 3468 332 3529 snper
358 3469 396 3513 oo
422 3452 601 3529 plurimum
626 3454 811 3515 excessisse
836 3470 918 3514 nos-

121 3554 225 3621 catur,
238 3550 322 3627 quenl
337 3551 453 3611 contra
467 3552 641 3611 ecclesiam
653 3551 805 3612 aculeum
816 3551 920 3612 rabel-

120 3649 221 3710 lionis
237 3649 354 3717 crerit,
370 3665 435 3708 non
451 3650 518 3710 tum
542 3653 639 3710 Patro
654 3666 751 3726 quam
768 3652 869 3726 patrae
885 3649 918 3709 in

31 3778 37 3794 ,ι
122 3760 184 3821 qna
197 3746 229 3805 et
244 3761 411 3821 perquam
425 3746 574 3821 ejusdem
590 3746 741 3807 ecclcsiae
757 3746 919 3806 mirabilis

122 3843 287 3903 structura
300 3844 471 3919 consurgit
485 3845 672 3905 contumaci
691 3847 799 3905 niente
814 3845 919 3904 resis-

120 3943 213 4011 tcns,
244 3942 378 4017 proptor
407 3941 492 4016 qarod
529 3942 783 4017 aggravarirnus
820 3958 920 4019 super

122 4038 229 4113 ipsum
242 4037 471 4113 multipliciter
481 4055 600 4098 manus
613 4042 754 4111 nostras
763 4039 919 4102 etfaciam

123 4139 195 4213 ejus
218 4135 430 4211 irnplorirnns
454 4136 648 4210 ignominia,
673 4139 709 4198 ut
731 4137 778 4197 sio
803 4138 919 4198 saltem

123 4233 158 4293 in
183 4233 351 4311 llalplone
377 4234 512 4293 ‹uratns
528 4235 693 4310 qliaeraret
708 4251 826 4296 nomen
842 4252 921 4297 nos·

124 4334 226 4393 traua:
245 4331 322 4407 (pria
339 4333 448 4393 tamen
466 4333 499 4392 in
521 4331 640 4408 spiritu
659 4333 856 4395 humilitatis
879 4334 919 4394 ad

123 4429 373 4506 percutiendum
391 4445 425 4489 so
437 4431 607 4505 postmodo
620 4431 671 4492 ast
681 4447 849 4502 reversus,
860 4448 920 4491 nos

125 4527 215 4586 illius
229 4528 383 4601 gcrrcntcs
395 4527 484 4587 ricos
496 4527 530 4586 in
544 4528 642 4588 terris
657 4529 712 4605 qni
722 4529 920 4605 prestabilis

125 4639 225 4699 snper
249 4624 376 4684 malitia
402 4623 560 4699 pariendo
588 4626 732 4685 marinio
759 4642 797 4687 ac
819 4627 922 4688 mise-

125 4722 227 4780 rcndo
243 4738 335 4781 suani
359 4722 633 4797 ‹nnnipotennam
650 4724 849 4793 manifestat,
866 4725 919 4785 ai-

126 4818 197 4876 dcrn
217 4822 280 4877 tarn
295 4834 522 4895 persequatur
540 4836 598 4896 pcr
612 4819 739 4881 litteras
755 4822 919 4881 carissimi

125 4916 159 4973 in
183 4916 313 4975 llinisto
343 4915 401 4975 lilii
425 4917 513 4990 ragis
539 4919 741 4977 llrancorurn
766 4919 918 4989 illustris,

126 5013 155 5069 ct
170 5012 302 5069 rurtrlios
314 5029 394 5087 apros
411 5012 450 5071 ad
466 5014 810 5089 Sedcrndpostolicant
827 5030 921 5092 pren)-

127 5111 177 5167 lcr
192 5106 252 5164 lruc
270 5108 388 5167 notatis
414 5110 465 5167 ric
481 5110 665 5169 Ludcnicus
682 5112 920 5186 primogenitus

126 5205 196 5278 ojus
209 5204 401 5267 transmisit.
414 5206 453 5264 ad
458 5209 596 5283 januam
607 5206 832 5269 miserationis
843 5225 921 5268 nos-

127 5304 185 5361 lra=
200 5300 343 5375 pulsanti
355 5318 418 5360 rron
432 5305 609 5378 potuimus,
620 5307 920 5382 quantumcumque

127 5395 244 5457 ritoritu
272 5394 448 5455 fuissemus
475 5399 633 5459 cnlrcrsus
657 5417 731 5460 oum
754 5401 918 5467 commoti,

126 5490 363 5556 misericordia
391 5493 514 5554 aulitnrn
539 5495 714 5570 (lancastre,
733 5498 789 5557 sad
812 5499 920 5574 potius

127 5592 340 5668 sanioripsnrn
356 5589 921 5670 arietatisrisccribuspleniusabun-

970 414 1098 489 dantes,
1119 416 1217 494 Juxta
1249 414 1390 478 sormam
1417 412 1582 477 Ecclesiae
1606 429 1720 475 munus
1736 418 1762 476 el

970 513 1111 575 fecimus
1140 512 1359 575 absolutionis
1380 513 1543 591 impendi,
1561 512 1711 573 eumdem
1728 514 1762 573 ad

971 628 1119 674 vescum
1137 606 1249 674 nostra
1264 614 1297 674 at
1313 612 1474 674 Ecclesia
1490 613 1654 672 itomanae
1668 611 1763 686 gratia

970 710 1187 772 remittentes.
1217 710 1337 772 Datum
1364 711 1482 772 ltomae
1509 707 1602 786 apud
1620 710 1763 769 Sanctum

971 809 1106 869 Petrum
1120 808 1196 869 lth
1206 807 1367 869 kalendas
1377 806 1469 885 junii
1483 822 1577 867 anno
1593 805 1741 867 secundo.

1279 965 1471 1054 conxffl

970 1102 1023 1163 Ad
1040 1100 1226 1162 sacristam
1246 1100 1502 1163 Massiliensem
1520 1098 1763 1174 electensem-

1117 1196 1271 1273 positum
1284 1202 1438 1273 ejccsdem
1457 1200 1626 1261 ecetesiae.

1265 1303 1298 1360 re
1317 1302 1385 1360 maii
1404 1302 1485 1361 lats.

1004 1398 1123 1465 [Regeet.,
1132 1398 1177 1451 lib.
1186 1400 1218 1458 ll,
1228 1399 1303 1465 epist.
1315 1396 1638 1451 fesulanensem
1650 1396 1740 1463 rnen]

985 1498 1120 1558 Concedit
1133 1505 1164 1556 ut
1178 1500 1338 1557 sacristiam
1355 1499 1477 1557 retineat
1497 1512 1655 1555 assensum
1669 1495 1757 1554 mdo

1120 1588 1252 1647 electioni
1267 1587 1374 1662 eiusad
1390 1587 1625 1660 preposituram.

1012 1689 1193 1762 Honorius,
1226 1690 1302 1761 etc,
1332 1686 1452 1749 dilecto
1485 1684 1597 1749 tilio...
1626 1686 1767 1748 sacrista

973 1786 1190 1848 Massiliensi.

1013 1885 1118 1956 Quum
1143 1882 1255 1946 dilecti
1284 1881 1344 1944 illii
1371 1881 1554 1961 capitulum
1580 1880 1768 1944 Sistariceu.

973 1982 1136 2054 acclesiae,
1149 1982 1297 2059 ipsorum
1311 1981 1489 2059 praeposito
1500 1978 1606 2040 rebus
1620 1977 1769 2039 humanis

973 2080 1186 2157 exemplata
1205 2079 1246 2141 ad
1267 2078 1519 2157 praeposituram
1540 2074 1696 2155 ejusdem
1719 2092 1770 2137 ee-

973 2178 1084 2239 clesias
1097 2176 1298 2239 unanimiter
1309 2179 1344 2239 et
1357 2174 1571 2238 concorditer
1579 2172 1767 2251 elegissent,

973 2276 1112 2337 necdum
1127 2274 1205 2337 huic
1220 2274 1374 2337 electioni
1385 2289 1562 2336 assensum
1576 2272 1768 2350 praestiteris

973 2391 1016 2437 ex
1039 2373 1237 2447 humilitate,
1254 2373 1295 2434 ad
1316 2373 1399 2435 talia
1422 2373 1455 2434 ta
1479 2387 1640 2433 asserens
1668 2372 1768 2432 minus

973 2473 1109 2549 dignum
1133 2486 1194 2533 nac
1215 2471 1383 2533 sufficiens
1404 2470 1446 2531 ad
1461 2469 1569 2531 solius
1592 2485 1700 2530 onera
1719 2485 1769 2530 sa·

974 2571 1109 2642 cristiae,
1124 2570 1189 2647 ipsi
1202 2569 1336 2631 tandem
1351 2584 1412 2646 par
1432 2583 1512 2629 suas
1529 2567 1631 2629 nobis
1647 2566 1767 2629 litteras

974 2669 1203 2745 supplicarint,
1226 2668 1262 2731 ut
1283 2669 1315 2730 te
1334 2664 1375 2727 ad
1395 2665 1630 2743 recipiendum
1649 2678 1775 2741 praepa·

975 2767 1112 2827 situram
1134 2765 1266 2827 tandem
1287 2764 1447 2826 inducere
1469 2763 1705 2840 dignaremur,
1719 2777 1769 2838 ge-

975 2850 1100 2925 neralis
1126 2862 1266 2925 concilii
1295 2860 1513 2941 temperando
1548 2861 1716 2936 rigorem,
1740 2861 1769 2919 ut

974 2942 1769 3035 retineretibiliceatnihllominusq'uaminitas

975 3060 1085 3120 sillan.
1095 3058 1224 3120 obtines
1235 3059 1377 3120 ecclesia
1388 3057 1591 3129 sacristiam,
1604 3054 1767 3118 credentes

975 3159 1096 3220 statum
1111 3171 1222 3219 rerum
1247 3155 1398 3239 ecclesiae
1421 3154 1520 3232 longo
1538 3154 1694 3231 tempora
1708 3156 1766 3231 jan

975 3256 1157 3334 collapsum
1179 3264 1246 3316 nori
1265 3270 1373 3331 posse,
1389 3254 1475 3314 sicut
1494 3269 1556 3329 par
1573 3251 1606 3314 ta
1625 3250 1766 3329 reparari

975 3355 1145 3432 paralium
1161 3353 1307 3430 regionis
1323 3352 1424 3423 illius,
1438 3351 1489 3412 val
1499 3350 1616 3412 multis
1630 3351 1665 3412 et
1675 3349 1766 3411 variis

975 3451 1247 3528 oppressionibus
1277 3467 1359 3528 quas
1386 3448 1580 3527 frequenter
1613 3448 1767 3509 sustinent

975 3548 1114 3620 obviari,
1132 3548 1343 3625 proponendo
1356 3547 1497 3608 etiamte
1511 3546 1766 3606 concanonicum

975 3661 1049 3707 asse
1064 3647 1224 3723 ipsorum,
1247 3661 1285 3705 ac
1309 3645 1417 3705 virum
1438 3645 1618 3721 potantem,
1647 3644 1764 3702 discre-

974 3745 1054 3815 tum,
1072 3747 1104 3804 et
1117 3742 1301 3820 providum,
1319 3743 1350 3803 at
1371 3742 1405 3802 in
1427 3743 1567 3818 utroque
1584 3745 1664 3817 jura
1681 3740 1765 3817 peri·

974 3844 1053 3912 turn,
1065 3857 1124 3917 par
1136 3857 1232 3918 quem
1241 3841 1344 3901 mulia
1357 3840 1439 3916 ipsis
1449 3840 1482 3900 et
1496 3854 1613 3899 eorum
1625 3837 1765 3900 ecclesia

975 3940 1114 4000 credunt
1141 3938 1262 4000 debere
1284 3937 1455 3999 commoda
1474 3937 1669 4013 provenire.
1694 3935 1767 4006 Quia

975 4054 1053 4098 rere
1067 4037 1221 4098 sacristia
1237 4039 1271 4098 at
1290 4036 1511 4112 praepositura
1529 4034 1700 4110 praedictae
1715 4048 1768 4094 cu·

975 4152 1044 4196 rain
1059 4134 1265 4205 nonlrabent,
1279 4133 1766 4209 sicutaccepimusanimarum

975 4251 1086 4311 quum,
1104 4234 1137 4294 et
1158 4233 1338 4293 secundum
1364 4231 1469 4307 ipsius
1494 4232 1619 4292 statuta
1643 4226 1767 4291 concilii

975 4334 1064 4394 circa
1087 4333 1181 4403 tales,
1209 4331 1265 4408 qui
1291 4329 1472 4407 majoribus
1498 4331 1578 4390 sunt
1602 4327 1768 4390 beneficiis

976 4430 1161 4490 honorandi
1172 4429 1283 4489 valeat
1296 4443 1354 4505 per
1372 4429 1489 4488 Sedam
1500 4427 1726 4503 apostolicam
1739 4426 1769 4484 ut

976 4529 1070 4604 plura
1088 4527 1258 4588 obtineant
1278 4526 1439 4586 beneficia
1456 4540 1572 4586 curam
1587 4526 1768 4584 animarum

975 4625 1143 4696 habentia,
1165 4641 1265 4701 quum
1292 4624 1378 4684 ratio
1405 4622 1549 4699 postulat
1573 4621 1766 4698 dispensari.

976 4726 1044 4783 Nos
1068 4724 1214 4799 ejusdem
1228 4721 1376 4782 ecclesiae
1404 4720 1604 4779 necessitate
1624 4722 1765 4795 pensata.

976 4836 1035 4881 nec
1054 4836 1119 4881 non
1140 4823 1203 4881 tuae
1218 4818 1391 4896 probitatis
1418 4817 1566 4887 obtentu,
1585 4818 1625 4876 de
1637 4815 1766 4893 speciali

975 4914 1765 4994 gratiatibi,quon1credimusmajoriliusdignun

975 5015 1196 5085 concedimus
1206 5017 1241 5074 ut
1251 5014 1436 5075 sacristiam
1449 5013 1627 5073 retinendo
1639 5012 1767 5089 pradic-

975 5114 1052 5183 tam,
1075 5113 1326 5189 praeposituram
1354 5110 1503 5171 eamdam
1528 5110 1633 5170 libare
1655 5126 1765 5170 consc-

976 5210 1105 5286 quaris,
1131 5210 1280 5271 nolentes
1312 5211 1343 5269 te
1371 5207 1514 5283 amplius
1544 5207 1764 5281 subterfugere

976 5309 1151 5383 quominus
1173 5308 1321 5369 eamdem
1344 5306 1599 5383 praeposituram
1617 5306 1761 5381 recipias.

976 5406 1007 5463 at
1022 5420 1104 5464 onus
1121 5405 1240 5465 subeas
1255 5407 1288 5465 iu
1308 5404 1371 5465 hoc
1385 5403 1445 5464 tibi
1465 5418 1545 5463 casu
1563 5402 1762 5464 necessitatis

976 5500 1170 5576 injunctum.
1198 5502 1315 5563 Datum
1351 5504 1464 5563 Romae
1498 5501 1585 5577 apud
1615 5501 1760 5561 Sanctum

976 5599 1110 5658 Petrum
1139 5602 1213 5659 xlv
1240 5599 1401 5659 kalendas
1408 5599 1496 5676 junii
1510 5614 1600 5659 anno
1613 5597 1759 5659 secundo.
