3802 6166
124 354 186 416 ate
563 356 635 417 XX.
650 382 692 401 -
708 354 754 417 IN
776 355 906 419 Festo
929 355 1077 421 sanem
1099 358 1340 422 LAURENTII.
1711 356 1772 418 234

124 528 223 593 quem
246 528 343 591 aquae
368 512 480 575 multae
502 513 753 577 tribulationum
774 531 839 577 non
861 532 922 593 po·
1015 517 1239 593 Ignisautem,
1263 517 1395 589 tratres,
1419 517 1484 581 etsi
1507 518 1630 581 multas
1649 515 1771 579 habeut

125 611 262 674 tuerunt
269 610 465 687 extinguere
469 614 567 689 juxta
575 612 657 673 illud
672 615 921 688 :aqzaemattoe
974 615 1206 691 proprietates,
1218 615 1280 677 has
1294 617 1406 679 tamen
1425 617 1550 693 septem
1562 616 1695 677 videtur
1708 614 1772 675 ha·

124 724 195 770 aon
236 709 427 784 potuerunt
463 711 670 785 eatuzpaere
715 712 920 773 charitatem
974 710 1052 774 bere
1079 712 1242 775 notabiles
1264 716 1363 792 atque
1389 715 1549 790 insignes.
1572 714 1662 790 Ignis
1680 713 1770 776 enim

125 805 235 886 (Cant
252 805 385 885 v111,7).
402 808 548 884 Utroque
559 808 635 884 igne
651 809 858 870 examinatus
871 809 921 870 est
975 810 1074 882 lucet,
1088 811 1166 883 urit,
1183 811 1328 884 roborat,
1345 815 1474 890 purgat,
1499 812 1654 884 desiccat,
1671 812 1772 873 deco·

124 903 242 967 beatus
257 905 469 977 Laurentius,
484 908 516 968 et
533 923 598 968 non
614 906 666 967 est
680 907 813 968 inventa
831 906 866 966 in
881 922 920 968 eo
975 907 1046 984 quit
1055 910 1088 970 et
1100 908 1262 971 calefacit.
1280 911 1383 972 Lucet
1397 926 1456 987 per
1470 909 1690 987 splendorem,
1703 908 1772 972 urit

125 1002 296 1079 iniquitas.
319 1005 404 1065 Nam
417 1019 492 1065 cunr
506 1004 539 1064 in
552 1004 713 1065 craticula
726 1004 920 1080 superposi-
975 1021 1034 1082 per
1046 1007 1485 1085 consumptionemroborat
1497 1006 1772 1069 ministrandum·

123 1102 178 1162 tus
195 1106 359 1173 ureretur,
373 1116 495 1162 nomen
521 1103 671 1163 sanctum
695 1101 827 1163 Domini
853 1117 919 1162 non
974 1118 1038 1175 res,
1053 1107 1172 1181 purgat
1188 1107 1389 1169 removendo
1409 1106 1537 1179 sordes,
1559 1106 1705 1168 desiccat
1719 1121 1771 1166 re·
1877 1156 1880 1171 .

125 1199 270 1275 negavit,
298 1198 355 1259 sed
382 1199 423 1260 ad
447 1198 586 1276 impium
610 1200 789 1276 tyrannum
809 1199 917 1261 dixit:
974 1201 1145 1277 primendo
1170 1203 1338 1276 humores,
1369 1204 1523 1282 decoquit
1549 1203 1768 1281 praeparando
1856 1238 1860 1243 -

123 1297 265 1368 «Disce,
280 1296 391 1368 miser,
407 1296 484 1373 quia
495 1296 656 1359 carbones
671 1297 720 1359 tui
736 1312 803 1358 non
821 1297 921 1359 ardo-
974 1296 1076 1372 cibos,
1090 1299 1244 1362 calefacit
1257 1301 1449 1379 repellendo
1465 1301 1581 1378 frigus.
1607 1301 1710 1363 Lucet
1733 1301 1768 1363 in

125 1410 195 1456 rem
211 1394 269 1456 sed
283 1394 492 1471 refrigerium
507 1394 589 1456 mihi
608 1395 738 1472 parant,
756 1395 834 1473 quia
848 1395 919 1472 ipse
973 1395 1184 1469 candelabro,
1208 1397 1276 1459 urit
1299 1399 1444 1476 paleam,
1469 1398 1605 1461 roborat
1629 1400 1766 1471 testam,

124 1493 283 1554 Dominus
295 1493 399 1565 novit,
416 1492 502 1569 quod
516 1493 691 1554 accusatus
705 1508 772 1554 non
786 1492 919 1569 negavi,

126 1591 352 1668 interrogatus
365 1589 531 1651 Christum
543 1590 714 1652 confessus
729 1607 816 1664 sum,
830 1607 925 1653 assa·

125 1690 177 1750 tus
189 1689 316 1763 gratias
340 1704 450 1765 ago.»
471 1690 511 1750 nt
525 1689 604 1751 item
627 1710 635 1749 ε
654 1707 672 1748 a
692 1691 787 1762 Ecce,
804 1689 917 1762 miser,

124 1787 246 1849 assasti
261 1802 361 1848 unam
374 1788 512 1863 partem,
521 1802 641 1864 regyra
654 1787 809 1859 etiamst
823 1803 920 1849 man-

125 1884 254 1945 duca.»
282 1887 375 1946 'func
399 1885 526 1961 gratias
551 1900 654 1961 agens
680 1885 820 1946 Domino
843 1902 918 1947 cum

124 1983 232 2058 gloria
246 1982 332 2045 dixit
348 2004 355 2043 ε
373 1983 504 2044 Gratias
518 1981 579 2044 tibi
594 1998 669 2059 ago,
685 1983 824 2044 Domine
838 1986 918 2047 Jesu

125 2080 264 2152 Christe,
292 2080 348 2158 qui
371 2080 478 2141 merui
494 2082 617 2157 januas
641 2081 717 2142 tuas
742 2080 919 2157 ingredi.»

125 2179 196 2239 Non
212 2179 263 2239 est
277 2192 356 2254 ergo
379 2177 414 2239 in
438 2194 477 2239 eo
492 2178 629 2240 inventa
652 2177 823 2256 iniquitas,
840 2179 918 2257 quia

125 2275 290 2337 Christum
315 2275 392 2336 sine
413 2275 533 2337 timore
556 2274 729 2337 confessus
755 2275 822 2348 est,¹
844 2292 918 2338 cum

124 2388 235 2435 amore
250 2373 393 2445 secutus,
411 2374 448 2434 ut
468 2372 615 2434 moriens
630 2372 853 2450 triumpharet
877 2374 918 2436 de

125 2472 238 2539 morte,
254 2472 288 2533 et
300 2471 416 2532 vivens
432 2487 507 2532 cum
521 2470 589 2532 vita
610 2471 777 2547 regnaret.

163 2567 328 2631 Probatus
349 2570 400 2632 est
422 2584 553 2646 quoquo
580 2567 734 2630 laudibus
760 2569 915 2646 propriis,

125 2667 211 2745 quia,
223 2683 299 2730 cum
314 2666 455 2729 vidisset
467 2665 601 2728 beatum
617 2667 747 2728 Sixtum
765 2681 786 2728 a
801 2666 917 2728 carni-

127 2765 239 2827 iloibus
253 2765 331 2826 duci
345 2765 386 2826 ad
402 2764 644 2837 decollandum,
661 2780 733 2826 non.
750 2764 850 2826 cessit
864 2765 916 2826 vel

127 2863 244 2936 timuit,
259 2863 316 2924 sed
328 2862 459 2940 publice
469 2862 627 2925 clamavit
637 2877 749 2924 coram
760 2878 920 2940 persecu-

126 2961 251 3023 toribus
266 2961 379 3023 dicens
396 2983 403 3022 ε
418 2979 436 3021 a
452 2963 521 3034 Quo
533 2960 742 3038 progrederis
752 2961 824 3022 sine
835 2960 915 3033 filio,

974 1496 1093 1571 purgat
1113 1510 1244 1567 aurum,
1274 1495 1419 1557 desiccat
1440 1511 1598 1572 pannum,
1614 1496 1770 1575 decoquit

973 1591 1094 1666 cibum,
1111 1592 1264 1656 calefacit
1276 1593 1410 1654 nudum.
1432 1595 1612 1656 Possumus
1626 1593 1767 1655 reddere

973 1688 1104 1764 singula
1131 1690 1287 1766 singulis;
1305 1690 1362 1752 sed
1377 1691 1566 1753 dubitamus
1593 1707 1635 1754 ne
1659 1706 1769 1752 sermo

973 1787 1123 1862 prolixus
1138 1789 1275 1863 generet
1303 1787 1483 1851 fastidium.
1511 1788 1551 1851 nt
1573 1788 1765 1861 notandum,

973 1883 1058 1960 quod
1074 1883 1147 1946 duae
1162 1885 1197 1944 in
1220 1884 1374 1947 hocloco
1398 1885 1633 1949 describuntur
1654 1884 1765 1948 afflic-

972 1980 1081 2044 tiones
1091 1983 1273 2059 martyrum
1290 2004 1297 2044 ε
1314 1999 1380 2044 una
1396 1983 1481 2061 quod
1504 1983 1553 2045 eis
1574 1983 1662 2045 mala
1682 1982 1770 2044 infe-

972 2077 1141 2151 rebantur,
1152 2080 1257 2142 altera
1270 2081 1356 2157 quod
1369 2081 1419 2157 eis
1433 2079 1770 2158 bonapromittehan-

973 2176 1035 2237 tur.
1063 2175 1127 2237 Sed
1156 2176 1197 2239 ab
1224 2180 1363 2256 utraque
1394 2179 1472 2240 sunt
1493 2177 1642 2252 liberati,
1673 2180 1706 2240 et
1731 2177 1766 2238 in

973 2273 1107 2335 coeleste
1118 2273 1329 2350 refrigerium
1343 2275 1421 2337 sunt
1434 2274 1626 2337 introducti.

1014 2371 1484 2445 1tem2rrooastananme,
1502 2388 1563 2434 cor
1582 2388 1710 2446 amella,
1733 2372 1768 2435 et
1866 2448 1871 2453 ¹

972 2469 1124 2530 visitasti
1134 2469 1232 2532 nocte
1245 2468 1314 2548 (Ps.
1330 2473 1378 2543 16,
1394 2470 1440 2549 3).
1468 2469 1624 2532 Probatio
1644 2470 1768 2548 triplex
1872 2516 1877 2523 .

972 2566 1032 2628 est.
1055 2568 1114 2628 Est
1134 2567 1223 2628 enim
1246 2567 1397 2645 probatio
1423 2567 1638 2645 perficientis,
1665 2584 1769 2647 expe-

971 2663 1101 2737 rientis,
1117 2666 1150 2727 et
1162 2665 1382 2727 adversantis.
1400 2666 1513 2727 Prima
1528 2665 1599 2739 Dei,
1621 2664 1768 2728 secunda

972 2761 1128 2834 hominis,
1144 2762 1244 2824 tertia
1260 2763 1399 2824 inimici.
1417 2764 1529 2824 Pmma
1544 2763 1585 2824 ad
1607 2763 1769 2826 salvatio-

972 2875 1058 2931 nem,
1087 2860 1232 2922 secunda
1247 2861 1289 2922 ad
1313 2861 1577 2934 instructionem,
1600 2861 1698 2923 tertia
1725 2861 1766 2923 ad

971 2958 1275 3035 reprehensionem.
1307 2959 1495 3020 Secundum
1519 2960 1660 3036 primam
1682 2975 1765 3036 pro-

125 3060 243 3121 Patert
258 3061 340 3132 Quo,
355 3059 511 3121 sacerdos
524 3060 647 3130 sancte,
665 3058 738 3119 sine
752 3057 821 3119 tilio
834 3074 916 3135 pro·
971 3054 1063 3118 bavit
1083 3059 1179 3118 Deus
1196 3056 1375 3129 Abraham,
1391 3057 1590 3134 praecipiens
1604 3058 1639 3120 ut
1660 3056 1766 3119 fllium

125 3159 238 3233 perasl
253 3156 331 3218 Noli
343 3173 397 3217 me
408 3156 655 3233 derelinquere,
676 3157 777 3218 Pater
789 3158 914 3228 sancte,
972 3153 1173 3215 immolaret.
1183 3153 1342 3216 Probavit
1354 3157 1387 3215 et
1398 3155 1614 3217 Laurentium
1629 3156 1666 3218 ut
1680 3155 1768 3217 ultra

125 3255 201 3332 quia
223 3253 402 3316 thesauros
414 3255 484 3330 jam
500 3251 644 3331 expendi
654 3268 736 3329 quoe
750 3252 917 3315 tradidisti
971 3250 1185 3328 glorificaret.
1202 3252 1351 3313 Coelestis
1363 3252 1486 3313 artifex
1500 3252 1534 3313 in
1555 3253 1633 3328 igne
1645 3240 1769 3330 'proba-

124 3352 219 3415 mihi..
232 3369 251 3413 a
265 3352 387 3413 Beatus
404 3351 517 3412 Sixtus
531 3350 702 3426 respondit
718 3371 725 3410 ε
741 3351 845 3411 «Non
855 3366 917 3427 ego
971 3349 1020 3409 vit
1033 3348 1096 3410 hoc
1111 3364 1240 3421 aurum,
1264 3351 1296 3411 et
1323 3349 1406 3410 illud
1431 3349 1646 3427 purissimum
1670 3350 1768 3411 inve-
1795 3356 1801 3367 '

124 3449 163 3522 te,
176 3449 366 3522 tili,deser0
381 3464 487 3525 neque
499 3448 705 3524 derelinquo,
718 3447 775 3508 sed
789 3450 916 3524 majora
972 3446 1030 3507 nit.
1049 3446 1141 3508 Sicut
1150 3447 1227 3508 calx
1237 3445 1383 3508 fornacis
1398 3446 1534 3509 indurat
1545 3462 1625 3507 vasa
1634 3447 1762 3521 fictilia,

123 3546 179 3608 tihi
192 3546 356 3609 debentur
377 3561 436 3624 pro
460 3545 533 3607 fide
548 3545 670 3606 Christi
691 3544 917 3606 certamina.»
972 3558 1045 3619 quae
1059 3543 1152 3619 prius
1176 3543 1273 3604 erant
1295 3543 1420 3615 mollia,
1443 3544 1490 3605 ita
1509 3544 1785 3621 tentatiotribuf

124 3645 195 3709 Non
217 3645 308 3707 enim
330 3642 542 3705 desiderabat
568 3642 705 3719 praelato
726 3642 916 3710 succedere,
972 3640 1106 3703 lationis
1114 3640 1402 3717 conflrmatjustos
1426 3641 1605 3703 etsanctos
1623 3640 1764 3703 inomni

124 3743 180 3820 qui
191 3742 327 3804 volebat
341 3758 416 3802 curn
431 3741 569 3817 praelato
583 3739 751 3812 decedere,
774 3740 831 3801 sed
852 3756 916 3801 cu·
967 3739 1110 3816 iustitia,
1123 3739 1210 3801 sicut
1224 3739 1346 3814 legitur
1357 3738 1391 3799 in
1407 3739 1660 3801 Ecclesiastico:
1679 3743 1768 3801 Vasa
1873 3782 1877 3789 ‚

124 3838 381 3917 piebatdissolvi
395 3839 428 3900 et
445 3854 518 3900 esse
529 3855 603 3900 curn
616 3838 758 3900 Christo.
782 3839 856 3900 Non
874 3837 919 3899 ti·
971 3838 1066 3912 tipatt
1075 3837 1201 3911 probat
1215 3840 1356 3912 sornam,
1367 3838 1401 3899 ct
1412 3839 1686 3909 bomtaeejasfos
1699 3838 1769 3899 ten·
1864 3846 1868 3855 '

124 3938 204 4000 muit
218 3938 358 3999 mortem
373 3936 425 3998 sui
441 3936 600 4013 corporis
616 3936 673 3997 sed
693 3936 804 3997 timuit
825 3935 917 3996 illum
973 3935 1057 3996 tatto
1073 3935 1304 3996 tribulationis
1315 3932 1430 4013 (Eccli.
1441 3950 1551 4005 xxvn,
1562 3933 1608 4014 6).
1621 3935 1661 3996 Et
1675 3936 1765 4007 nota,

124 4038 176 4112 qui
192 4036 388 4112 potestatem
398 4033 541 4096 habehat
553 4036 585 4095 et
597 4034 742 4094 animam
753 4033 787 4094 et
797 4048 917 4109 corpus
972 4032 1057 4109 quod
1074 4032 1161 4094 siout
1171 4048 1267 4109 poena
1281 4032 1456 4109 temporali
1471 4033 1671 4094 damnantur
1688 4048 1769 4094 san-

124 4132 290 4210 perdendi.
313 4133 375 4193 Hic
401 4134 512 4194 autem
538 4148 605 4193 non
632 4131 738 4192 solum
765 4131 914 4203 mortem,
972 4129 1174 4201 etiamalis,
1199 4129 1285 4191 itae
1313 4130 1768 4209 contrariopoenaperpetua

124 4230 175 4291 sed
193 4234 227 4292 et
236 4230 368 4291 diversa
392 4228 508 4291 mortis
525 4229 688 4292 tormenta
704 4245 764 4307 pro
786 4229 917 4291 Christo
971 4225 1216 4289 damnabuntur
1237 4228 1317 4288 mali
1337 4244 1361 4290 a
1381 4227 1516 4290 sanctis.
1546 4229 1640 4290 Unde
1659 4228 1768 4290 Mala·

123 4328 289 4399 sustinuit,
318 4329 352 4389 et
373 4328 413 4389 in
435 4326 595 4388 omnibus.
613 4327 710 4388 laetus
738 4327 771 4388 et
798 4326 916 4387 hilaris
971 4324 1068 4385 chiae
1080 4325 1239 4401 propheta
1255 4325 1302 4386 ait
1317 4326 1358 4386 de
1372 4325 1510 4403 illisqui
1523 4324 1764 4403 feceruntper-

124 4425 289 4489 diabolum
305 4425 492 4502 superauit,
503 4425 537 4486 et
548 4425 691 4487 tortores
705 4422 914 4486 confortavit.
972 4422 1176 4484 secutionem
1200 4424 1325 4484 sanctis
1351 4425 1384 4485 et
1405 4423 1506 4501 Justis
1523 4445 1531 4484 ε
1547 4425 1766 4500 Egredirntnt

124 4523 326 4600 contempsit
337 4523 501 4602 supplicia
512 4521 734 4600 corporissui,
751 4522 918 4599 contemp·
971 4521 1184 4583 eteoauoaa
1197 4524 1332 4596 imatos,
1355 4536 1435 4583 aare
1450 4521 1583 4596 tetemet
1602 4524 1691 4582 cincta
1703 4524 1765 4581 sab

123 4621 164 4684 stt
186 4622 221 4683 et
242 4620 481 4683 delectamenta
507 4621 607 4697 hujus
635 4618 767 4691 mundi,
782 4621 815 4681 et
838 4620 917 4697 quia
968 4620 1089 4692 planta
1108 4622 1237 4692 aeduam
1257 4619 1457 4681 aestrorum
1483 4616 1640 4696 (Malach.
1656 4632 1700 4687 rv,
1718 4616 1764 4696 3).

123 4718 250 4782 fortiter
265 4719 425 4795 pugnavit
439 4718 472 4778 in
484 4717 603 4789 stadio,
616 4716 760 4793 gloriose
776 4732 917 4779 corona-

121 4818 222 4878 turin
239 4817 334 4879 coelo.
349 4815 442 4878 Unde
457 4815 560 4876 Dauid
576 4831 619 4877 ex
634 4830 777 4892 persona
791 4814 918 4893 marty-

122 4932 192 4976 rum
206 4915 271 4977 ait:
284 4916 522 4976 praestamus
531 4929 598 4988 por
607 4917 722 4989 tpaem
733 4913 914 4987 etaqaaaa,

121 5015 151 5073 at
165 5013 337 5075 inactuosa
352 5027 415 5074 asoa
427 5015 464 5073 ta
476 5013 702 5088 refrigerium
713 5008 782 5089 (Ps.
792 5011 915 5091 65,12).

120 5112 207 5188 ignis
228 5111 264 5171 in
288 5111 351 5171 hoc
374 5110 448 5171 loco
469 5109 635 5185 significat
655 5108 914 5181 tribulationem,

972 4716 1085 4780 Sancti
1118 4716 1341 4792 egredientur,
1363 4715 1469 4787 idest,
1493 4713 1767 4790 contemplabun·
1869 4708 1873 4713 ’

971 4815 1025 4876 tur
1034 4814 1197 4874 tormenta
1213 4813 1455 4883 damnatorum,
1468 4812 1768 4889 propterperseou-
1878 4810 1880 4821 '

971 4911 1078 4973 tiones
1093 4927 1175 4987 quas
1188 4910 1338 4971 fecerunt
1352 4910 1476 4971 sanctis
1497 4909 1533 4971 in
1553 4908 1616 4971 hoc
1631 4910 1764 4983 mundo,

970 5009 1004 5070 et
1031 5007 1206 5070 calcabunt
1232 5007 1363 5083 impios,
1381 5008 1476 5080 idest,
1502 5008 1768 5070 condemnabunt

971 5107 1072 5184 ipsos.
1090 5105 1154 5167 Sed
1168 5105 1261 5182 impii
1276 5107 1374 5169 eruut
1386 5106 1472 5167 sicut
1482 5106 1578 5174 cinis,
1592 5107 1768 5168 idestcom·

120 5226 203 5287 aqua
220 5207 336 5270 mundi
362 5206 626 5278 delectationem,
648 5207 725 5284 quia
746 5205 916 5269 tribulatio
971 5204 1080 5266 bustio
1100 5203 1188 5279 iguis
1213 5204 1341 5266 aeterni.
1367 5206 1407 5266 Et
1429 5204 1528 5268 erunt
1549 5203 1610 5265 sub
1629 5204 1768 5282 pedibus

120 5308 205 5370 sicut
227 5305 315 5382 ignis
336 5305 457 5377 exurit,
478 5306 512 5366 et
533 5304 709 5366 delectatio
724 5304 810 5367 sicut
831 5320 916 5382 aqua
967 5305 1146 5382 iustorum,
1162 5302 1239 5380 quia
1249 5303 1335 5380 justi
1348 5303 1447 5365 erum
1459 5303 1494 5364 in
1510 5302 1606 5373 coelo,
1621 5302 1686 5379 ipsi
1701 5320 1768 5363 au·
1849 5360 1853 5371 ,

118 5406 278 5468 velociter
297 5402 426 5464 transit.
447 5403 568 5463 Beatus
585 5419 664 5478 ergo
680 5404 806 5480 martyr
818 5403 916 5465 tran-
972 5400 1282 5464 temcruciabuntur
1294 5401 1329 5461 in
1341 5400 1768 5463 infernoiltmeritoerunt

120 5504 197 5565 sivit
208 5518 269 5581 per
283 5503 405 5579 ignem,
418 5501 473 5579 qui
484 5502 647 5562 tormenta
661 5501 826 5577 patienter
838 5517 916 5563 sus·
971 5501 1005 5562 in
1021 5499 1117 5571 coelo,
1135 5498 1212 5576 quia
1228 5499 1314 5562 sicut
1328 5499 1449 5560 dicitur
1470 5499 1505 5559 in
1530 5497 1614 5559 libro
1631 5497 1768 5574 Sapien·
1872 5528 1876 5533 -

120 5602 228 5663 tinuit.
245 5599 415 5661 'transivit
438 5614 497 5676 per
515 5614 647 5675 aquam,
669 5599 747 5676 quia
769 5599 917 5662 delecta·
971 5598 1026 5661 tiae
1044 5619 1051 5657 :
1069 5601 1256 5671 Tamquam
1272 5613 1399 5660 acumina
1422 5599 1460 5657 ta
1480 5599 1622 5671 fornace
1634 5598 1766 5670 proba·

119 5700 229 5761 menta
246 5696 347 5773 hujus
362 5695 476 5758 murrdi
488 5694 695 5772 contempsit.
971 5696 1021 5759 ca
1033 5695 1155 5758 clectos
1166 5697 1333 5759 Dominus
1346 5693 1438 5774 (Sap.
1456 5708 1507 5765 111,
1524 5691 1570 5773 6).
