3802 6166
126 315 187 380 lad
214 354 217 359 ·

125 493 147 537 a
161 474 250 537 malo
265 492 331 538 nou
342 478 486 551 revocat,
502 477 668 539 materiali
681 478 792 555 gladio
804 478 925 542 ferian-

125 576 191 646 tur,
204 574 397 637 discretioni
405 578 525 639 vestrae
534 592 594 653 per
602 577 791 653 apostoliea
800 579 924 655 scripta

124 672 334 744 ruarrdamuS,
352 676 514 749 quatenus
540 674 618 735 illos
640 673 700 734 sub
716 690 855 752 quorum
866 679 925 753 ju-

125 769 321 831 risdictione
346 770 536 848 hujusmodi
559 772 703 832 usurarii
719 774 751 834 et
765 772 926 835 malelee-

125 867 216 928 tores
239 868 443 939 consistunt,
468 884 525 929 eos
547 868 704 930 inducere
726 871 921 947 procuretis,

126 965 160 1025 et
183 965 213 1024 si
228 980 310 1041 opus
330 964 431 1026 luerit
444 981 505 1042 per
519 981 695 1027 censuram
716 966 924 1029 ecclesiasti-

126 1077 201 1122 cam
234 1062 451 1138 compellatis,
489 1065 526 1125 ut
555 1079 575 1124 a
611 1065 681 1125 suis
713 1065 924 1142 compescant

125 1158 297 1221 erroribus
312 1159 449 1221 brachio
464 1161 726 1234 saeculari.Quod
740 1163 770 1223 si
783 1179 848 1223 non
857 1178 923 1224 om·

125 1259 281 1328 nes,etc.,
292 1258 329 1318 tu
343 1257 446 1319 irater
456 1258 717 1337 archiepiscope,
735 1260 923 1321 etcltatum

126 1357 242 1416 Romae
260 1356 348 1432 apud
369 1357 525 1417 Sanctum
544 1357 690 1425 Petrum,
713 1357 841 1420 decimo
860 1358 924 1420 lsa-

125 1451 244 1512 lendas
272 1452 432 1530 januarii,
458 1453 667 1530 [testificatus
701 1455 807 1517 nostri
833 1471 922 1517 anuo

125 1564 245 1624 primo.

466 1755 586 1842 CXVI

198 1976 251 2035 Aa
264 1978 557 2051 arctaepacopam
573 1981 805 2039 warenensem
820 1978 854 2040 ct

353 2075 593 2150 accarca-pancos
608 2077 693 2146 ejas.

409 2203 444 2261 23
470 2202 531 2260 dcc.
558 2205 636 2262 1216.

158 2342 280 2407 [Ιίοςεεῑη
291 2341 337 2394 lib.
349 2344 368 2404 I,
379 2343 453 2409 epist.
468 2344 521 2395 161.
544 2346 602 2396 biss.
613 2347 649 2397 Lu
661 2347 737 2396 Parte
751 2345 784 2396 du
794 2344 889 2410 Tbeil].

126 2502 244 2562 Mandat
260 2512 290 2561 ut
313 2506 528 2580 berengariam,
550 2506 661 2579 angliae
685 2505 828 2579 quondam
849 2506 922 2579 regi·

162 2606 240 2659 nam,
268 2591 303 2649 ab
335 2594 497 2665 intquorum
523 2593 670 2651 bominum
697 2595 725 2651 vi
754 2602 783 2651 ct
811 2595 921 2667 injuriis

163 2687 303 2750 tueantur,
323 2697 359 2738 ne
375 2697 483 2754 magno
499 2698 565 2740 curn
584 2690 699 2756 sumptu
715 2691 800 2756 atque
817 2684 922 2741 incom-

165 2768 249 2826 modo
267 2772 387 2828 nuncios
406 2769 442 2828 ad
464 2772 659 2843 apostolicam
682 2771 784 2830 Sedcm
809 2772 921 2830 mittere

164 2864 291 2931 cogatur.

168 3001 355 3073 Honorius,
389 3005 475 3076 etc,
508 3003 693 3066 venerabili
729 3004 824 3068 tratri
860 3022 920 3066 ar-

127 3098 340 3177 chiepiscopo
381 3102 589 3175 Turonensi,
626 3103 659 3164 et
699 3102 920 3178 suffraganeis

125 3198 212 3273 ejus.

165 3294 258 3356 Licet
279 3296 468 3372 apostolicae
491 3297 661 3359 servitutis
690 3298 835 3359 officium
859 3313 919 3358 nos

124 3390 279 3452 omnibus
299 3392 334 3452 in
350 3394 482 3469 justitia
501 3395 625 3455 statuat
644 3394 820 3465 debitores,
840 3410 918 3470 spe-

126 3487 259 3548 cialiter
276 3490 386 3550 taimen
412 3492 564 3552 tenemur
588 3508 631 3552 ex
656 3508 695 3553 eo
717 3490 920 3552 defensionis

127 3585 244 3661 clypeo
266 3586 384 3648 viduas
411 3589 625 3660 communire,
653 3605 737 3665 quas
762 3589 920 3649 Dominus

124 3698 208 3742 roca
234 3685 427 3760 pra-›pleuca
456 3686 607 3762 praecipit
627 3686 809 3757 defensari,
837 3702 921 3763 qua-

124 3795 199 3839 rum
214 3796 249 3841 se
269 3782 429 3856 promittit
446 3783 623 3845 clamorem
640 3783 681 3844 ad
705 3800 780 3844 eum
796 3782 922 3845 vocita-

123 3878 270 3937 rantium
294 3879 466 3951 exaudire,
490 3896 528 3941 ac
550 3881 665 3942 contra
685 3898 754 3953 eos,
782 3882 839 3958 qui
863 3896 920 3942 eas

125 3974 287 4036 laederunt
297 3977 508 4039 commoveri.
531 3980 610 4039 Cum
626 3979 729 4054 igitur
745 3978 919 4040 carissima

123 4072 158 4131 in
186 4072 316 4133 Christo
342 4074 412 4136 filia
434 4076 636 4151 Berengaria
658 4075 825 4153 quondam
850 4078 921 4137 An-

123 4170 253 4244 glorum
269 4171 386 4247 regina
405 4173 545 4233 illustris
567 4173 757 4250 frequenter
771 4189 791 4234 a
806 4173 919 4235 multis

123 4268 190 4327 tum
207 4268 339 4330 clericis
361 4285 458 4347 quam
475 4270 569 4330 laicis
592 4269 733 4346 injurias
758 4271 921 4333 sustineat

124 4366 155 4425 et
167 4365 314 4441 rapinas,
338 4383 376 4428 ac
390 4368 488 4427 nimis
508 4367 538 4428 ei
559 4367 808 4443 dispendiosum
832 4367 920 4430 esset

123 4462 155 4522 et
177 4479 293 4537 grave,
318 4480 377 4540 pro
404 4465 549 4541 querelis
571 4465 713 4540 singulis
738 4465 918 4526 adsedem

122 4561 346 4636 apostolicam
367 4562 503 4624 nuncios
528 4562 708 4635 destinare,
732 4579 792 4623 nos
808 4563 839 4624 ei
854 4580 918 4625 vo-

123 4656 229 4719 lentes
242 4660 379 4734 paterna
394 4658 617 4720 sollicitudine
635 4659 820 4736 presidere,
837 4661 917 4720 uni-

121 4755 272 4816 versitati
286 4758 404 4817 vestrae
420 4772 478 4833 per
497 4757 678 4833 apostolica
694 4758 817 4834 scripta
831 4774 919 4835 prae·

122 4852 275 4928 cipiendo
292 4854 499 4925 mandamus,
519 4856 681 4930 quatenus
700 4855 853 4932 quotiens
876 4855 918 4916 ab

121 4965 161 5011 eu
183 4949 313 5010 fueritis
341 4951 505 5028 requisiti,
534 4952 671 5029 quilibet
704 4955 850 5014 vestrum
878 4952 918 5014 de

121 5047 336 5123 parochianis
363 5049 433 5108 suis
459 5047 515 5126 qui
545 5064 618 5109 eam
646 5049 920 5126 praesumpserint

121 5145 266 5205 Indebite
284 5145 471 5217 molestare,
488 5146 552 5222 ipsi
575 5145 685 5217 iaciat,
698 5146 919 5223 appellatione

121 5245 258 5310 remota,
262 5244 401 5319 justitia
414 5244 651 5320 plenitudinem
668 5244 831 5316 estliberi,
842 5260 920 5305 eos-

120 5341 194 5402 dem
208 5341 247 5401 ad
264 5342 296 5401 id
316 5358 374 5418 per
389 5358 564 5403 censuram
576 5342 846 5413 ecclesiasticam,
864 5357 919 5419 ap·

120 5438 300 5515 pellatione
324 5440 516 5516 postposita,
541 5438 918 5516 compellendo.l)atu1n

120 5536 234 5594 Romus
243 5535 329 5611 apud
342 5538 375 5595 S.
388 5537 534 5604 Petrum,
546 5537 576 5596 X
585 5535 745 5596 kalendas
753 5535 915 5613 januarii,

120 5632 333 5708 pontificatus
347 5632 452 5696 nostri
465 5648 552 5695 aurio
567 5632 685 5709 prime.

759 322 988 385 EPISTOLAE.
1012 324 1090 385 LIB.
1114 325 1139 384 I.

1308 494 1449 583 CXVII

978 670 1031 729 Ad
1052 669 1249 744 cpsscepum
1273 671 1308 733 et
1332 676 1499 735 decanum
1528 677 1562 737 ct
1586 678 1775 752 capit-edam

1237 770 1507 833 Lemovicenacs.

1267 880 1303 939 30
1320 880 1382 939 dec.
1407 883 1486 941 itte.

1015 1000 1132 1063 [Repest.,
1144 1001 1187 1053 lib.
1195 1002 1215 1060 1,
1228 1003 1301 1068 epist.
1316 1003 1370 1055 133.
1382 1007 1439 1057 llas.
1455 1008 1490 1058 La
1503 1007 1577 1058 Porte
1591 1007 1625 1059 du
1639 1009 1732 1072 luein.

978 1116 1014 1173 Ut
1028 1117 1162 1176 clericum
1186 1120 1337 1190 quemdum
1360 1136 1516 1196 pauperem
1538 1125 1774 1185 nomincGauce·

1076 1206 1163 1263 linum
1177 1209 1254 1265 Boioi
1266 1210 1294 1265 in
1310 1213 1480 1270 canonicum
1495 1211 1657 1272 admittant.

1017 1322 1196 1397 Honorius
1229 1327 1304 1399 etc,
1334 1329 1517 1390 venerabili
1551 1331 1648 1394 tratri
1681 1333 1774 1409 epis-

977 1434 1071 1495 copo,
1100 1423 1132 1482 et
1150 1421 1280 1484 dilectis
1306 1424 1385 1486 liliis
1412 1427 1538 1489 decano
1566 1430 1599 1490 et
1626 1430 1772 1506 capitulo

977 1517 1199 1590 Lemovicen„
1216 1520 1368 1592 salutern,
1381 1523 1443 1585 etc.

1017 1616 1145 1685 Quanta
1160 1616 1200 1677 de
1219 1619 1408 1693 provisione
1429 1636 1611 1698 pauperum
1627 1623 1771 1685 clerico-

977 1726 1050 1772 rum
1066 1713 1191 1774 utilitas
1206 1716 1363 1777 Ecclesiae
1381 1719 1442 1779 Dei
1453 1721 1524 1795 jam
1539 1721 1729 1796 pervenerit
1740 1722 1774 1783 et

976 1810 1619 1886 perveniatincessanter,discretionem
1628 1819 1772 1880 vestram

977 1922 1043 1967 non
1059 1908 1223 1970 credimus
1246 1911 1414 1986 ignorare,
1431 1914 1551 1991 quibus
1573 1915 1772 1993 apostolicae

977 2004 1072 2065 Sedis
1098 2006 1281 2068 subsidium
1307 2010 1472 2086 denegare
1500 2028 1567 2072 non
1596 2029 1771 2089 possumus

977 2117 1037 2163 nec
1066 2102 1239 2178 debemus,
1276 2107 1332 2183 qui
1361 2110 1543 2170 secundum
1577 2111 1772 2187 Apostolum

976 2198 1054 2261 tacti
1074 2218 1188 2262 sumus
1213 2219 1255 2264 ex
1278 2206 1440 2282 susceptae
1465 2208 1635 2269 servitutis
1662 2207 1771 2269 osticio

976 2298 1181 2374 sapientibus
1197 2301 1229 2361 et
1248 2301 1482 2378 insipientibus
1498 2304 1675 2366 debitores.
1692 2306 1772 2369 Inde

976 2394 1131 2473 estquod
1152 2414 1212 2474 pro
1236 2397 1356 2461 dilecto
1382 2400 1452 2462 sslio
1476 2402 1656 2463 Gancelino
1677 2404 1772 2464 Boiol

976 2509 1120 2570 paupere
1136 2494 1258 2557 clerico
1273 2496 1313 2557 de
1323 2498 1442 2559 vestris
1455 2499 1605 2575 partibus
1618 2501 1770 2575 oriunda,

976 2592 1227 2654 universitatem
1244 2595 1389 2656 vestram
1410 2598 1592 2672 rogandam
1615 2598 1771 2659 duximus

975 2690 1009 2749 et
1022 2688 1230 2762 monendam,
1249 2708 1309 2768 per
1332 2693 1513 2769 apostolica
1533 2695 1628 2757 vobis
1648 2695 1771 2773 scripta

975 2787 1181 2859 mandantes,
1198 2789 1360 2866 quatenus
1375 2789 1416 2851 ob
1431 2792 1653 2854 reverentiam
1670 2796 1772 2869 Apos-

975 2883 1085 2945 tolicae
1104 2885 1198 2945 Sedis
1223 2887 1256 2947 et
1278 2887 1427 2948 nostram
1451 2888 1560 2965 ipsum
1576 2889 1611 2949 in
1634 2889 1771 2950 fratrem

975 2982 1121 3043 uestrum
1132 2984 1164 3044 et
1174 2984 1369 3045 canonicum
1378 2985 1562 3048 liberaliter
1575 2986 1769 3059 admittatis,

975 3094 1110 3155 precum
1138 3081 1327 3144 nostrarum
1352 3083 1517 3160 primitias
1539 3085 1650 3145 taliter
1674 3084 1772 3146 audi-

974 3177 1052 3250 turi,
1074 3177 1159 3254 quod
1175 3178 1262 3239 idem
1278 3182 1465 3242 assecutum
1481 3197 1517 3241 se
1531 3181 1770 3259 gaudeatquod

974 3273 1125 3346 intendit,
1146 3278 1180 3337 et
1202 3292 1262 3337 nos
1279 3277 1487 3339 devotionem
1500 3280 1647 3340 vestram
1662 3278 1772 3355 possi-

975 3388 1047 3432 mus
1063 3372 1097 3432 in
1117 3374 1256 3434 Domino
1271 3376 1513 3437 commendare.
1538 3376 1657 3437 Datum
1673 3377 1772 3436 Late-

973 3469 1060 3541 rani,
1074 3470 1173 3532 tertio
1194 3471 1356 3533 kalendas
1375 3472 1537 3550 januarii,
1560 3473 1770 3549 pontificatus

974 3566 1079 3628 nostri
1094 3584 1182 3630 anno
1197 3569 1314 3646 primo.

1289 3755 1451 3843 CXVIII

1013 3924 1065 3983 Ad
1078 3926 1232 3984 consedes
1246 3923 1280 3985 ct
1286 3929 1451 3999 popellum
1465 3924 1727 3985 Grmrctnatum.

1272 4036 1365 4110 ljan.
1388 4038 1466 4095 1117.

1096 4160 1269 4225 [spicilegium
1279 4161 1454 4221 liberianum,
1465 4177 1492 4226 p.
1503 4161 1558 4220 718,
1569 4175 1597 4211 n.
1608 4160 1645 4226 8].

974 4276 1069 4333 llouet
1086 4283 1116 4332 ut
1128 4276 1332 4333 monasterium
1344 4278 1372 4334 S.
1387 4276 1586 4335 bartholomei
1601 4277 1636 4334 dc
1648 4276 1770 4334 Trisulto

1008 4372 1036 4420 et
1047 4363 1148 4420 trabes
1157 4364 1261 4421 ibidem
1278 4371 1421 4423 morantes
1436 4363 1766 4423 commendatosliaben·
1841 4442 1845 4447 Ι

1008 4460 1052 4509 tes
1077 4453 1184 4509 nullam
1208 4453 1251 4509 ais
1274 4468 1359 4526 super
1382 4454 1621 4526 possessionibus,
1644 4453 1768 4525 pascuIs,

1008 4542 1053 4599 vel
1066 4541 1219 4598 aliisbonis
1232 4539 1524 4599 inserantmolestiam
1538 4543 1582 4599 vel
1596 4555 1766 4614 gravamen.

1013 4660 1093 4719 Cum
1104 4659 1295 4736 Apostolica
1309 4661 1410 4721 Sedes
1421 4659 1664 4721 cartusiensem
1677 4657 1769 4718 ordi-

974 4757 1101 4817 nemin
1126 4758 1327 4819 monasterio
1348 4758 1460 4818 Sancti
1484 4755 1719 4817 Bartholomaei
1733 4754 1768 4815 iu

972 4854 1115 4916 Trisulto
1125 4854 1334 4930 plantaverit,
1343 4856 1376 4915 et
1390 4871 1450 4914 nos
1470 4854 1510 4913 ad
1525 4852 1628 4929 ipsius
1643 4852 1768 4928 irriga·
1836 4874 1839 4879 ·
1866 4894 1869 4899 -

973 4950 1096 5013 tionem
1107 4953 1139 5012 et
1149 4951 1372 5013 defensionem
1386 4952 1571 5027 promptum
1586 4948 1768 5011 habeamus

973 5048 1132 5121 animum,
1145 5065 1186 5109 ne
1199 5051 1349 5110 arescat:
1363 5047 1611 5109 uniuersitatem
1623 5049 1768 5109 vestram

973 5164 1129 5224 rogamus
1144 5148 1300 5209 attentius
1316 5149 1349 5209 et
1362 5162 1545 5218 monemus,
1557 5162 1617 5223 per
1630 5148 1767 5223 aposto-

973 5246 1037 5306 lica
1064 5244 1157 5306 vobis
1195 5246 1317 5320 scripta
1357 5245 1568 5316 mandantes,
1599 5246 1762 5321 quatenus

974 5344 1210 5404 monasterium
1228 5343 1335 5420 ipsum
1359 5344 1392 5404 et
1411 5343 1532 5405 tratres
1550 5343 1671 5403 ibidem
1695 5359 1768 5403 mo-

973 5441 1084 5501 rantes
1098 5441 1257 5502 habentes
1273 5441 1313 5502 ob
1328 5441 1549 5503 reverentiam
1568 5440 1766 5518 apostolicae

974 5538 1069 5599 Sedis
1088 5542 1120 5601 et
1135 5542 1281 5600 nostram
1297 5540 1493 5618 propensius
1508 5538 1765 5603 commendatos,

973 5636 1098 5699 nullam
1123 5637 1172 5698 eis
1195 5653 1295 5714 super
1327 5636 1602 5715 possessionibus,
1632 5633 1766 5713 pascuis
