3802 6166
119 308 179 372 125
556 310 597 370 X.
615 338 653 356 ··
668 308 713 372 IN
735 307 1033 372 GONVERSIONE
1053 307 1176 370 ΒΕΑΤΙ
1197 307 1338 372 Pnuul.
1713 308 1775 374 126

118 469 167 531 nil
181 466 281 530 nobis
290 467 358 531 nisi
369 466 509 531 mortem
520 432 742 546 promittebat.
754 470 801 532 De
816 470 922 532 morte
975 467 1129 530 rideatur
1151 470 1239 530 Deus
1261 468 1399 530 deorum
1420 466 1455 531 in
1480 466 1559 531 Sion
1583 467 1619 530 in
1639 469 1774 547 speculo

119 565 314 630 tentationis
323 566 772 645 dicitnpostolus20utsuor
781 568 921 635 0111111,
977 566 1275 644 contemplationis.
1301 569 1348 628 De
1379 566 1442 628 hac
1476 567 1557 629 dicit
1584 568 1773 646 Propheta:
1896 568 1899 577 '

122 681 267 728 curarem
281 680 385 727 aarum
407 667 663 738 cmrcttlaceruot
675 682 756 728 mem
774 667 869 726 vittis
889 666 923 727 ct
976 669 1252 727 Asccostorzesin
1265 669 1442 727 cordetuo
1456 667 1624 740 disposuit
1641 664 1773 745 (Ps83,

123 765 408 839 conmtptrccutits
437 762 559 843 (Galat.
590 780 622 836 v,
650 762 716 843 24).
745 767 809 831 Qut
841 763 923 825 serrat
976 762 1173 843 6).lntertio
1184 764 1385 836 excedimus,
1397 764 1528 841 quando
1547 765 1715 843 surgimus
1732 765 1774 826 ad

126 864 263 935 Christi,
279 862 374 934 idest,
389 863 447 940 qui
461 862 645 940 sequuntur
657 862 835 934 Christum,
847 877 924 923 car-
976 862 1155 923 videndum
1168 864 1283 934 Deum,
1300 863 1486 939 utrumque,
1503 863 1543 923 de
1558 879 1623 940 quo
1637 865 1776 941 Aposto-

128 976 197 1021 uem
212 977 310 1022 suam
330 961 579 1032 crucitinerunt,
597 960 692 1030 idest,
706 960 924 1022 mortificare-
978 960 1030 1021 lus
1045 982 1051 1020 :
1065 963 1145 1023 Stoc
1157 961 1272 1023 create
1287 963 1497 1033 excedimus,
1514 964 1584 1022 Deo
1597 962 1723 1037 (licor.
1739 977 1773 1035 v,

132 1060 203 1121 runt
224 1075 301 1121 cum
319 1059 411 1120 uitiis
435 1075 572 1136 operum
592 1060 625 1121 et
646 1058 923 1137 concupiscentiis
978 1058 1042 1137 13).
1059 1059 1099 1120 Et
1111 1050 1287 1120 Psalmista
1302 1075 1309 1114 :
1324 1060 1467 1120 Accedet
1478 1063 1578 1121 homo
1592 1063 1637 1120 cd
1650 1075 1711 1121 cor
1725 1065 1777 1121 al-

135 1157 380 1230 desideriorum,
409 1157 649 1219 tentationibus
677 1174 744 1219 non
765 1157 922 1234 acquies-
978 1158 1062 1229 tacut,
1086 1159 1121 1219 et
1141 1158 1354 1219 recitabitur
1378 1160 1472 1218 Deus
1493 1155 1563 1236 (Ps.
1586 1159 1636 1229 63,
1660 1158 1703 1233 8).
1725 1158 1775 1219 Ad

136 1257 258 1327 centes,
288 1256 345 1317 sed
367 1254 499 1318 fortiter
525 1256 730 1318 resistentes.
760 1271 779 1315 ‹
800 1257 923 1317 Beatus
978 1255 1121 1332 primum
1135 1255 1280 1317 trahitur
1294 1270 1413 1316 sensus
1431 1255 1656 1333 perspiritum
1671 1256 1774 1317 timo·
1817 1294 1820 1299 ·

135 1355 288 1425 enimvir,
306 1354 342 1415 ut
355 1353 499 1416 lacobus
520 1355 578 1427 ait,
596 1355 652 1431 qui
674 1354 802 1422 suffert,
825 1354 921 1426 idest,
978 1353 1037 1414 ris.
1062 1353 1111 1415 nd
1135 1353 1316 1415 secundum
1338 1353 1476 1415 vocatur
1493 1354 1526 1415 et
1545 1354 1776 1415 mercenarius

135 1453 182 1530 qui
193 1452 575 1529 superattentationem;
593 1453 750 1530 quoniam
765 1469 842 1515 eum
852 1469 925 1530 pro·
978 1467 1039 1530 per
1064 1451 1219 1529 spiritum
1245 1451 1390 1514 consilii.
1413 1451 1462 1513 nd
1486 1452 1621 1514 tertium
1646 1452 1778 1513 levatur

130 1551 219 1613 batus
248 1550 284 1611 in
314 1566 350 1612 se
377 1551 460 1611 vitia
488 1550 521 1613 et
548 1553 686 1628 peccata
710 1552 922 1624 mortificare,
979 1567 1096 1613 sensus
1115 1566 1175 1630 per
1197 1551 1350 1628 spiritum
1372 1549 1557 1627 sapientiae,
1578 1550 1612 1611 et
1630 1550 1680 1611 sic
1702 1551 1777 1628 quis
1870 1584 1873 1593 ·

128 1665 199 1729 quae
212 1648 424 1709 tentamentis
438 1647 563 1710 diaboli
581 1649 818 1722 immittuntur,
835 1649 926 1710 acci·
979 1651 1125 1712 meretur
1148 1649 1329 1711 ascendere
1348 1664 1450 1726 super
1470 1663 1540 1720 cor,
1566 1647 1663 1719 idest,
1680 1648 1722 1709 ad
1744 1646 1777 1710 id

124 1745 449 1826 pietcoronamvitae
463 1765 481 1806 a
497 1744 582 1825 (Jac.
599 1763 622 1820 1,
641 1746 926 1827 1111111111-
979 1749 1066 1826 quod
1088 1748 1205 1809 oculus
1231 1763 1299 1809 non
1318 1746 1412 1819 vidit,
1439 1761 1500 1807 nec
1524 1744 1617 1807 auris
1638 1745 1776 1818 audivit,

121 1847 188 1908 bus
216 1843 378 1906 mortibus
406 1844 584 1922 Apostolus
608 1845 759 1923 loquitur
784 1846 923 1907 dicens:
980 1863 1041 1908 111
1053 1846 1088 1908 in
1098 1845 1316 1908 corhominis
1329 1843 1490 1907 ascendit.
1807 1900 1811 1905 .

118 1944 241 2009 Sancti
260 1945 409 2005 lredtbric
430 1943 464 2004 et
484 1947 622 2005 oirrcrdo
643 1944 785 2019 caeperit
808 1942 923 2023 (Hebr.
1021 1946 1152 2023 Septem
1165 1943 1397 2021 suntSplritns
1409 1942 1521 2004 Sancti
1537 1941 1640 2004 dona:
1652 1942 1777 2014 Timor,

117 2058 172 2114 xl,
191 2042 237 2114 36,
251 2038 317 2118 37),
333 2040 430 2111 idest,
445 2055 547 2118 super
560 2039 695 2102 vincula
715 2042 748 2103 et
760 2056 924 2114 carceres,
980 2044 1099 2123 pietas,
1116 2043 1269 2116 scientia,
1283 2040 1453 2126 tortitudo,
1470 2041 1659 2112 consilium,
1676 2040 1779 2102 intel-

118 2139 267 2214 taptdctt
287 2139 380 2207 suut,
403 2139 492 2201 secti
509 2139 601 2210 suot,
629 2138 752 2201 tentati
773 2140 866 2211 suaet,
889 2143 926 2201 tn
981 2142 1097 2215 lectus,
1110 2141 1287 2219 sapientia.
1298 2141 1465 2202 Timorem
1481 2139 1625 2217 Spiritus
1637 2142 1778 2202 Sanctus

121 2239 292 2302 1111111111
306 2239 411 2314 paura·
424 2237 556 2299 rnortut
569 2237 661 2298 surtt.
684 2239 750 2299 Pro
764 2237 809 2299 iis
829 2253 923 2298 mor-
980 2240 1072 2303 velut
1096 2240 1348 2302 tundamentum
1367 2239 1402 2299 in
1432 2236 1573 2299 aedilicio
1600 2237 1702 2314 ponit,
1724 2236 1779 2299 cui

124 2334 217 2398 tibus
245 2334 480 2396 beatificantur
505 2334 670 2407 homines,
698 2334 829 2397 dicente
857 2337 926 2397 Do-
981 2339 1048 2400 alia
1063 2340 1150 2402 dona
1165 2355 1225 2400 suo
1239 2339 1274 2399 in
1296 2337 1413 2398 ordine
1428 2335 1680 2413 superimponit,
1698 2335 1777 2412 quia

128 2432 219 2496 mino
240 2449 248 2489 ε
271 2434 374 2494 Beati
388 2434 578 2495 ertttscum
592 2448 654 2494 vos
670 2433 928 2496 111111111οωὶ-
981 2437 1074 2515 prius
1090 2437 1233 2498 mentem
1250 2437 1398 2497 metuere
1410 2433 1501 2507 tacit,
1519 2449 1560 2494 ne
1584 2450 1644 2511 pro
1658 2448 1780 2511 pecca-

134 2545 204 2603 111,
218 2532 249 2593 et
263 2547 342 2593 curn
362 2532 605 2607 separaverint
620 2547 691 2603 cos,
709 2532 742 2594 et
757 2535 927 2605 exproba-
980 2535 1054 2597 tisa
1067 2537 1134 2597 Deo
1149 2534 1333 2611 separetur,
1349 2533 1383 2593 11
1394 2549 1470 2594 cum
1480 2531 1611 2592 diabolo
1624 2531 1660 2591 in
1672 2530 1780 2607 poenis

138 2629 242 2689 1011)ῑὶ
269 2628 304 2691 et
328 2629 495 2700 circaea
516 2643 642 2690 nomeu
665 2629 822 2690 vestram
848 2629 928 2689 tan·
981 2634 1187 2712 torqueatur.
1209 2632 1370 2695 Pietatem
1394 2630 1635 2708 superimponit
1651 2629 1777 2703 timori,

143 2740 233 2798 quom
245 2727 646 2801 tractumpreptcrttttem
658 2730 818 2789 leontinis.
832 2730 928 2788 0111-
982 2746 1057 2791 cum
1082 2729 1184 2791 menti
1198 2729 1247 2791 sic
1266 2726 1425 2788 metuenti
1451 2726 1503 2787 sui
1519 2726 1623 2803 ipsius
1639 2726 1781 2803 inspirat

147 2823 209 2885 dete
226 2824 258 2887 et
276 2824 442 2896 exultata,
464 2839 540 2887 cccc
554 2828 648 2886 euim
659 2839 793 2886 merces
807 2826 928 2886 cestro
983 2820 1257 2905 compassionem,
1280 2825 1400 2903 pieque
1415 2823 1495 2886 tacit
1514 2824 1672 2896 recolere,
1696 2839 1781 2901 quo-

149 2924 264 2993 comma
275 2924 328 2984 cst
342 2926 380 2983 iu
393 2926 488 2984 ccctis
502 2919 633 3001 (Matth.
647 2938 680 2992 v,
695 2920 758 3000 12).
983 2925 1074 2987 niam
1094 2925 1217 2986 misera
1232 2923 1297 2985 erit
1317 2923 1346 2982 si
1365 2938 1386 2984 a
1408 2924 1475 2983 Deo
1498 2923 1652 2999 separata
1667 2921 1702 2981 in
1726 2922 1782 2981 in-

181 3018 255 3081 Hinc
269 3020 753 3098 estetiamquodEvangelium
766 3019 926 3090 Matthaei,
983 3025 1078 3085 sorno
1097 3022 1198 3084 tuerit
1219 3021 1317 3085 torta.
1339 3019 1521 3082 scientiam
1541 3019 1781 3097 superimponit

153 3114 285 3190 Epistolae
298 3117 395 3180 Pauli
408 3118 441 3180 et
453 3118 579 3179 Psalmi
594 3118 698 3180 David
714 3134 783 3196 prae
799 3117 929 3180 ceteris
984 3122 1110 3200 pietati,
1127 3137 1202 3183 cum
1223 3118 1326 3180 menti
1346 3118 1478 3180 timenti
1498 3116 1627 3195 sibique
1646 3133 1783 3195 compa-

154 3214 304 3292 scripturis
314 3217 349 3277 in
359 3215 508 3278 Ecclesia
522 3214 789 3294 frequentantur,
804 3217 840 3278 ut
854 3230 929 3277 cum
982 3220 1091 3290 tienti,
1117 3218 1150 3281 et
1164 3217 1327 3296 quomodo
1343 3215 1469 3277 salvari
1484 3217 1584 3293 queat
1606 3215 1781 3289 scrutanti,

154 3316 321 3384 peccatores
331 3313 499 3376 audierint
509 3315 704 3377 Matthaeum
715 3314 928 3392 publicanum
983 3318 1084 3397 hujus
1110 3318 1160 3379 rei
1186 3316 1412 3393 cognitionem
1431 3314 1582 3389 largitur.
1599 3313 1784 3376 Fortitudi-

155 3409 179 3467 ct
188 3412 345 3474 teloneum
355 3427 429 3475 esse
438 3411 561 3475 tactum
571 3412 830 3488 Evangelistam,
847 3415 930 3473 Pau·
985 3433 1059 3478 nem
1082 3413 1325 3492 superimponit
1346 3412 1513 3480 scientiae,
1529 3427 1603 3471 cum
1619 3411 1722 3472 menti
1737 3411 1784 3472 ti-

154 3502 205 3569 lun
228 3510 456 3589 blasphemum
480 3517 513 3571 et
539 3512 784 3587 persecutorem
804 3509 928 3571 iactum
984 3514 1087 3574 menti
1114 3512 1242 3588 sibique
1271 3509 1496 3586 compatienti,
1523 3509 1555 3569 et
1580 3508 1658 3584 quid
1682 3523 1783 3583 agere

154 3618 209 3668 esse
221 3609 424 3686 Apostolum,
439 3610 471 3671 et
486 3607 590 3669 David
618 3607 803 3670 adulterum
816 3607 931 3685 prodi·
985 3611 1101 3673 debeat
1136 3608 1254 3671 scienti
1290 3606 1518 3669 tortitudinem
1548 3607 1715 3682 praeparat
1740 3606 1783 3667 ad

153 3700 238 3768 torem
261 3708 295 3769 et
318 3706 518 3769 homicidam
543 3721 616 3768 esse
642 3707 765 3767 tactum
786 3705 931 3783 prophe·
985 3708 1190 3788 operandum
1204 3706 1290 3784 quod
1304 3705 1433 3773 didicit,
1456 3703 1492 3764 in
1514 3720 1579 3781 quo
1598 3719 1634 3764 se
1657 3703 1783 3765 salvari

151 3801 212 3878 tam,
223 3804 391 3867 confidant
405 3804 445 3865 de
460 3804 518 3866 Dei
537 3803 766 3866 misericordia
788 3820 855 3865 non
870 3820 929 3865 so·
985 3823 1083 3888 posse
1093 3805 1240 3869 contidit.

149 3895 203 3962 lum
221 3902 355 3964 reniam
374 3902 568 3980 promereri,
589 3901 646 3962 sed
671 3901 772 3963 etiam
787 3896 930 3978 gratiam
1026 3905 1209 3967 consilium
1244 3901 1438 3979 superponit
1468 3899 1677 3970 tortitudini,
1707 3916 1782 3962 cum

148 3995 296 4073 iuvenire,
316 4001 396 4078 quia
412 4017 480 4061 non
496 4000 590 4062 venit
603 4014 725 4061 vocare
740 4001 850 4076 justos
872 3998 930 4061 sed
985 4004 1089 4067 menti
1121 4000 1251 4064 timenti
1289 3999 1417 4075 sibique
1445 3997 1680 4074 compatienti,
1705 3998 1783 4076 quid

146 4101 323 4170 peccatores
338 4098 379 4158 ad
405 4097 644 4174 poenitentiam.
669 4098 709 4159 ut
722 4097 797 4158 ideo
820 4097 931 4157 nollus
986 4116 1086 4177 agere
1096 4098 1215 4160 debeat
1233 4095 1351 4160 scienti
1366 4095 1408 4156 ad
1426 4094 1629 4171 operandum
1648 4094 1784 4158 sortitu-

145 4192 285 4274 desperet
298 4196 339 4256 de
355 4194 585 4256 misericordia
599 4194 670 4267 Dei,
687 4195 764 4272 quia
780 4195 852 4271 ipse
867 4211 930 4271 pa·
986 4201 1097 4261 dinem
1114 4196 1267 4273 largitur,
1275 4196 1312 4256 ut
1321 4193 1362 4255 de
1377 4192 1430 4253 his
1441 4192 1594 4254 omnibus
1608 4193 1687 4270 quid
1707 4195 1784 4257 aliis

146 4292 221 4355 tiens
238 4294 299 4366 est,
317 4294 350 4355 et
368 4293 558 4354 misericors
575 4292 727 4353 omnibus
743 4292 933 4354 invocanti·
987 4296 1162 4359 consulere
1181 4293 1310 4364 debeat,
1337 4291 1432 4353 sciat.
1454 4291 1660 4353 Intellectum
1680 4308 1784 4370 supe-

144 4389 298 4464 luseum,
321 4390 464 4469 quinon
487 4390 713 4453 rultmortem
735 4390 930 4467 peccatoris,
987 4393 1146 4471 rimponit
1161 4391 1386 4453 consiliorum
1401 4390 1504 4450 menti
1524 4389 1642 4451 scienti
1656 4389 1785 4467 sibique
1880 4402 1883 4407 ·

143 4493 192 4554 sed
205 4494 241 4554 ut
250 4480 467 4553 convertatur
477 4490 510 4550 et
523 4489 624 4551 vivat.
987 4489 1212 4569 compatienti,
1227 4487 1306 4566 quid
1330 4503 1431 4562 agere
1456 4485 1574 4547 debeat
1595 4487 1725 4558 scienti,
1742 4488 1784 4549 ad

174 4590 294 4652 Tribus
316 4587 423 4650 modis
438 4587 602 4649 convertit
623 4602 683 4648 nos
704 4588 803 4648 Deus.
820 4586 932 4647 Prima
988 4588 1192 4668 operandum
1205 4585 1294 4658 torti,
1311 4585 1389 4646 aliis
1402 4583 1487 4645 bene
1499 4584 1685 4644 consulenti
1700 4600 1784 4645 con-

141 4689 311 4751 conrersio
323 4686 491 4749 estredire
504 4686 546 4746 ad
561 4700 638 4759 cor;
656 4685 800 4746 secunda
811 4686 862 4746 est
873 4701 932 4745 as·
988 4689 1090 4750 donat
1105 4684 1373 4762 intelligentiam,
1393 4697 1454 4744 cur
1473 4681 1544 4742 haec
1556 4681 1609 4742 vel
1623 4681 1682 4742 illa
1698 4698 1787 4759 prae-

140 4788 277 4849 rendere
291 4787 326 4847 in
340 4785 450 4856 corde,
466 4785 566 4847 tertia
580 4783 741 4845 excedere
760 4783 800 4844 de
821 4783 932 4844 corde.
989 4787 1101 4864 cipiat,
1116 4786 1149 4847 et
1161 4783 1229 4845 alia
1240 4779 1423 4843 invisibilia
1440 4777 1499 4839 Dei
1518 4779 1646 4840 secreta
1658 4780 1787 4844 intelli-

138 4887 171 4946 ln
187 4886 296 4963 prima
309 4884 360 4945 est
374 4898 431 4944 cor
446 4882 582 4955 humile,
596 4882 630 4943 in
645 4880 792 4943 secunda
808 4881 935 4942 medic-
989 4887 1055 4962 gat.
1084 4880 1289 4958 Sapientiam
1315 4874 1557 4953 superimponit
1582 4876 1784 4955 intellectui,

137 5001 202 5057 cre,
219 4984 256 5044 iu
272 4982 370 5044 tertia
387 4997 444 5042 cor
456 4981 570 5042 altum.
582 4982 630 5041 De
640 4980 747 5056 prima
762 4979 843 5042 dicit
857 4983 936 5041 Pro·
990 4999 1064 5046 cum
1075 4979 1178 5042 menti
1188 4974 1318 5040 timenti
1330 4972 1460 5051 sibique
1469 4975 1695 5068 compatienti,
1708 4979 1786 5057 quid

137 5083 260 5160 pheta:
281 5080 594 5151 Praevortcctores,
612 5080 724 5140 redite
738 5081 782 5139 od
801 5093 861 5140 cor
876 5077 933 5157 (ls.
990 5095 1090 5158 agere
1109 5077 1227 5140 debeat
1249 5072 1382 5144 scienti,
1398 5071 1440 5133 ad
1466 5073 1670 5149 operandum
1691 5077 1788 5139 tortl-

135 5196 226 5253 xnrn,
250 5180 296 5258 8).
322 5180 392 5239 Nec
420 5180 471 5240 est
491 5176 731 5239 contemnenda
758 5177 934 5249 sententia,
990 5179 1138 5242 tudinem
1153 5174 1230 5237 aliis
1249 5172 1335 5234 bene
1353 5170 1553 5240 consulenti,
1579 5174 1707 5235 secreta
1727 5177 1787 5237 Dei

135 5281 214 5357 quia
239 5278 282 5338 de
302 5277 387 5338 coelo
409 5275 600 5337 descendit:
625 5276 733 5336 Nosce
755 5276 790 5336 te
813 5275 933 5352 ipsum,
992 5274 1202 5353 intelligenti,
1223 5271 1264 5334 ad
1287 5271 1490 5348 postremum
1510 5270 1709 5348 sapientiam
1724 5288 1786 5334 su-

135 5379 249 5440 hcmo.
278 5375 440 5447 Quoniam
463 5374 593 5452 quidem
619 5388 821 5449 cognoscere
841 5373 938 5435 debet
992 5371 1258 5455 peraccumulat,
1285 5370 1323 5431 ut
1346 5367 1433 5445 quod
1460 5369 1590 5429 ratione
1620 5369 1785 5448 intelligit,

134 5478 237 5538 homo
255 5473 334 5552 quid
354 5473 419 5533 sibi
433 5470 561 5546 debeat,
579 5472 656 5550 quid
682 5471 842 5544 Creatori,
859 5472 936 5549 quid
992 5472 1188 5552 sapiendum
1202 5469 1234 5530 11
1250 5466 1317 5539 tlat,
1332 5467 1367 5528 et
1377 5466 1481 5528 solius
1501 5467 1561 5528 Det
1575 5483 1699 5540 amore,
1714 5486 1787 5545 quae

135 5573 304 5652 proximo,
328 5570 406 5649 quid
430 5571 573 5647 corpori.
603 5569 754 5632 Secundo
776 5569 936 5642 ascendit,
992 5569 1159 5657 intelligit,
1175 5568 1268 5630 recta
1283 5564 1451 5643 sequatur.
1475 5567 1545 5626 Hoc
1571 5565 1790 5642 1111111111-

137 5669 362 5750 spiritualiter
380 5668 422 5731 de
443 5669 566 5732 virtute
586 5668 621 5730 in
647 5667 816 5740 virtutem,
834 5668 939 5730 donec
993 5669 1069 5734 ticio
1090 5667 1139 5730 ita
1162 5663 1356 5741 composito,
1387 5661 1528 5724 Sanctus
1552 5661 1586 5721 in
1605 5677 1645 5723 eo
1666 5663 1790 5725 residet
