3802 6166
90 238 93 243 ·
124 212 183 273 elit

166 366 312 434 Dilectus
326 368 416 431 illius
430 370 547 431 cantor
562 366 777 431 suessionen.
795 368 831 429 in
844 382 925 433 nos·

126 472 178 533 tra
204 467 383 547 praesentia
411 466 611 529 constitutus
633 464 729 529 nobis
751 465 924 528 humiliter

127 566 328 647 supplicavit
356 568 393 628 ut
419 566 564 627 AElidem
598 564 763 641 uirginem
792 568 923 643 neptem

127 683 232 740 stram,
245 682 319 744 quae
329 665 405 726 voto
418 663 581 725 castitatis
597 663 731 735 emisso,
745 663 780 724 in
795 679 925 725 monas·

127 765 211 827 lerio
236 764 346 825 vestro
374 761 434 823 sub
459 760 606 837 regulari
633 760 759 834 habitu,
785 762 924 823 Domino

127 862 297 941 proposuit
322 860 487 933 famulari,
511 861 547 921 in
572 860 749 921 monialem
773 862 806 922 et
830 875 924 921 soro-

687 212 690 217 '
733 204 909 269 IIONORII
931 206 977 269 111
998 204 1147 271 OPERA.

1720 214 1777 303 5⁵⁰³

977 367 1070 431 dium
1082 370 1194 431 Terrae
1210 368 1353 439 Sanctae,
1369 356 1516 435 necnon
1527 384 1618 433 uuus
1632 372 1780 451 conjudi-

981 482 1056 528 cum
1080 466 1121 528 ad
1143 468 1255 545 partes
1278 466 1364 529 alias
1387 468 1441 531 est
1460 468 1661 543 translatas,
1684 486 1780 535 cansa

979 564 1051 642 ipsa
1066 566 1228 627 remansit
1248 566 1410 627 hactenus
1436 566 1600 630 indecisa.
1624 568 1779 631 i'olenles

978 662 1080 739 igitur
1093 665 1129 725 ut
1143 662 1221 724 linis
1233 662 1347 725 litibus
1361 665 1568 743 imponatur,
1586 664 1777 729 discretioni

978 760 1097 821 vesirae
1118 776 1178 838 per
1202 758 1393 839 Apostolica
1421 762 1547 840 scripio
1572 764 1780 839 mandamus,

978 859 1153 935 quatenus,
1172 858 1201 919 si
1223 860 1275 922 est
1289 860 1348 937 ita,
1365 876 1426 922 ros
1448 861 1484 921 in
1507 860 1626 923 eodem
1650 863 1781 939 negotio

125 976 196 1023 rem
222 961 367 1022 vestram
389 957 495 1036 recipi
519 958 715 1020 laceremus.
732 960 801 1020 Nos
822 957 925 1034 igitur
974 958 1072 1034 juxta
1085 957 1277 1034 praecedens
1293 957 1551 1034 praedecessoris
1568 961 1678 1022 nostri
1691 978 1781 1022 man·

126 1056 423 1137 supplicationibus
463 1054 611 1135 ejusdem
645 1056 791 1119 cantoris
827 1055 925 1118 beni·

125 1172 226 1233 gnum
244 1154 473 1233 impertiemus
487 1171 672 1227 assensum,
683 1155 716 1217 et
730 1154 820 1231 pium
837 1170 925 1230 prae-

125 1254 221 1316 dictae
241 1254 360 1332 puellae
376 1253 580 1331 propositum
606 1253 641 1313 in
667 1252 807 1314 Domino
834 1267 925 1313 com-

126 1350 333 1425 mendantes
347 1351 596 1413 uniuersitatem
611 1352 755 1412 vestram
768 1364 925 1427 rogamus

124 1453 157 1512 et
185 1467 356 1513 monemus
387 1451 422 1511 in
462 1450 613 1521 Domino,
641 1464 701 1526 per
733 1449 924 1526 Apostolica

123 1546 218 1611 uobis
246 1548 368 1625 scripta
394 1548 603 1620 mandantes
629 1548 792 1624 quatenus
819 1545 924 1608 diuini

124 1646 249 1707 amoris
269 1646 401 1717 intuitu,
423 1650 455 1707 et
483 1645 672 1706 nostrarum
705 1660 840 1721 precum
866 1642 927 1704 ob-

124 1747 229 1817 tentu,
260 1741 294 1804 in
325 1759 473 1805 sororem
499 1745 645 1804 restrum
674 1746 707 1804 et
743 1738 924 1803 monialem

124 1840 336 1904 admittentes
352 1836 512 1907 eumdem,
533 1841 647 1902 mirina
662 1840 768 1916 ipsam
787 1840 925 1902 caritate

123 1938 284 2012 tractetis,
302 1940 337 2000 ut
351 1938 421 2015 ipsa
433 1940 546 2000 votum
561 1954 657 1999 suum
678 1937 790 1999 ualeat
817 1936 927 1999 adlm-

124 2038 226 2117 plere,
242 2036 403 2115 uobisque
417 2037 457 2097 de
473 2037 664 2114 receptione
693 2036 784 2097 illius
807 2052 926 2098 cumu-

123 2136 177 2197 lus
197 2137 331 2197 aeternae
355 2133 585 2196 retributionis
608 2135 789 2197 accrescat.
805 2135 925 2196 Datum

124 2233 280 2295 Laterani
311 2234 405 2295 sexto
441 2232 603 2295 kalendas
638 2233 798 2295 februarii
836 2247 924 2294 anno

126 2332 282 2393 secundo.

164 2431 201 2490 ln
228 2428 379 2491 eumdem
407 2430 540 2490 modum
561 2428 719 2506 scriptum
749 2431 925 2504 estsuper

124 2526 227 2588 hoc...
258 2524 369 2588 abbati
398 2529 466 2589 et...
496 2527 622 2587 decano
653 2527 759 2588 sancti
788 2521 924 2588 i'edasti

127 2624 354 2695 suessionen,
372 2624 408 2685 ut
426 2638 483 2683 eos
504 2622 544 2683 ad
570 2622 631 2683 hoc
655 2618 834 2699 prudenter
853 2638 926 2683 mo-

124 2721 235 2794 neant,
262 2721 295 2782 et
318 2718 499 2782 elllcaciter
521 2719 677 2780 iuducere
703 2736 768 2781 non
797 2722 925 2797 postpo

126 2820 217 2879 nant.
246 2815 338 2890 Quod
369 2816 397 2878 si
424 2833 489 2878 nen
519 2833 644 2887 omnes
665 2818 740 2888 etc„
763 2817 827 2879 duo
849 2834 926 2879 ues-

130 2917 228 2988 trum,
245 2917 307 2977 etc.
324 2917 442 2977 Datum
458 2914 616 2992 utsupra.

456 3112 597 3199 exili

125 3268 177 3326 Ad
190 3266 348 3326 abbatem
367 3266 408 3326 dc
426 3268 524 3325 Licin
538 3267 739 3327 (termiensis
757 3268 922 3335 diaecesis,

165 3366 447 3424 archidiaconum
484 3364 517 3425 et
558 3361 738 3424 caritoreru
770 3365 925 3435 ejsudem

163 3462 323 3522 emicedia.

419 3557 453 3614 27
473 3556 533 3630 jan.
552 3557 630 3614 lits.

231 3682 356 3743 [1101111111.
374 3680 509 3744 hungariis
523 3680 581 3729 hist.
592 3680 666 3745 dipl,
677 3680 721 3742 vl,
732 3680 800 3746 liiii]

124 3796 183 3853 lllls
198 3796 349 3853 committit
361 3810 478 3854 causam
495 3811 558 3869 quoe
576 3796 648 3853 inter
672 3796 804 3853 abbatem
817 3795 852 3853 de
868 3797 924 3854 Plis

159 3892 188 3941 et
211 3883 343 3941 abbatem
359 3885 455 3943 Sancti
471 3885 583 3943 llsrtlnl
599 3884 634 3941 de
650 3886 797 3943 Pannonia
810 3884 845 3941 dc
859 3886 922 3958 qul·

158 3972 277 4031 busdam
288 3973 408 4031 decimis
422 3981 451 4031 et
466 3974 551 4032 rebus
563 3974 626 4031 allis
640 3975 768 4033 vertitur.

164 4100 332 4160 llonorius
346 4100 532 4177 episcopus,
541 4116 657 4162 servus
669 4118 840 4163 serrorum
850 4101 920 4173 Dei,

123 4196 253 4260 dilectis
267 4196 345 4257 liliis
357 4196 467 4259 abbati
481 4198 520 4259 ile
534 4197 642 4271 Libin,
654 4200 826 4261 Gouriens.
839 4199 924 4261 diee-

123 4296 221 4368 cesis,
246 4294 495 4368 archidiacone,
519 4299 551 4358 et
578 4298 706 4359 cantori
734 4297 921 4369 (teanensi,

124 4396 266 4457 salutem
281 4396 314 4456 et
330 4394 546 4472 apostolicam
559 4394 833 4458 benedictionem.

162 4493 279 4555 Dilecti
309 4493 369 4553 lilii
395 4492 497 4555 abbas
534 4495 567 4555 et
599 4494 779 4556 conuentus
815 4496 921 4557 sancti

122 4592 257 4653 Martini
283 4592 323 4652 dc
352 4592 525 4654 Pannonia
555 4608 615 4653 sua
642 4591 737 4652 nobis
763 4592 922 4670 petitione

122 4690 359 4758 monstrarunt,
372 4690 458 4767 quod
470 4706 544 4751 cum
558 4689 666 4753 ielicIs
679 4692 921 4753 recordationis

122 4789 335 4851 Innocentius
352 4804 437 4865 papa
452 4787 681 4865 praedecessor
701 4791 815 4851 noster
841 4806 921 4851 cau-

121 4902 204 4959 sam,
221 4903 294 4965 quae
309 4887 396 4947 inter
408 4886 498 4963 ipsos
513 4901 556 4947 ex
576 4888 669 4963 parte
682 4904 760 4955 una,
776 4890 809 4949 et
824 4887 921 4949 abba·

121 4986 187 5045 tem
200 5000 239 5046 ac
255 4983 435 5045 monachos
451 4985 491 5045 de
505 4984 574 5045 Plis
590 4984 921 5047 Cisterciensisordi-

120 5081 173 5141 nis
187 5082 444 5159 vesprimiensis
459 5081 613 5143 dioecesis
629 5099 672 5143 ex
684 5083 803 5155 altera,
819 5100 920 5161 super

121 5177 316 5257 quibusdam
332 5179 469 5241 decimis
491 5183 524 5241 et
551 5179 650 5242 rebus
677 5180 753 5242 aliis
777 5182 920 5244 vertitur

119 5275 302 5339 venerabili
320 5275 415 5339 tratri
429 5278 584 5356 episcopo
609 5278 784 5340 Geuriensi
800 5283 832 5341 ei
846 5283 919 5358 ejus

119 5373 258 5450 collegis
269 5376 735 5449 commiseritterminandnm,
747 5380 815 5440 tum
824 5394 920 5457 prop·

118 5473 172 5535 ter
185 5470 390 5533 mandatoris
409 5475 558 5547 mortem,
577 5476 646 5537 tum
666 5477 744 5554 quia
760 5476 918 5555 praelatus

120 5572 296 5650 episcopus
326 5570 562 5635 transfretasse
593 5574 715 5637 dicitur
743 5592 777 5636 111
807 5574 919 5637 subsi-

979 1053 1102 1125 datum,
1117 1055 1339 1131 appellatione
1353 1059 1494 1130 remota,
1509 1058 1643 1119 ratione
1660 1060 1780 1135 praeuia

979 1150 1176 1230 procedatis.
1190 1153 1280 1225 Quod
1295 1154 1324 1213 si
1339 1170 1529 1217 nouomnes
1544 1155 1589 1215 iis
1600 1172 1779 1233 exsequen-

979 1249 1030 1311 dis
1063 1246 1238 1329 potueritis
1268 1252 1445 1325 interesse,
1471 1253 1538 1314 duo
1565 1254 1780 1317 vestrumea

980 1348 1198 1410 nihilominus
1219 1354 1456 1426 exsequantur.
1473 1352 1596 1413 Datum
1615 1353 1780 1425 Laterani,

979 1448 1023 1507 Vi
1046 1445 1208 1507 kalendas
1232 1446 1411 1520 februarii,
1437 1447 1654 1526 pontificatus
1681 1448 1781 1512 nostri

980 1559 1068 1605 anno
1084 1544 1241 1606 secundo.

1299 1714 1462 1805 CXVIII

1008 1876 1061 1936 Ad
1074 1878 1256 1939 Nicolaum
1270 1877 1425 1939 odbaicnr
1439 1878 1560 1939 Sancti
1577 1880 1755 1941 Theodosii

1180 2058 1183 2063 Ι
1234 1977 1375 2049 sjrcsaua
1389 1974 1533 2050 tratres.

1270 2106 1305 2164 aa
1327 2105 1389 2181 jan.
1412 2106 1492 2165 rats.

1059 2229 1189 2292 [theinna
1202 2230 1269 2281 biom
1283 2230 1344 2290 hist,
1358 2226 1492 2296 llungsriaa
1503 2228 1589 2283 illust.
1600 2238 1620 2283 t.
1638 2234 1658 2291 l,
1671 2232 1709 2299 9.]

981 2339 1183 2395 llonssteriurn
1209 2338 1305 2397 Sancti
1327 2337 1479 2396 Theodosii
1505 2340 1722 2399 Coeoobisrche
1745 2340 1776 2399 dc

1016 2426 1149 2484 Laberria
1172 2426 1201 2485 lu
1225 2444 1276 2486 sus
1295 2429 1470 2501 protectione
1492 2430 1615 2502 suscipit
1644 2430 1771 2504 pontifex,

1015 2524 1143 2574 statuens
1159 2525 1190 2575 ut
1212 2516 1316 2575 ibidem
1338 2518 1435 2591 regula
1460 2516 1492 2577 Β.
1514 2520 1611 2577 Basilii
1639 2521 1773 2594 perpetuis

1016 2607 1193 2679 temporibus
1199 2606 1366 2665 observetur
1374 2623 1383 2678 ;
1395 2623 1554 2681 eurumque
1569 2611 1769 2683 passessiones,

1013 2693 1078 2767 jnra
1093 2703 1122 2754 ot
1136 2696 1286 2770 privilegia
1300 2696 1460 2755 coufirmat.

1020 2823 1186 2885 Honorius
1201 2825 1375 2902 episcopus
1390 2841 1506 2887 serr-'us
1517 2843 1692 2889 serrorum
1706 2828 1765 2897 Dei,

980 2920 1100 2982 dilecto
1139 2921 1206 2983 lllio
1253 2922 1392 2985 Nicolao
1434 2923 1547 2985 abbati
1586 2926 1765 2988 monasterii

981 3019 1766 3101 S.TheodosiiCoenobiarchaedeLaberria,ejus

980 3135 1043 3195 que
1059 3116 1216 3179 iratribus
1228 3119 1296 3180 tam
1310 3120 1528 3197 praesentibus
1541 3138 1641 3199 quam
1660 3122 1762 3184 tuturis

980 3216 1166 3291 regularem
1190 3218 1293 3279 uitam
1317 3218 1477 3295 protessis
1506 3219 1541 3280 in
1566 3223 1759 3297 perpetuum,

980 3315 1120 3376 salutern
1139 3316 1172 3377 et
1189 3316 1410 3393 Apostolicam
1430 3316 1703 3380 benedictionem.

1019 3414 1222 3490 Religiosam
1236 3414 1340 3476 vitam
1352 3415 1562 3491 eligentibus,
1580 3418 1657 3491 etc„
1672 3428 1760 3491 eisquc

979 3510 1149 3589 infringat.
1179 3516 1224 3574 Ea
1258 3516 1402 3592 propter,
1433 3513 1546 3577 dilecti
1577 3516 1614 3577 in
1640 3516 1759 3577 Domino

979 3608 1052 3681 tilii,
1063 3610 1183 3670 vestris
1192 3611 1294 3688 Justis
1309 3611 1589 3689 postulationibus
1599 3613 1760 3674 clemeuler

979 3707 1169 3780 annuimus,
1187 3712 1218 3771 et
1233 3709 1407 3786 praelatum
1422 3712 1660 3773 monasterIum
1673 3706 1757 3773 sancti

978 3805 1155 3867 'llreodosii
1167 3807 1415 3870 coenobiarchae
1428 3809 1469 3871 de
1482 3810 1653 3883 Laberria,
1665 3811 1698 3871 in
1710 3821 1756 3885 quo

979 3903 1091 3966 diuino
1107 3906 1287 3982 mancipati
1301 3908 1380 3969 estis
1395 3906 1566 3985 obsequio,
1580 3910 1656 3981 etc,
1671 3916 1757 3981 ruald

979 4002 1231 4063 communimus.
1261 4006 1297 4064 ln
1332 4004 1449 4081 primis
1481 4006 1662 4084 siquidem,
1697 4008 1755 4067 elo,

977 4114 1085 4175 arsque
1099 4100 1279 4161 secundum
1291 4104 1392 4163 Deum
1405 4106 1438 4164 et
1452 4101 1543 4165 beati
1555 4105 1670 4166 Basilii
1683 4116 1756 4177 regu·

979 4197 1043 4258 laur
1060 4198 1093 4257 in
1103 4198 1218 4259 eodem
1228 4200 1442 4272 monasterio,
1459 4202 1536 4273 etc,
1546 4218 1655 4277 uscire
1669 4201 1754 4263 obser·

978 4297 1084 4357 retur.
1122 4297 1281 4358 Preterea
1322 4313 1549 4377 quascumque
1592 4298 1753 4379 possessio·

978 4410 1047 4467 nes,
1079 4397 1154 4465 etc,
1186 4410 1292 4470 idcirc
1317 4395 1444 4458 illibata
1473 4400 1695 4475 permaneant.
1725 4397 1751 4455 ln

978 4493 1095 4570 qulbus
1119 4494 1202 4565 haec,
1231 4496 1306 4566 eto,
1330 4510 1437 4568 rasorio
1457 4496 1642 4569 uocabulis,
1666 4497 1749 4557 locon

977 4592 1097 4667 ipsum,
1112 4592 1145 4652 in
1157 4608 1220 4668 quo
1236 4591 1409 4669 praelatum
1423 4597 1661 4657 morrasterium
1672 4596 1747 4655 situm

977 4692 1037 4758 est,
1063 4706 1137 4751 cum
1160 4690 1312 4752 omnibus
1333 4692 1546 4769 pertinentiis
1575 4695 1661 4767 suis3
1683 4684 1747 4768 aput

976 4788 1252 4866 Hierosolymam,
1269 4790 1443 4851 ecclesiam
1464 4792 1573 4854 sancti
1597 4782 1744 4855 Theodosii

976 4903 1050 4947 oum
1078 4886 1233 4964 hospitali
1271 4890 1303 4949 et
1335 4888 1520 4965 apothecis,
1550 4892 1585 4952 et
1620 4891 1706 4953 turno
1726 4882 1746 4941 el

975 4985 1096 5057 rineis;
1115 4985 1147 5044 in
1163 4984 1290 5046 dnobus
1310 4988 1524 5049 monasteriis
1540 4990 1647 5052 sancti
1667 4990 1745 5051 isar

975 5083 1027 5143 nis
1043 5083 1198 5159 Baptistae
1213 5086 1246 5145 et
1260 5085 1366 5146 sancti
1378 5086 1512 5163 Georgii
1529 5088 1617 5165 apud
1632 5076 1746 5151 hamele

974 5183 1096 5255 terras3
1114 5182 1199 5259 apud
1217 5182 1360 5244 Sclralon
1375 5186 1485 5245 terras
1504 5188 1538 5248 et
1558 5186 1673 5249 vineas
1693 5188 1746 5243 cum

975 5279 1147 5356 lrospitali3
1173 5282 1266 5342 extra
1299 5281 1420 5343 Jallam
1461 5284 1642 5347 ecclesiam
1669 5271 1748 5345 sancti

973 5381 1079 5448 ionae,
1093 5381 1126 5439 et
1141 5378 1231 5440 intus
1245 5381 1427 5455 apothecas
1451 5384 1485 5442 et
1512 5382 1678 5462 hospitale
1697 5388 1750 5441 culi

973 5476 1072 5537 vinea
1084 5492 1221 5553 magna3
1236 5477 1319 5539 duas
1334 5494 1437 5541 nares
1456 5479 1583 5544 liberas
1601 5500 1661 5561 per
1672 5480 1751 5545 utun

975 5590 1065 5635 mare
1081 5575 1166 5651 apud
1179 5576 1312 5653 ,taliam
1327 5577 1551 5643 obedientiam
1571 5583 1658 5658 apud
1670 5572 1752 5643 Zetrt
