3802 6166
85 240 96 259 ’
168 282 228 345 reo
634 264 804 335 rumoan
825 262 870 327 ιιι
889 256 1033 321 orem.
1046 216 1317 305 -sssrnuoa’rs-
1718 226 1781 289 roo

200 434 239 493 lit
252 428 419 491 idcircum
433 426 502 491 sirit
523 424 617 487 multi
632 422 794 503 principes
806 409 946 477 antestis
1000 398 1086 503 Unde
1105 393 1140 452 ΙΙΙ
1162 382 1309 463 llffllfflffl
1334 380 1499 493 Voltwt'es·
1509 385 1585 447 ooett
1604 384 1639 448 ct
1665 386 1780 496 places

157 523 284 585 militie
310 522 375 581 tria
400 520 626 581 ῖιιιιῖιιιιιιιιικῖθ
649 522 788 593 ipumrm
812 504 940 567 nonrina
991 502 1097 551 erraras
1121 482 1188 558 (P⁸·
1211 480 1242 551 8,
1257 476 1304 588 9)·
1328 479 1453 541 Goelum
1473 481 1638 593 sidereum
1660 483 1722 556 est,
1742 500 1778 545 ιιι

152 614 531 687 arguorimusinsarra
548 592 939 689 scripturas-idelicetlli·
987 598 1049 661 quo
1067 578 1131 639 fixa
1156 575 1233 638 suni
1257 576 1378 650 Sidera,
1406 577 1446 638 de
1471 594 1534 655 quo
1562 579 1643 642 dlclt
1658 580 1778 643 beatus

147 706 403 775 cbaolalnbriol.
413 700 720 781 linplrael..tiicbnol
729 698 777 757 esi
785 690 933 767 princeps
984 672 1157 749 Gr080ri¹1⁸
1175 688 1184 733 ἲ
1208 680 1280 736 Aet*
1297 678 1372 737 coell
1385 677 1548 749 dualitate
1566 679 1775 752 disponitur,

143 798 354 861 certaminis,
385 798 520 857 ctzrlrrlel
550 790 767 855 ren-elationis,
785 775 929 853 Rapbael
982 772 1078 831 terra
1091 784 1175 832 vero
1187 786 1272 832 aare
1285 774 1501 846 secundatur.
1514 776 1554 834 Εῖ
1580 773 1615 834 in
1631 775 1775 836 Genesi:

140 892 382 951 medicaminis,
401 891 465 949 sed
479 890 647 949 sciendum
669 874 817 953 estquod
840 868 927 931 beati
986 866 1121 927 Vooaott
1133 871 1226 929 Deles
1237 870 1777 942 mercamentumocellumcoelum

139 986 250 1059 angeli
276 1001 342 1044 non
363 984 488 1043 liabent
511 982 644 1041 nomina
663 976 697 1035 in
716 972 771 1031 illa
794 966 926 1027 civitate
979 978 1169 1039 empyreum
1184 965 1234 1025 est
1248 964 1282 1024 in
1296 982 1360 1042 quo
1380 968 1489 1043 angeli
1516 968 1722 1044 consistunt;
1746 971 1778 1031 et

137 1080 286 1149 cotesch-
303 1074 632 1153 idcircoquibusdam
647 1063 828 1128 nominibus
842 1075 924 1121 cen·
978 1058 1099 1123 dicitur
1113 1077 1316 1139 empyreum,
1339 1063 1435 1136 idest,
1460 1065 1593 1142 igneum
1620 1082 1639 1127 a
1665 1067 1779 1144 splen-

135 1177 261 1241 sentur,
285 1174 393 1248 ntper
407 1172 465 1231 illa
489 1167 621 1230 nomina
642 1160 828 1235 designetur
847 1155 924 1233 quid
978 1157 1069 1231 dore,
1100 1175 1166 1221 non
1194 1175 1214 1220 a
1240 1161 1362 1233 calore,
1393 1164 1471 1239 quia
1494 1164 1704 1241 splendidum
1730 1169 1780 1227 est

131 1269 169 1329 in
192 1284 309 1328 eorum
324 1265 518 1327 ministeriis
535 1262 660 1335 agatur.
688 1255 778 1317 Unde
795 1257 924 1329 Grego-
979 1256 1084 1318 totum
1099 1258 1198 1334 atque
1212 1274 1379 1319 serenum.
1394 1261 1536 1336 Dignum
1556 1262 1678 1339 quippo
1704 1262 1777 1335 luit,

131 1363 220 1425 rius:
241 1366 303 1424 «Ιιι
326 1364 382 1423 illa
397 1362 511 1421 sancta
535 1357 666 1419 civitate
690 1367 787 1429 quam
808 1351 849 1412 de
872 1350 926 1412 vi·
978 1355 1014 1414 ut
1027 1354 1113 1416 sicut
1133 1355 1245 1430 angeli
1267 1358 1344 1418 sunt
1359 1358 1537 1435 splendidi,
1553 1358 1599 1420 ita
1615 1359 1779 1422 haberent

132 1458 228 1521 sione
243 1456 476 1532 omnipotentis
496 1454 554 1514 Dei
580 1451 676 1528 plena
699 1448 925 1526 scientiaper-
978 1451 1168 1528 splendidas
1183 1454 1387 1515 mansiones.

129 1554 219 1623 fecit,
230 1554 353 1613 idcirco
362 1551 496 1629 propria
506 1549 639 1610 nomina
654 1545 846 1618 sortiuntur,
858 1562 923 1609 non
1017 1551 1063 1610 De
1076 1549 1139 1611 hoc
1151 1550 1235 1611 coelo
1250 1550 1364 1613 dicunt
1376 1552 1538 1625 doctores,
1561 1554 1646 1631 quod
1663 1554 1777 1616 statim

129 1646 214 1729 quod
230 1664 346 1709 eorum
366 1662 516 1724 personae
538 1645 609 1706 sine
631 1642 818 1705 nominibus
844 1645 923 1706 sciri
978 1646 1013 1708 ut
1027 1646 1149 1708 lactum
1169 1649 1230 1717 est,
1255 1650 1383 1724 angelis
1404 1651 1566 1727 repletum
1594 1652 1656 1713 est.
1683 1653 1777 1715 Unde

127 1758 193 1809 nou
206 1745 357 1820 possunt,
374 1744 431 1805 sed
443 1760 517 1806 cum
538 1742 579 1803 ad
594 1756 654 1802 nos
666 1740 790 1819 aliquid
803 1742 923 1804 minis·
977 1744 1102 1806 David:
1120 1749 1248 1808 Coetum
1263 1751 1338 1808 coelt
1351 1752 1498 1810 Donctno
1515 1770 1522 1808 :
1541 1749 1610 1829 (Ps.
1621 1751 1690 1821 113,
1710 1747 1774 1828 16).

127 1842 249 1905 tratum
260 1842 409 1915 ueniunt,
425 1840 525 1903 etiam
546 1838 633 1916 apud
658 1853 720 1901 nos
735 1840 871 1903 nomina
888 1839 922 1901 in
977 1842 1065 1903 Deus
1080 1844 1180 1905 Pater
1194 1843 1284 1906 dedit
1296 1845 1415 1905 coelum
1432 1846 1571 1907 Domino
1586 1847 1674 1918 coeli,
1690 1847 1777 1909 idest

127 1938 323 2003 ministeriis
337 1938 512 2001 trabunt.»
977 1938 1045 2000 illio
1068 1955 1141 2012 suo,
1167 1942 1204 2002 ut
1223 1940 1270 2001 ibi
1289 1944 1405 2019 regnet
1419 1959 1493 2003 eum
1508 1944 1621 2005 electis
1638 1944 1722 2005 suis.
1740 1946 1776 2004 ln

166 2036 310 2099 Michael
338 2034 590 2113 iuterpretatur:
620 2036 697 2109 quis
735 2036 774 2097 ut
812 2038 923 2098 Deerat
976 2038 1071 2109 coelo,
1087 2038 1183 2111 idest,
1198 2038 1234 2099 in
1245 2055 1322 2100 aere
1335 2040 1604 2117 istofltpraelium
1617 2057 1777 2117 magnum

128 2132 262 2197 Gabriel
285 2135 451 2211 fortitudo
471 2137 545 2203 Det,
578 2132 727 2209 Rapbael
752 2137 923 2195 arcadici-no
976 2136 1169 2210 angelorum
1197 2138 1231 2197 θῖ
1258 2136 1455 2198 daemonum.
1476 2139 1560 2198 Boni
1583 2140 1695 2215 angeli
1709 2157 1777 2216 pu-

126 2237 203 2301 Ποῖ.
219 2231 419 2295 Michaelest
433 2230 586 2307 princeps
601 2230 793 2293 certaminis
808 2232 922 2293 contra
975 2233 1079 2308 gnant
1106 2234 1251 2310 quotidie
1288 2251 1347 2312 pro
1382 2235 1490 2297 salute
1520 2240 1660 2309 nostra;
1695 2237 1777 2299 mali

126 2331 305 2395 diabolum.
319 2332 357 2391 nt
377 2328 451 2389 ideo
463 2327 585 2389 dicitur
599 2328 753 2401 Michael,
771 2330 855 2406 quod
870 2329 924 2389 in·
976 2332 1086 2393 autem
1102 2330 1303 2393 contendunt
1318 2332 1496 2393 cumhonis
1507 2350 1566 2410 pro
1577 2335 1694 2396 nostra
1706 2350 1779 2411 per·

126 2429 431 2507 tormentumque
444 2426 612 2488 alneum
634 2426 716 2498 Quia
737 2428 862 2503 pugnat
880 2443 923 2488 ex
976 2429 1111 2490 ditione.
1130 2429 1263 2501 Quoties
1285 2431 1471 2491 resistimus
1483 2432 1575 2492 uitiis
1594 2435 1628 2494 et
1646 2432 1776 2494 ‹laonio-

124 2528 248 2591 rirtuto
262 2529 293 2587 et
308 2523 471 2602 sapientia
491 2524 561 2585 Dei.
586 2524 644 2584 Cui
670 2524 781 2585 nullus
803 2525 921 2585 similis
977 2526 1073 2587 nibus
1098 2542 1157 2587 nos
1171 2527 1386 2599 tentantibus
1404 2530 1502 2591 toties
1517 2545 1576 2605 pro
1596 2530 1693 2591 nobis
1709 2548 1776 2608 pu-

125 2626 185 2695 est,
202 2624 236 2685 et
244 2639 288 2685 ex
299 2622 419 2684 virtute
430 2622 490 2683 Dei
502 2620 637 2699 superat
648 2622 843 2697 potestatem
855 2622 923 2683 dia·
975 2626 1056 2700 gnat
1072 2623 1227 2697 Michael,
1255 2625 1333 2702 quia
1348 2626 1419 2702 ipse
1431 2627 1463 2687 et
1484 2628 1594 2702 angeli
1616 2631 1688 2705 ejus
1715 2644 1777 2705 pro

124 2721 209 2795 boli,
225 2737 269 2783 ex
280 2720 444 2799 sapientia
462 2718 567 2780 vincit
581 2718 737 2801 astutiam
758 2721 841 2795 ejus,
865 2718 921 2796 qui
976 2720 1071 2781 uobis
1086 2720 1231 2782 militant
1246 2721 1281 2782 in
1296 2723 1449 2796 excelsis,
1476 2724 1532 2801 qui
1550 2725 1583 2785 ot
1606 2711 1778 2786 daemones

120 2819 159 2885 iu
171 2820 264 2881 nullo
277 2817 465 2897 potestialli
477 2817 530 2878 vel
545 2815 708 2893 superari.
718 2815 810 2877 Unde
824 2819 923 2879 Joan·
976 2818 1102 2894 urgant,
1132 2820 1165 2880 θῖ
1191 2819 1286 2881 ιιοῖιίε
1314 2821 1478 2881 auxilium
1506 2822 1773 2883 subministrant.

123 2934 195 2991 nes,
223 2917 259 2979 in
284 2915 486 2994 Apocalypsi
501 2935 510 2974 :
524 2916 671 2975 Factum
696 2915 748 2993 cst
760 2918 921 2988 praeliam
975 2916 1133 2978 Diabolus
1148 2917 1318 2979 contendit
1328 2935 1389 2979 nos
1403 2919 1562 2979 damnare
1576 2922 1607 2981 et
1629 2920 1775 2983 lliclrael

123 3031 291 3093 resupnum
312 3018 350 3076 tn
371 3019 465 3076 coeto.
486 3014 568 3073 Tres
582 3013 660 3073 sunt
672 3011 748 3072 coeli
775 3012 816 3073 ad
839 3028 921 3088 quos
971 3013 1168 3092 justificare.
1177 3015 1334 3077 Diabolus
1344 3016 1475 3078 laborat
1487 3018 1522 3078 ut
1531 3018 1645 3079 trahat
1657 3035 1718 3079 nos
1733 3019 1775 3079 ad

124 3114 285 3191 rapimur.
306 3112 457 3188 Dignitas
487 3109 723 3172 ecclesiasticae
748 3106 919 3191 [pietatis],
975 3111 1150 3183 infernum,
1165 3115 1199 3174 et
1213 3113 1354 3175 Miclrael
1371 3118 1406 3175 ut
1418 3114 1644 3190 perducatnos
1656 3116 1699 3176 ad
1715 3132 1777 3192 pa-

123 3212 164 3275 ad
185 3228 283 3289 quam
302 3210 431 3287 rapitur
450 3208 565 3269 Helias
580 3208 615 3268 in
628 3222 783 3283 corpore;
797 3208 920 3269 veritas
975 3209 1133 3271 radisum.
1148 3212 1188 3271 ut
1200 3211 1277 3287 quia
1292 3210 1378 3272 bona
1394 3228 1495 3289 opera
1510 3229 1641 3290 semper
1655 3213 1775 3275 debent

123 3310 285 3384 angelica
313 3307 518 3377 subtilitatis,
535 3304 577 3365 ad
592 3319 691 3381 quam
701 3304 831 3381 rapitur
844 3307 922 3366 Eze-
974 3306 1167 3383 praevalere,
1182 3308 1278 3368 malis
1293 3308 1460 3386 operibus,
1477 3310 1552 3370 ideo
1562 3308 1772 3388 subjunctum

124 3408 213 3471 c-lliel
240 3407 275 3468 in
298 3405 432 3483 spiritu;
457 3419 593 3464 summae
618 3401 920 3479 incircumscriptio
974 3406 1776 3481 estzlltrtortproeoaluemmt,rteprcetocnsinoen·

123 3501 268 3574 deitatis,
305 3499 347 3561 ad
390 3515 488 3576 quam
527 3497 703 3574 rapiuntur
739 3497 919 3558 electorum
974 3502 1161 3563 tuscorum
1175 3502 1710 3581 atripliuoestincoetolnpoc.xu,
1726 3504 1772 3584 7).

122 3600 254 3662 animae.
272 3598 377 3660 Aliter
395 3599 501 3659 :Tres
524 3596 602 3657 ειιιιῖ
623 3594 709 3667 oceli,
734 3596 767 3656 et
794 3594 919 3656 Paulus
974 3598 1068 3661 Unde
1084 3599 1242 3661 Dominus
1253 3599 1301 3662 ait
1316 3603 1492 3663 :Videbam
1506 3603 1773 3663 Sotonamstcnt

122 3697 286 3775 usquead
310 3696 444 3758 tertium
464 3694 584 3756 coelum
605 3693 736 3769 raptum
762 3707 798 3752 se
827 3692 917 3753 dicit.
972 3699 1089 3771 fulgor
1098 3696 1275 3757 cadentem
1290 3699 1331 3758 dc
1345 3702 1427 3759 ooelo
1443 3698 1536 3776 (Luc.
1553 3714 1585 3768 x,
1603 3700 1667 3776 18).

121 3795 269 3858 Primum
290 3794 409 3856 coelum
433 3792 560 3869 primus
579 3790 685 3850 status
700 3790 751 3851 est
764 3789 798 3850 in
810 3790 920 3850 Eccle·
1012 3791 1144 3853 Gabriel
1160 3794 1211 3855 est
1225 3794 1378 3871 princeps
1394 3795 1619 3867 revelationis,
1643 3796 1677 3857 et
1697 3796 1770 3856 ideo

122 3894 174 3955 sia
211 3893 281 3965 Dei,
312 3892 407 3962 idest,
439 3888 650 3950 saecularium
685 3887 742 3947 sed
777 3886 920 3948 catholi-
972 3884 1093 3951 dicitur
1104 3889 1262 3952 fortitudo
1275 3891 1345 3963 Dei,
1356 3892 1434 3968 quia
1447 3908 1508 3970 per
1519 3893 1577 3953 Dei
1589 3894 1769 3970 potentiam

121 4006 236 4053 corum
256 3991 437 4061 hominum,
462 3985 548 4065 quod
573 3985 692 4046 coelum
721 3985 807 4047 sicut
829 3986 918 4046 terra
971 3987 1170 4049 valetcorda
1185 3987 1357 4049 bominum
1373 3988 1572 4060 confortare,
1589 3992 1769 4067 etpergra·

121 4084 516 4166 soleperlunditur,quia
531 4082 919 4160 nonestquiseabscon·
971 4084 1053 4145 tiam
1079 4101 1222 4161 superna
1243 4086 1400 4163 mysteria
1424 4087 1585 4147 revelare.
1617 4088 1710 4149 Unde
1739 4088 1771 4149 et

121 4188 178 4249 dat
190 4204 210 4249 a
227 4187 339 4248 calore
353 4187 437 4259 eJus,
447 4181 594 4244 etrelint
604 4180 720 4251 nolint,
733 4182 765 4241 et
779 4178 917 4241 inbonis
972 4181 1044 4257 ipse
1057 4181 1219 4243 revelavit
1234 4181 1339 4244 beatae
1354 4185 1470 4244 Mariae
1482 4183 1522 4244 de
1535 4184 1679 4245 adventu
1693 4184 1771 4245 Filii

120 4288 155 4347 et
168 4284 311 4346 inmalis
324 4298 438 4343 eorum
451 4279 655 4341 clarificatur
669 4281 768 4340 Deus.
787 4280 917 4339 Secun—
971 4279 1043 4350 Dei,
1064 4281 1097 4340 et
1112 4278 1321 4353 confortavit,
1342 4297 1417 4341 cum
1441 4281 1542 4343 dixit:
1567 4285 1621 4343 Ne
1647 4283 1772 4344 linteas

121 4383 199 4445 dum
216 4382 348 4452 coelum‚
362 4377 527 4440 secundus
543 4378 650 4438 status
671 4377 721 4437 est
737 4376 917 4451 religioso·
970 4378 1099 4436 Marto.
1127 4378 1228 4437 Beata
1254 4377 1356 4453 Virgo
1382 4379 1574 4455 respondit:
1600 4382 1771 4447 thoruodo

120 4497 206 4553 rum,
222 4480 290 4557 qui,
311 4479 465 4539 sicutaor
479 4475 548 4537 sole
562 4474 759 4545 infunditur,
783 4474 832 4535 sic
847 4474 917 4534 sole
970 4474 1030 4545 slat
1045 4474 1147 4544 belod,
1171 4478 1334 4548 guertium
1357 4478 1474 4536 otram
1497 4491 1564 4537 nou
1583 4482 1772 4552 cogitosoot

116 4578 256 4657 justitiae
277 4577 313 4637 in
332 4574 486 4637 cordibus
512 4588 627 4633 eorum
649 4573 682 4633 et
705 4571 917 4633 conscientiis
970 4571 1078 4632 Εῖαίῖ
1099 4574 1148 4632 ct:
1164 4572 1317 4646 spretas
1337 4574 1484 4634 Sanctae
1499 4573 1772 4648 supervenerat

120 4675 350 4739 infunduntur.
383 4671 530 4733 Tertium
566 4669 696 4741 coelum,
719 4669 837 4730 tertius
867 4672 919 4730 est
972 4668 1015 4729 tc.
1038 4668 1102 4729 Sed
1120 4670 1334 4745 quaerendum
1359 4671 1420 4742 est,
1447 4687 1550 4747 quare
1574 4671 1696 4732 missus
1720 4672 1772 4733 est

120 4776 225 4837 status
243 4771 473 4850 perlectorum,
487 4768 554 4845 qui,
569 4767 656 4828 siout
670 4765 775 4828 aetber
786 4782 829 4829 ex
843 4767 916 4843 ipsa
971 4766 1104 4827 Gabriel
1126 4766 1264 4842 angelus
1287 4767 1328 4828 ad
1350 4768 1531 4843 Virginem,
1548 4772 1582 4830 et
1594 4785 1661 4829 non
1683 4766 1771 4829 alius

120 4872 201 4935 solis
216 4871 311 4933 ardet
333 4866 521 4946 praesentia,
546 4865 593 4926 sic
613 4865 646 4926 et
659 4864 724 4942 ipsi
747 4864 865 4926 ardent
885 4866 918 4927 et
971 4864 1133 4939 angelust
1147 4864 1400 4941 Respondemus
1415 4887 1423 4925 ε
1440 4867 1514 4927 Νοιι
1530 4865 1619 4926 θιιιιιι
1634 4863 1772 4927 decebat

120 4971 262 5032 lucenta
277 4968 388 5029 calore
402 4969 436 5028 θῖ
449 4965 523 5026 luce
538 4964 618 5024 solis
628 4963 779 5041 justitiae,
805 4979 825 5023 a
847 4962 918 5023 ola·
971 4963 1008 5024 ut
1035 4960 1221 5022 mitteretur
1245 4962 1399 5035 Miclrael,
1430 4963 1507 5041 quia
1533 4963 1681 5025 osticium
1701 4964 1771 5026 Mi-

119 5068 252 5131 rissima
267 5066 300 5127 et
313 5062 562 5126 evidentissima
572 5064 645 5138 ejus
660 5060 848 5138 praesentia.
971 5057 1097 5119 chaelis
1110 5059 1160 5119 est
1174 5059 1352 5121 subvenire
1369 5061 1404 5121 in
1418 5062 1610 5122 certamine.
1626 5063 1656 5122 N
1658 5079 1697 5124 ec
1711 5063 1772 5123 de-

160 5165 284 5227 Aliter:
302 5161 384 5222 Coeli
397 5160 456 5221 alii
471 5159 548 5220 sunt
559 5157 830 5236 corporales‚alii
843 5158 915 5232 spi·
971 5155 1066 5217 cebat
1080 5158 1116 5218 ut
1130 5157 1316 5219 mitteretur
1335 5159 1495 5235 Raphael,
1521 5160 1599 5235 quia
1623 5159 1771 5222 osticium

120 5263 269 5325 rituales
286 5258 482 5336 Corporales
504 5258 580 5318 sunt
598 5258 684 5317 tres:
705 5255 848 5332 primum
867 5256 918 5317 est
971 5254 1151 5331 Raphaelis
1164 5256 1215 5316 est
1229 5254 1642 5318 subvenireincuratione.
1654 5258 1772 5321 Noluit

120 5376 265 5431 aereum,
287 5356 466 5419 secundum
489 5354 668 5426 sidereum,
691 5353 825 5415 tertium
847 5370 918 5415 em·
971 5351 1060 5412 enim
1081 5353 1168 5413 Deus
1188 5353 1339 5428 angelica
1358 5353 1469 5417 cilicia
1493 5355 1695 5418 contundere
1716 5357 1770 5417 vel

119 5472 267 5537 pyreum.
284 5459 426 5518 Aereum
436 5453 487 5515 est
496 5451 649 5529 superior
662 5449 846 5528 persaeris,
860 5467 918 5511 un·
971 5450 1110 5520 mutare,
1122 5452 1155 5511 et
1169 5451 1244 5511 ideo
1257 5451 1542 5514 misitGabrielem
1552 5454 1608 5530 qui
1618 5454 1670 5515 est
1681 5454 1772 5531 prin·

119 5554 322 5617 dedicuntur
329 5568 408 5614 aves
416 5551 492 5612 coeli
507 5549 563 5627 qui
576 5549 772 5625 permanent
786 5547 916 5614 inaere.
971 5563 1048 5627 ceps
1061 5548 1094 5608 in
1109 5548 1322 5611 revelatione.
