3802 6166
83 328 183 426 ¹iso

122 525 339 589 ecclesiarum
369 525 514 602 praelatis
547 541 606 603 per
641 526 854 603 Campaniam
886 526 920 587 et

122 624 336 695 Maritimam,
360 625 393 685 et
418 626 541 684 terram
557 623 695 684 Laboris
717 623 917 696 constitutis,

124 722 264 783 salutem
277 722 310 782 et
322 721 538 798 apostolicam
551 720 825 797 benedictionem,

162 821 236 879 Non
252 818 376 895 absque
391 818 505 880 dolore
517 819 627 879 cordis
642 820 675 880 et
690 819 834 895 plurima
848 819 920 879 tur-

121 915 256 979 batione
282 916 474 987 didicimus,
504 915 590 994 quod
619 917 666 977 ita
693 916 728 976 in
751 916 919 993 plerisque

120 1013 269 1091 partibus
291 1014 516 1075 ecclesiastica
543 1029 684 1074 censura
712 1012 917 1084 dissolvitur,

122 1112 156 1173 et
174 1111 343 1173 canonicae
360 1111 533 1172 sententiae
548 1112 708 1173 severitus
728 1112 917 1182 enervatur,

124 1209 160 1269 ut
175 1208 238 1268 viri
254 1207 414 1283 religiosi,
427 1208 460 1269 et
473 1207 672 1278 tumaxime,
685 1208 741 1284 qui
757 1224 816 1284 per
825 1206 919 1267 Sedis

122 1305 321 1381 Apostolicae
345 1304 523 1383 privilegia
550 1306 669 1381 majori
703 1304 817 1366 donati
843 1305 921 1365 sunt

124 1402 287 1474 libertate,
306 1403 428 1479 passim
448 1401 752 1463 amalelactoribus
776 1403 844 1462 suis
866 1402 921 1462 in-

120 1501 229 1577 jurias
244 1500 430 1561 sustineant
444 1501 477 1560 et
492 1500 639 1576 rapinas,
656 1500 733 1560 dum
745 1500 804 1561 vix
827 1500 921 1561 invo-

124 1597 216 1658 nitur
237 1598 293 1675 qui
325 1613 472 1673 congrua
495 1597 562 1658 illis
581 1597 786 1674 protectione
805 1595 922 1658 subve-

124 1695 206 1765 niat,
230 1694 264 1756 et
285 1710 345 1771 pro
367 1693 508 1756 fovenda
529 1709 711 1771 pauperum
730 1694 920 1756 innocentia

126 1808 163 1853 se
182 1807 312 1852 murum
327 1791 529 1854 defensionis
546 1792 699 1869 opponat.
726 1791 921 1868 Specialiter

125 1890 237 1950 autem
261 1889 372 1951 dilecti
396 1888 457 1950 filii
481 1887 582 1951 abbas
606 1891 639 1951 et
662 1888 781 1951 iratres
805 1889 919 1950 Casae-

126 1987 225 2048 marii
238 1986 468 2048 Cisterciensis
482 1986 609 2048 ordinis
623 1986 691 2049 tam
706 1986 747 2048 de
765 1986 922 2065 frequen-

128 2084 214 2146 tibus
229 2085 374 2162 injuriis,
392 2100 490 2163 quam
505 2085 546 2145 de
567 2085 639 2161 ipso
655 2084 847 2161 quotidiano
862 2083 922 2146 de-

127 2181 214 2243 lectu
235 2183 374 2259 Justitiae
396 2184 646 2260 conquerentes,
670 2182 921 2244 universitatem

127 2281 272 2341 vestram
289 2280 410 2341 litteris
429 2281 596 2357 petierunt
609 2279 801 2358 apostolicis
823 2280 920 2341 exei-

129 2378 204 2451 tari,
224 2378 260 2439 ut
280 2377 327 2439 ita
347 2378 395 2440 eis
419 2378 575 2439 videlicet
593 2379 628 2439 iu
652 2377 922 2440 tribulationibus

127 2475 197 2536 suis
224 2477 339 2538 contra
370 2475 599 2537 malefactores
624 2491 738 2537 eorum
771 2475 921 2553 prompta

128 2572 277 2635 debeatis
301 2573 573 2649 magnanimitate
598 2587 810 2648 consurgere,
834 2572 920 2649 quod

127 2669 170 2730 ab
196 2670 371 2746 angustiis,
395 2686 477 2746 quas
506 2670 672 2731 sustinent
695 2671 728 2730 et
755 2669 921 2746 pressuris

126 2768 238 2828 vestro
259 2767 387 2844 possint
406 2767 560 2844 praesidio
580 2767 756 2842 respirare.
779 2766 921 2843 Ideoque

128 2864 338 2926 universitati
360 2864 479 2925 vestrae
501 2880 560 2941 per
584 2864 773 2939 apostolica
798 2864 922 2941 scripta

126 2960 322 3023 mandamns
339 2962 436 3038 atque
453 2961 679 3038 praecipimus,
697 2962 859 3038 quatenus
879 2960 922 3020 il·

128 3058 196 3132 los,
215 3058 271 3137 qui
295 3060 533 3136 possessiones,
558 3059 611 3120 vel
634 3074 699 3131 res,
723 3074 783 3119 seu
806 3057 920 3120 domos

126 3156 360 3237 praedictorum
384 3156 511 3219 abbatis
527 3158 560 3218 et
579 3158 770 3229 conventus,
786 3157 838 3218 vel
860 3157 923 3218 ho-

128 3255 255 3315 minum
288 3270 424 3315 suorum
459 3254 684 3317 irreverenter
715 3254 920 3327 invaserint,

129 3351 249 3415 autea
275 3351 399 3429 injuste
421 3352 633 3425 detinuerint,
659 3368 732 3430 quae
755 3351 922 3429 praedictis

128 3448 287 3511 fratribus
302 3465 345 3510 ex
359 3451 554 3512 testamento
570 3449 796 3511 decedentium
813 3449 921 3511 relin-

127 3548 284 3625 quuntur,
309 3563 368 3608 seu
383 3548 418 3608 in
440 3548 529 3624 ipsos
551 3546 682 3618 iratres,
705 3547 759 3608 vel
773 3548 922 3625 ipsorum

127 3645 272 3723 aliquem
298 3646 412 3706 contra
442 3644 537 3705 Sedis
565 3645 764 3721 Apostolicae
793 3644 922 3707 indulta

127 3742 325 3803 sententiam
361 3742 712 3803 excommunicationis
736 3743 794 3803 aut
816 3743 923 3803 inter-

126 3839 207 3901 dicti
220 3840 492 3916 praesumpserint
513 3839 734 3915 promulgare,
754 3840 809 3899 vel
825 3839 920 3901 deci-

125 3952 197 3997 mas
223 3935 372 3997 laborum
389 3936 429 3997 de
448 3935 547 3996 terris
569 3934 691 3996 habitis
710 3938 788 3996 ante
803 3937 923 3998 Conci-

126 4032 209 4093 lium
253 4033 429 4109 generale,
465 4032 541 4093 ante
582 4033 667 4109 quod
705 4034 923 4109 susceperunt

127 4129 277 4207 ejusdem
291 4130 418 4191 ordinis
433 4130 567 4200 statuta,
584 4145 666 4205 quas
689 4130 833 4206 propriis
855 4146 922 4190 ma·

130 4227 228 4290 nibus
249 4227 307 4289 aut
328 4226 511 4304 sumptibus
539 4226 703 4296 excolunt,
725 4242 783 4288 seu
800 4227 840 4287 de
854 4244 920 4289 nu-

126 4326 289 4387 trimentis
322 4324 535 4396 animalium,
572 4325 691 4401 spretis
722 4325 921 4401 Apostolicae

120 4410 222 4485 'Sedis
254 4422 456 4500 privilegiis,
494 4422 711 4499 extorquere,
739 4410 921 4485 monitione

124 4521 309 4598 praemissa,
333 4520 361 4580 si
377 4519 454 4580 laici
469 4518 602 4590 suerint,
625 4518 755 4595 publice
772 4519 920 4582 candelis

125 4618 275 4681 accensis
295 4617 418 4691 singuli
439 4618 586 4679 vestrum
610 4616 645 4676 in
667 4617 864 4678 dioecesibus
888 4619 921 4679 et

125 4716 276 4779 ecclesiis
304 4714 425 4777 vestris
460 4714 812 4776 excommunicationis
843 4731 922 4775 sen-

123 4814 228 4876 tentia
240 4812 449 4891 percellatis:
466 4812 495 4872 si
511 4826 589 4873 vero
601 4810 728 4883 clerici,
747 4813 805 4872 aut
819 4827 922 4873 cano-

124 4910 193 4973 nici
222 4911 393 4986 regulares
423 4926 482 4970 seu
513 4907 667 4969 monachi
695 4908 835 4980 fuerint,
863 4924 920 4971 eos

125 5008 349 5085 appellatione
362 5008 488 5067 remota
504 5006 544 5067 ab
567 5005 687 5077 officie,
705 5009 737 5067 et
759 5005 920 5068 beneflcio

131 5105 361 5183 suspendatis3
398 5105 549 5165 neutram
580 5104 762 5165 relaxaturi
787 5105 921 5165 senten-

123 5202 217 5275 tiam,
240 5203 344 5263 donac
373 5200 539 5279 praedictis
559 5200 669 5263 abbati
695 5204 728 5262 et
747 5202 919 5263 monachis

123 5299 275 5378 plenarie
304 5298 523 5367 satisfaciant,
550 5299 583 5359 et
609 5301 677 5361 tam
704 5298 783 5360 laici
821 5317 918 5378 quam

123 5398 237 5459 clerici
252 5396 443 5466 saeculares,
456 5395 513 5472 qui
527 5411 587 5472 pro
601 5395 746 5458 violenta
761 5413 918 5458 manuum

121 5495 299 5573 injectione
321 5494 354 5553 in
377 5492 497 5554 iratres
525 5493 668 5565 eosdem,
694 5494 748 5556 vel
768 5494 918 5571 ipsorum

119 5592 264 5672 aliquem
284 5590 507 5653 anathematis
523 5590 657 5653 vinculo
675 5590 799 5654 suerint
821 5592 919 5655 inno-

119 5690 201 5763 dati,
233 5706 306 5751 cum
334 5688 515 5751 dioecesani
542 5686 689 5765 episcopi
721 5689 844 5752 litteris
877 5692 917 5753 ad

741 366 918 428 HONORII
939 364 985 427 111
1005 366 1155 428 OPERA.

1711 358 1771 423 loo

974 525 1091 586 sedem
1120 522 1343 601 apostolicam
1374 520 1555 593 venientes,
1581 519 1623 583 ab
1653 520 1769 583 eodem

973 622 1107 684 vinculo
1118 622 1308 683 mereantur
1316 619 1454 681 absolvi.
1467 620 1586 681 Datum
1601 619 1768 691 Laterani,

974 721 1033 780 Vll
1057 718 1218 780 kalendas
1239 717 1410 789 februarii,
1434 717 1646 794 pontificatus
1664 717 1769 779 nostri

974 832 1062 879 anno
1085 817 1203 893 primo.

1344 985 1409 1071 CX

1013 1182 1065 1241 Ad
1084 1184 1276 1253 potorissos
1300 1181 1335 1242 et
1359 1195 1498 1242 sorores
1527 1180 1733 1241 anonosterii

1033 1280 1068 1339 S.
1079 1280 1195 1340 Jocobt
1203 1279 1499 1339 daolontcbloaro
1507 1278 1708 1340 cistercien.

1258 1389 1291 1449 21
1312 1388 1374 1448 dec.
1396 1391 1475 1449 1216.

1014 1515 1135 1580 [liegest.,
1146 1515 1189 1565 lib.
1198 1513 1217 1573 1,
1227 1515 1300 1579 epist.
1315 1515 1367 1564 lad.
1379 1516 1436 1565 llss.
1451 1517 1487 1565 La
1499 1516 1573 1564 Parte
1588 1515 1622 1565 du
1636 1514 1730 1578 Tlreil].

1016 1656 1151 1716 Concedit
1162 1664 1192 1714 ut
1205 1656 1240 1714 ad
1250 1656 1399 1717 ecclesiam
1417 1657 1444 1713 S.
1460 1656 1534 1714 Petri
1547 1656 1582 1713 de
1597 1657 1724 1714 blesema

1260 1760 1291 1801 se
1307 1744 1487 1803 transierant.

1015 1891 1195 1961 Honorius,
1212 1893 1287 1962 etc,
1302 1891 1431 1951 dilectis
1447 1891 1481 1950 in
1494 1890 1625 1951 Christo
1640 1890 1769 1950 filiabus

975 1991 1013 2049 A.
1030 1988 1212 2065 priorissae,
1229 1990 1262 2050 et
1276 1988 1444 2049 sororibus
1461 1989 1653 2049 monasterii
1665 1990 1768 2049 sancti

975 2085 1090 2147 Jacobi
1105 2085 1146 2145 de
1158 2088 1270 2146 Monte
1293 2088 1409 2145 Mauro
1424 2085 1618 2146 cistercien.
1632 2085 1768 2153 ordinis,

976 2183 1116 2244 salutem
1132 2187 1165 2245 et
1178 2183 1393 2259 apostolicam
1407 2183 1684 2243 benedictionem.

1015 2283 1154 2342 Matrem
1177 2281 1393 2341 ecclesiarum
1419 2281 1565 2341 omnium
1588 2283 1768 2340 Romanam

975 2379 1157 2439 Ecclesiam
1172 2394 1250 2453 erga
1273 2378 1409 2439 devotas
1432 2377 1517 2437 filias
1537 2392 1674 2438 avaram
1699 2393 1770 2438 esse

976 2491 1042 2535 non
1058 2475 1222 2545 comenit,
1240 2476 1317 2552 quia
1332 2475 1404 2535 tuto
1424 2476 1530 2550 potest
1550 2475 1585 2533 in
1601 2490 1659 2534 eas
1674 2475 1768 2536 exis-

975 2572 1045 2634 tere
1060 2572 1219 2643 liberalis‚
1237 2572 1501 2649 quandoquidem
1514 2573 1614 2633 etiam
1634 2572 1765 2633 illorum

976 2684 1050 2747 quae
1062 2670 1201 2744 largitur
1213 2669 1349 2740 eisdem,
1362 2669 1543 2730 dominium
1559 2685 1626 2730 non
1638 2670 1768 2730 amittit.

977 2768 1064 2826 Sane
1079 2768 1178 2827 tama
1193 2766 1286 2827 vobis
1302 2782 1399 2842 quam
1411 2782 1431 2825 a
1441 2766 1591 2842 pluribus
1604 2766 1769 2841 religiosis

976 2864 1009 2926 et
1021 2863 1235 2924 saecularibus
1248 2863 1329 2923 viris
1343 2864 1459 2923 liumili
1471 2863 1532 2924 fuit
1542 2863 1638 2924 nobis
1647 2864 1770 2925 instan-

976 2962 1021 3023 tia
1037 2962 1312 3037 supplicalum‚ut
1324 2978 1424 3037 qumn
1440 2961 1473 3021 in
1490 2961 1771 3037 praelatomonas-

975 3060 1061 3121 terio
1090 3059 1194 3120 sancti
1224 3058 1339 3120 Jacobi
1365 3061 1499 3136 propter
1525 3060 1768 3135 corruptionem

976 3157 1065 3218 aeris
1079 3158 1110 3218 et
1120 3157 1345 3217 infirmitatem
1361 3156 1425 3217 loci
1436 3156 1589 3217 habitare
1601 3157 1769 3218 commode

977 3270 1042 3315 non
1058 3255 1201 3331 possitis,
1216 3254 1390 3314 ecclesiam
1415 3255 1522 3315 sancti
1537 3255 1628 3316 Petri
1646 3255 1687 3315 de
1703 3255 1770 3314 ilie-

977 3368 1067 3413 sema
1087 3350 1125 3430 (l)
1142 3352 1182 3412 ad
1199 3351 1315 3412 Sedem
1338 3352 1560 3428 Apostolicam
1583 3351 1769 3412 immediate

977 3452 1189 3526 spectantem,
1207 3451 1240 3510 et
1260 3449 1428 3510 licentiam
1452 3449 1674 3510 transterendi
1697 3465 1768 3509 mo-

977 3548 1157 3608 nasterinm
1177 3548 1286 3623 ipsum
1307 3546 1348 3607 ad
1364 3546 1456 3606 illam
1471 3546 1565 3607 vobis
1581 3546 1770 3607 misericor-

977 3643 1062 3705 diter
1074 3644 1253 3706 concedere
1263 3643 1487 3719 dignaremur.
1502 3645 1532 3704 N
1535 3660 1571 3703 os
1586 3643 1691 3719 igitur
1699 3642 1769 3719 qui-

976 3740 1114 3801 busdam
1138 3741 1258 3803 litteris
1282 3740 1388 3801 felicis
1404 3741 1571 3802 memoriae
1589 3739 1767 3801 Alexandri

976 3854 1069 3916 papae
1089 3838 1343 3914 praedecessoris
1370 3838 1474 3900 nostri
1502 3838 1683 3914 diligenter
1695 3839 1766 3899 ins-

976 3936 1090 4013 pectis,
1117 3935 1152 3994 in
1176 3935 1293 4012 quibus
1324 3935 1411 3995 idem
1439 3935 1560 3997 asserit
1585 3936 1767 3998 innotuisse

976 4032 1039 4093 sibi
1049 4047 1109 4110 per
1119 4031 1285 4109 publicum
1294 4032 1561 4103 instrumentum,
1575 4033 1662 4109 quod
1676 4034 1767 4094 bona

976 4130 1143 4190 memoriae
1160 4131 1253 4191 Sirus
1261 4130 1532 4207 archiepiscopus
1544 4132 1577 4191 et
1589 4132 1768 4207 capitulum

975 4231 1116 4290 Januen.
1131 4244 1150 4289 a
1166 4229 1326 4304 potestate
1340 4244 1398 4287 sna
1408 4226 1578 4304 praelatam
1595 4230 1767 4290 ecclesiam

977 4325 1090 4385 Sancti
1116 4324 1225 4394 Petri,
1252 4340 1324 4383 eam
1354 4322 1395 4383 ab
1415 4324 1504 4383 omni
1525 4326 1603 4399 jnre
1627 4328 1766 4386 Januen.

975 4422 1125 4482 eeclesiae
1154 4421 1338 4482 absolutam
1366 4421 1399 4482 et
1428 4420 1566 4482 liberam
1596 4420 1766 4491 facientes,

976 4535 1078 4595 quare
1103 4519 1217 4580 volens
1242 4518 1465 4595 inposterum
1495 4519 1598 4596 quieti
1624 4522 1768 4597 ejusdem

976 4617 1125 4678 ecclesiae
1138 4616 1323 4692 providere,
1342 4617 1568 4691 praescriptam
1584 4615 1768 4679 libertatem

975 4712 1039 4789 ipsi
1048 4713 1197 4774 ecclesiae
1210 4713 1427 4784 confirmavit,
1444 4715 1594 4774 statuens
1606 4715 1642 4775 ut
1655 4715 1768 4776 eadem

974 4809 1057 4870 nulli
1071 4810 1223 4871 teneatur
1236 4811 1402 4887 episcopo,
1415 4811 1466 4871 vel
1483 4812 1632 4887 prelato,
1651 4815 1769 4888 praeter

975 4908 1160 4967 Romanum
1184 4908 1389 4979 Pontillcem,
1415 4909 1628 4984 respondere,
1651 4926 1690 4972 ac
1713 4924 1769 4988 per

975 5003 1036 5064 lroc
1059 5004 1171 5065 habita
1199 5004 1341 5080 pleniori
1363 5006 1492 5074 notitia,
1518 5006 1604 5083 quod
1628 5008 1767 5068 ecclesia

974 5101 1089 5162 eadem
1117 5102 1158 5162 ad
1187 5105 1369 5163 Romanam
1397 5103 1579 5164 Ecclesiam
1606 5104 1770 5180 pertineat

974 5199 1105 5259 nemine
1120 5200 1296 5271 mediante,
1309 5200 1401 5260 illam
1414 5218 1488 5261 cum
1499 5201 1633 5278 juribus
1647 5204 1680 5264 et
1694 5219 1769 5280 per-

975 5297 1122 5358 tinentiis
1138 5296 1207 5358 suis
1222 5298 1330 5365 vobis,
1343 5301 1419 5374 jure
1432 5299 1643 5375 proprietatis
1666 5301 1769 5377 ipsius

975 5394 1052 5455 Sedi
1073 5396 1270 5471 Apostolicae
1287 5396 1467 5466 reservato,
1497 5397 1721 5469 concedimus,
1738 5400 1770 5458 et

975 5492 1194 5554 transterendi
1207 5495 1353 5554 vestrum
1369 5494 1606 5555 monasterium
1621 5496 1662 5555 ad
1678 5511 1770 5556 eam·

973 5590 1046 5651 dem
1060 5591 1228 5652 licentiam
1252 5591 1472 5667 indulgemus,
1497 5591 1665 5653 universis
1686 5609 1766 5669 pos-

974 5687 1174 5749 sessionibus
1196 5704 1235 5749 ac
1253 5687 1436 5750 rationibus
1450 5687 1578 5764 praefati
1595 5692 1765 5752 manaste-
