3802 6166
101 346 158 408 361
285 346 401 408 XXXI.
416 376 457 393 ··
472 348 516 409 IN
538 348 667 411 Festo
689 347 998 413 coh‘ressohutt
1018 343 1263 411 SUMMORUM
1279 317 1556 407 3P0N'1'1F1OEb1.
1684 350 1746 409 eoa

100 506 162 579 est,
179 505 233 568 cul
248 505 359 567 clares
371 506 528 570 Ecclesiae
541 507 799 580 committuntur,
816 507 894 585 quia
946 507 1016 569 vita
1027 507 1100 568 sine
1115 476 1231 578 morte,
1248 506 1319 567 dies
1345 505 1418 567 slne
1431 505 1539 581 nocte,
1552 505 1647 569 certe
1670 507 1744 568 sine

99 605 167 665 tarn
182 621 241 681 pro
257 619 293 665 se
308 621 406 682 quam
428 621 488 683 pro
503 605 623 684 populo
638 606 780 683 vigilare
795 608 893 668 tene-
948 604 1048 678 forte,
1066 604 1122 665 ubi
1138 603 1374 666 eritsecuritus
1386 603 1458 665 sine
1472 604 1603 675 timore,
1620 606 1747 681 jucun·
1877 640 1880 645 -

99 701 153 762 tur
168 703 243 763 :cui
262 702 415 765 diditura
430 704 569 764 Domino
591 720 650 780 per
671 704 892 782 Prophetam:
949 701 1035 763 ditas
1048 702 1121 763 sine
1134 701 1258 774 dolore,
1279 702 1504 779 tranquillitas
1522 702 1595 763 siue
1619 701 1745 763 labore.

96 801 135 860 St
157 815 227 862 nort
249 800 516 863 urenurettaverts
544 804 659 876 iniquo
677 802 895 876 imquitatem
950 798 1012 860 Ubi
1027 799 1091 861 erit
1104 799 1314 876 pulchritudo
1329 798 1403 860 sine
1427 799 1646 872 deformitate,
1672 798 1746 861 tor-

96 901 425 974 suoau,sunputuem
437 901 512 971 ejus
526 902 567 960 de
581 914 689 961 ιιιοιιιι
701 900 761 961 tau
772 902 893 973 reptet·
949 896 1053 958 titudo
1066 897 1138 958 sine
1153 896 1333 969 debilitate,
1350 897 1512 959 rectitudo
1527 897 1600 959 sine
1610 913 1748 975 perver-

97 1010 176 1055 rum
186 993 318 1073 (Erech.
334 1011 385 1067 ιιι,
403 994 467 1074 18).
948 993 1057 1066 sitate,
1075 993 1130 1055 urbi
1145 995 1209 1056 erit
1222 994 1354 1057 bonitas
1379 996 1450 1056 sine
1465 995 1606 1068 malitia,
1623 996 1747 1058 veritus

137 1093 895 1171 Pastorescutuamestodtebuutciptttasooc-
949 1091 1020 1152 sine
1056 1091 1206 1165 fallacia,
1236 1092 1379 1155 felicitas
1406 1094 1479 1155 sine
1505 1093 1653 1155 miseria.
1684 1092 1747 1155 Ubi

98 1190 143 1251 tts
157 1205 265 1265 suuper
284 1205 428 1267 gregem
444 1207 547 1253 secum
565 1190 659 1271 (Luc.
676 1208 713 1261 n,
733 1190 779 1270 8).
800 1191 895 1268 Vigi-
948 1189 1012 1250 crit
1035 1189 1192 1264 gaudium
1220 1191 1307 1268 quod
1333 1207 1395 1253 nec
1424 1192 1540 1252 oculus
1566 1191 1659 1264 vidit,
1686 1207 1748 1252 nec

97 1287 163 1349 late
175 1303 264 1363 ergo,
275 1289 352 1365 quia
368 1288 456 1350 beati
470 1291 546 1351 sunt
558 1290 808 1367 serviilli,quos
819 1305 894 1351 cum
948 1286 1040 1348 auris
1055 1287 1192 1362 audivit,
1210 1304 1271 1350 nec
1294 1288 1329 1349 in
1354 1305 1412 1350 cor
1424 1289 1569 1351 hominis
1584 1288 1744 1351 ascendit.

96 1385 228 1446 tenerit
250 1385 410 1446 Dominus
436 1386 601 1450 invenerit
626 1386 894 1463 vigilantesflas
988 1384 1235 1448 Debetisetiam
1259 1403 1318 1463 per
1341 1386 1746 1463 custodiamrestririgi-
1866 1436 1873 1461 ,.

98 1488 240 1559 quatuor
254 1483 387 1560 vigilias
400 1484 567 1546 custodire
579 1484 699 1547 debent
712 1486 841 1562 praelati
852 1501 894 1546 ne
948 1483 1029 1543 lare.
1055 1484 1160 1554 Quam
1183 1484 1366 1545 custodiam
1392 1484 1568 1554 habebitis,
1585 1486 1614 1545 si
1643 1484 1746 1547 sobrii

98 1581 131 1641 in
146 1596 247 1656 grege
269 1581 444 1643 commisso
457 1581 531 1653 sibi,
552 1599 593 1644 ne
613 1583 719 1659 pueri,
738 1586 891 1660 juvence,
948 1579 1088 1642 fueritis.
1107 1581 1200 1643 Unde
1209 1582 1326 1643 Petrus
1341 1584 1472 1645 :Sobrti
1486 1583 1593 1644 estote
1607 1584 1641 1644 et
1658 1586 1748 1660 utpi-

98 1693 206 1749 senes‚
223 1678 383 1755 decrepiti
398 1682 500 1740 Deum
519 1679 697 1742 offendant.
717 1682 795 1753 Quae
811 1697 896 1758 qua·
948 1678 1016 1739 tote
1028 1680 1066 1739 tn
1077 1679 1325 1742 oratioatibus...
1345 1679 1374 1759 (l
1384 1682 1454 1742 Pet.
1469 1698 1500 1752 ιι,
1514 1679 1548 1760 8)
1563 1703 1571 1755 3
1591 1696 1649 1757 per
1664 1681 1744 1743 rin-

96 1778 173 1836 tuor
194 1776 268 1836 ideo
294 1776 554 1853 distinguuntur,
572 1778 607 1839 ut
628 1778 657 1838 si
670 1778 745 1857 quis
763 1778 892 1839 dormi·
949 1774 1071 1836 dictam
1086 1776 1278 1853 castigando
1294 1793 1414 1854 corpus
1434 1779 1592 1847 vestrum,
1606 1777 1692 1840 unde
1708 1778 1743 1839 in

96 1872 220 1935 taverit
235 1873 270 1933 iu
294 1874 412 1950 prima,
433 1875 549 1951 vigilet
567 1874 601 1936 in
622 1874 789 1951 secunda3
806 1876 836 1936 si
858 1876 893 1936 in
950 1873 1203 1936 Ecclesiastico:
1226 1877 1346 1951 utputo
1360 1875 1549 1939 hortestutts
1565 1877 1746 1952 tabefaciet

96 1970 253 2043 secunda,
270 1971 385 2047 vigilet
399 1972 435 2032 iu
448 1973 559 2046 tertia,
574 1974 607 2034 et
618 1972 708 2036 dicat
720 1994 727 2034 :
739 1972 893 2035 «Delicta
947 1986 1082 2044 carrus,
1098 1973 1131 2033 et
1147 1973 1316 2049 cogitatus
1331 1976 1421 2035 ilites
1435 1974 1571 2049 auferet
1585 1989 1746 2037 scutetum

92 2069 293 2144 juventutis
316 2070 370 2131 vel
399 2070 594 2143 senectutis,
625 2072 658 2135 et
685 2071 893 2147 ignorantias
949 2065 1172 2145 (acoltxxxr,
1191 2066 1234 2148 1).
1260 2069 1352 2130 Nihil
1377 2068 1551 2134 honestius
1570 2073 1621 2132 est
1646 2086 1746 2148 quarn

96 2182 187 2226 meas
201 2182 244 2227 ne
257 2167 458 2240 memineris,
473 2170 623 2230 Domine.
640 2186 659 2230 ιι
676 2169 710 2230 Si
725 2169 760 2230 in
775 2171 893 2246 quarta
948 2180 1082 2227 carnem
1093 2167 1269 2242 castigare.
1286 2170 1352 2228 Per
1372 2168 1484 2229 carnis
1494 2168 1746 2244 castigationem
1857 2244 1862 2253 ¹

96 2263 228 2326 dicatse
239 2265 623 2344 quatriduanum‚etjem
633 2266 760 2329 toetere.
769 2267 894 2328 Debent
948 2263 1117 2326 evanescit
1129 2265 1259 2326 vanitas
1273 2265 1397 2327 mundi.
1410 2266 1450 2328 ut
1463 2267 1511 2328 sic
1526 2269 1613 2327 Deus
1628 2267 1747 2341 vigilat

97 2361 196 2422 etiarn
227 2362 356 2438 praelati
382 2363 525 2439 vigilare
553 2380 613 2441 per
638 2364 829 2436 vindictam,
857 2366 894 2426 ut
947 2360 1054 2422 tribus
1071 2361 1190 2434 modis,
1207 2363 1240 2423 et
1254 2362 1352 2424 homo
1365 2363 1470 2425 tribus
1486 2364 1603 2426 modis.
1618 2364 1745 2441 Vigilat

95 2459 266 2522 vindicent
278 2476 338 2537 per
349 2461 513 2538 justitium
527 2461 697 2531 delictain
712 2478 747 2523 se
762 2464 795 2524 et
809 2461 892 2523 sub-
947 2459 1086 2534 angelus
1106 2459 1233 2521 duobus
1263 2461 1370 2522 modis
1397 2461 1619 2523 ministerium
1646 2479 1744 2523 suum
1861 2478 1867 2490 ·

97 2556 174 2618 ditis
188 2578 196 2632 ;
218 2558 296 2634 quia
311 2560 347 2619 ut
361 2559 409 2620 ait
423 2560 599 2621 psalmista
617 2581 624 2620 :
646 2561 767 2622 aestus
780 2562 894 2622 Domi·
947 2556 1743 2633 exsequendo,etnoscontrahostesdeleudendo.

98 2670 175 2726 earu,
190 2656 541 2728 justitiam-tuce...
556 2655 625 2736 (Ps.
643 2659 692 2730 10,
709 2656 756 2737 8.)
772 2657 892 2719 Melius
946 2653 1072 2729 Vigilat
1092 2656 1204 2715 autem
1238 2655 1379 2732 angelus
1407 2656 1440 2718 et
1471 2672 1568 2717 suum
1594 2656 1743 2718 ostlciunr
1781 2698 1784 2705 ·

96 2751 185 2812 enim
211 2752 266 2813 hic
294 2753 412 2830 punire
439 2771 536 2831 quam
563 2754 708 2816 futurum
728 2755 892 2833 J'udicium
947 2752 1151 2829 exsequitur,
1162 2753 1197 2815 ut
1207 2753 1249 2814 ad
1259 2770 1320 2815 nos
1331 2753 1509 2821 descendat
1519 2754 1745 2832 etdispositio·

98 2850 289 2926 expectare3
301 2851 391 2928 quia,
403 2853 439 2913 ut
449 2852 573 2913 Paulus
585 2853 633 2914 ait
647 2857 893 2915 :Horrendum
946 2864 1022 2910 nem
1035 2849 1183 2911 divinam
1198 2850 1293 2913 nobis
1313 2853 1480 2929 suggerat.
1507 2852 1601 2914 Unde
1627 2852 1745 2914 Daniel

97 2946 163 3027 est),
185 2951 337 3010 incidere
359 2952 395 3009 tu
413 2965 539 3011 annaeus
570 2953 709 3012 Domini
741 2952 892 3013 otoeutts
946 2947 1049 3008 aitde
1064 2949 1203 3024 angelo:
1217 2953 1302 3011 Ecce
1317 2951 1745 3026 oipUetsauctusdecoeto
1875 2970 1878 2977 ·

97 3043 209 3123 (llebr.
229 3062 262 3118 x,
289 3044 355 3125 31).
372 3049 439 3109 Vos
466 3048 565 3109 etiam
589 3047 724 3116 subditi,
748 3048 891 3124 vigilare
945 3045 1291 3126 descendtttDan.1v,
1309 3045 1372 3126 10).
1387 3046 1512 3124 Vigilat
1525 3049 1625 3110 etium
1640 3064 1745 3125 unge-

97 3141 224 3203 debetis
238 3159 298 3220 per
312 3144 574 3206 misericordiam
585 3145 747 3222 proximis
762 3145 892 3222 impen-
946 3142 1010 3215 lus,
1034 3145 1067 3204 et
1095 3159 1156 3205 nos
1180 3146 1296 3206 contra
1322 3144 1436 3206 hostes
1462 3145 1619 3207 defendit.
1651 3145 1743 3208 Unde

96 3240 249 3312 deudam,
266 3241 356 3318 quia,
373 3244 408 3303 ut
420 3242 541 3303 dicitur
554 3243 589 3304 in
613 3243 758 3320 Epistola
785 3259 891 3305 cano-
946 3239 1024 3317 quia
1037 3257 1097 3301 nos
1108 3241 1263 3314 defendit,
1276 3242 1411 3304 etnobis
1422 3243 1639 3320 principatur,
1652 3244 1744 3321 priu-

95 3339 170 3398 nica
192 3358 200 3398 ε
226 3356 245 3398 a
266 3339 327 3411 Qui
355 3339 510 3401 habuerit
541 3339 757 3402 substantiam
792 3342 891 3419 hujus
946 3354 1024 3416 ceps
1050 3341 1163 3400 noster
1180 3340 1313 3401 dicitur.
1329 3341 1422 3402 Unde
1437 3342 1471 3401 in
1485 3342 1625 3402 Daniele
1642 3347 1739 3403 :Are-

96 3453 113 3495 s
135 3435 261 3508 mundi,
277 3438 308 3497 et
322 3437 442 3499 viderit
457 3438 592 3499 tratrem
605 3455 700 3498 suum
714 3439 893 3499 necessitu-
945 3440 1041 3512 gelus
1064 3440 1126 3498 sub
1150 3440 1283 3499 visione
1306 3442 1455 3500 libaninis
1468 3440 1519 3500 uit
1532 3456 1544 3499 :
1556 3442 1667 3501 Neruo
1688 3440 1740 3501 est

96 3534 200 3594 «tem
224 3534 358 3607 habere,
379 3536 413 3596 et
434 3532 592 3596 clauserit
614 3536 744 3596 viscera
763 3551 823 3596 sua
850 3535 891 3597 ab
945 3535 1086 3605 αιιιιιιοι·
1099 3549 1207 3606 aletes,
1235 3538 1305 3595 atsi
1323 3538 1478 3606 liicltuet,
1490 3538 1744 3609 pritecepsces-

96 3649 113 3691 a
134 3647 185 3704 eo,
200 3633 362 3710 quomodo
382 3633 529 3694 charitas
545 3633 604 3694 Dei
620 3634 731 3695 manet
750 3634 786 3694 in
807 3648 889 3694 eo».
946 3632 1002 3692 ter
1017 3629 1114 3708 (Dan.
1131 3647 1164 3703 x,
1180 3630 1246 3711 21).
1262 3634 1416 3708 Pugnant
1427 3633 1528 3694 etiam
1541 3633 1742 3709 angeliboni

97 3727 234 3807 (lloan.
256 3746 305 3802 ιιι,
327 3729 391 3809 17.)
419 3731 520 3802 Quasi
547 3730 744 3793 dicatznon
767 3733 889 3792 manet.
946 3729 1062 3789 contra
1091 3730 1207 3802 malos,
1233 3730 1311 3807 quia
1346 3729 1487 3807 quilibet
1519 3730 1618 3793 homo
1644 3731 1744 3794 habet

96 3828 214 3888 Nonne
229 3828 299 3904 ipse
315 3828 395 3889 dicit
405 3828 438 3889 in
450 3828 629 3904 Evangelio
645 3851 652 3889 ε
667 3831 832 3896 deludunt
845 3844 892 3891 ear
946 3842 1049 3886 unum
1062 3827 1217 3902 angelum
1228 3827 1269 3887 ad
1282 3843 1377 3888 suem
1397 3827 1633 3902 defensionem,
1646 3831 1679 3891 et
1690 3828 1745 3889 al·

95 3928 250 3987 miretuu's
262 3929 349 3987 treats
362 3928 504 4000 fecistis,
518 3930 604 3989 mitt
612 3928 742 4003 fecistis
758 3925 888 4005 (Matth.
946 3924 1052 3984 terum
1079 3924 1120 3984 ad
1147 3940 1241 3985 suam
1265 3925 1536 4001 impugationem.
1553 3927 1633 3986 Cum
1662 3942 1743 4003 ergo
1859 3982 1862 3987 .

96 4038 173 4094 xxv,
188 4020 253 4101 40).
282 4025 400 4084 Nonne
423 4024 494 4099 ipse
521 4024 626 4086 multa
650 4025 809 4086 sustinuit
832 4040 891 4101 pro
945 4022 1112 4098 tamquam
1123 4022 1444 4098 pigridormitemus,
1455 4039 1610 4098 rogemus
1624 4027 1740 4096 Deum,

96 4119 201 4191 vobis,
217 4122 250 4182 et
264 4121 419 4181 rosnihil
435 4121 535 4182 vultis
560 4122 724 4183 sustinere
748 4138 807 4199 pro
833 4123 892 4184 eoi
946 4134 1100 4195 rogemus
1121 4118 1270 4195 angelos,
1291 4121 1328 4182 ut
1345 4121 1410 4198 ipsi
1434 4121 1575 4197 vigilare
1601 4138 1662 4183 nos
1686 4121 1741 4183 la-

95 4218 218 4291 Noli,o
240 4218 350 4290 homo,
375 4220 493 4280 timere
520 4219 634 4295 frigus,
652 4221 685 4281 et
709 4219 891 4281 nuditatem
946 4217 1047 4289 ciant,
1068 4217 1146 4295 quia
1169 4218 1297 4294 angelis
1320 4219 1390 4279 suis
1410 4222 1497 4280 Deus
1515 4220 1684 4282 mandarit
1701 4220 1742 4282 de

96 4317 261 4377 sustinere
274 4332 334 4393 pro
344 4316 486 4389 Christo,
496 4318 653 4395 quoniam
672 4318 811 4379 mortale
829 4317 892 4379 hoc
946 4315 1053 4387 nobis,
1068 4315 1097 4375 si
1119 4331 1252 4391 paruos
1267 4332 1333 4377 non
1347 4316 1486 4388 steterit,
1504 4318 1540 4378 ut
1554 4318 1742 4380 custodiant

96 4413 210 4476 induet
232 4414 524 4476 immortalitatem.
542 4415 623 4476 Noli
651 4416 751 4476 etiarn
775 4415 892 4477 timere
946 4428 1008 4473 nos
1028 4412 1063 4473 in
1078 4412 1232 4473 omnibus
1252 4413 1315 4474 viis
1337 4414 1470 4475 nostris.
1485 4414 1610 4491 Vigilat
1626 4414 1743 4476 diabo-
1873 4452 1880 4463 -

95 4528 154 4589 pro
169 4512 300 4573 Christo
313 4512 478 4573 sustinere
490 4511 612 4573 tantem
627 4514 685 4574 aut
697 4512 797 4584 sitim,
813 4512 892 4589 quia
946 4509 999 4569 lus
1013 4526 1073 4587 per
1097 4526 1133 4571 se
1148 4512 1181 4572 et
1202 4510 1349 4571 membra
1374 4528 1434 4572 sua
1454 4512 1495 4572 ad
1511 4512 1741 4588 decipiendum

95 4625 170 4670 eum
202 4609 368 4672 transiens
401 4609 615 4681 ministrabit,
641 4608 892 4673 inaestimabiles
947 4608 980 4671 et
1001 4608 1185 4671 nocendum
1210 4608 1316 4670 nobis.
1340 4610 1433 4671 Unde
1453 4610 1501 4671 ait
1520 4611 1637 4671 Petrus
1654 4632 1661 4670 :
1677 4613 1742 4672 Su-

95 4707 233 4768 delicias
246 4707 316 4769 suis
332 4706 484 4768 tidelibus
496 4706 677 4779 exhibebit,
687 4708 891 4784 quaequauto
947 4709 1013 4767 batt
1035 4707 1142 4771 estote
1170 4708 1203 4768 et
1220 4707 1359 4783 othutc
1371 4711 1407 4768 tu
1422 4708 1645 4779 orationibus,
1659 4710 1741 4781 picta

94 4805 237 4882 amplius
261 4804 493 4880 gustabuntur,
519 4806 612 4866 tanto
640 4804 770 4865 avidius
785 4820 891 4881 appe·
945 4806 1171 4867 adversaries
1194 4805 1311 4866 vester
1324 4807 1477 4865 diabotus
1496 4803 1631 4874 circsdt,
1646 4820 1742 4878 quee-

95 4904 218 4976 tentur,
234 4919 273 4964 eo
287 4903 372 4980 quod
386 4903 530 4978 gustatae
542 4918 608 4963 non
624 4902 783 4978 ingerunt
792 4900 890 4964 tasti—
947 4916 1029 4962 reus
1043 4915 1144 4973 Quem
1158 4901 1309 4972 mearet,
1330 4903 1385 4960 cut
1408 4901 1560 4962 resistite
1581 4903 1690 4975 sortes
1704 4905 1742 4965 tu
1870 4960 1873 4965 .

94 5002 196 5071 dium,
214 5001 270 5061 sed
289 5001 423 5077 pariunt
435 5000 645 5061 desiderium.
730 5018 740 5047 ι
945 4999 1012 5070 tide
1037 4999 1065 5075 (Ι
1097 4997 1167 5058 Pet.
1195 5014 1226 5069 v,
1253 4995 1299 5075 8).
1332 4998 1372 5058 at
1392 4996 1510 5059 beatus
1532 5001 1739 5076 Gregorius:

134 5098 227 5159 Nihil
268 5097 398 5159 dulcius
434 5114 533 5175 quam
556 5112 757 5173 cognoscere
788 5098 891 5159 Deum
946 5095 1106 5157 «Nudus
1120 5095 1156 5156 in
1170 5095 1234 5156 hac
1246 5095 1488 5171 vitajustorum
1500 5097 1742 5175 venit,quinon

94 5197 206 5258 rivum
226 5198 259 5257 et
282 5211 408 5256 verum.
432 5195 525 5256 Nihil
547 5194 778 5259 delectabilius
793 5212 892 5272 quam
946 5193 1076 5271 antiqui
1087 5193 1194 5255 hostis
1208 5192 1349 5256 insidias
1372 5209 1490 5270 passus
1506 5194 1589 5255 sit.»
1614 5198 1653 5256 Et
1666 5196 1743 5259 ideo

95 5294 232 5355 laudare
259 5296 362 5354 Deum
388 5295 577 5354 Creatorem
605 5294 638 5354 et
673 5292 889 5354 salvatorem.
947 5306 1155 5368 summopere
1165 5291 1306 5367 vigilare
1320 5291 1477 5352 debemus
1492 5308 1533 5354 ne
1547 5308 1620 5354 cum
1635 5310 1675 5355 eo
1685 5295 1744 5357 aut

95 5392 311 5468 Propterhoc
330 5390 891 5467 ineffabilebonumdicithposto·
947 5388 1163 5466 complicibus
1196 5391 1268 5467 ejus
1304 5389 1507 5450 consortium
1540 5390 1741 5463 habeamus,

95 5490 167 5550 lus:
184 5492 263 5551 h'on
289 5490 372 5550 sacret
394 5492 572 5565 cotidianae
588 5492 768 5564 passiones
790 5491 893 5561 haeres
946 5487 1024 5564 quia
1039 5486 1099 5547 ulii
1114 5487 1171 5563 qui
1195 5487 1273 5550 sunt
1291 5485 1439 5549 membra
1458 5487 1581 5549 diaboli
1596 5488 1691 5549 bonis
1706 5504 1743 5550 se

95 5589 263 5662 ternports
275 5589 321 5647 od
339 5587 497 5661 puetarum
511 5589 657 5663 plurium
673 5591 893 5660 geetereoelo-
946 5584 1125 5655 associant,
1142 5586 1179 5646 ut
1196 5600 1254 5647 eos
1268 5600 1408 5663 peccare
1422 5585 1547 5647 faciant
1561 5587 1594 5646 et
1607 5601 1627 5646 a
1652 5586 1744 5647 recta

95 5686 191 5747 bitur
216 5688 253 5747 tu
274 5687 370 5747 erobtr
386 5682 496 5763 (Rom.
525 5699 596 5757 un,
615 5683 678 5764 18),
695 5684 808 5764 inqua
829 5683 893 5748 erit
938 5672 1002 5745 'ria
1013 5683 1238 5761 supplantent.
1255 5683 1349 5747 Unde
1362 5685 1399 5747 in
1415 5682 1607 5746 Proverbiis
1622 5682 1745 5745 dicitur
