<?xml version="1.0" encoding="UTF-8"?>
<!DOCTYPE html PUBLIC "-//W3C//DTD XHTML 1.0 Transitional//EN"
    "http://www.w3.org/TR/xhtml1/DTD/xhtml1-transitional.dtd">
<html xmlns="http://www.w3.org/1999/xhtml" xml:lang="en" lang="en">
 <head>
  <title>
</title>
<meta http-equiv="Content-Type" content="text/html;charset=utf-8" />
  <meta name='ocr-system' content='tesseract 3.04.00' />
  <meta name='ocr-capabilities' content='ocr_page ocr_carea ocr_par ocr_line ocrx_word'/>
</head>
<body>
  <div class='ocr_page' id='page_1' title='image "./mediiaevibiblio02horogoog_0647.png"; bbox 0 0 3794 6166; ppageno 0'>
   <div class='ocr_carea' id='block_1_1' title="bbox 56 233 1713 351">
    <p class='ocr_par' dir='ltr' id='par_1_1' title="bbox 56 233 1713 351">
     <span class='ocr_line' id='line_1_1' title="bbox 56 233 1713 351; baseline 0.004 -14"><span class='ocrx_word' id='word_1_1' title='bbox 56 278 119 339; x_wconf 78' lang='lat' dir='ltr'>aas</span> <span class='ocrx_word' id='word_1_2' title='bbox 288 347 292 351; x_wconf 55' lang='grc'><strong>,</strong></span> <span class='ocrx_word' id='word_1_3' title='bbox 691 274 921 351; x_wconf 73' lang='lat' dir='ltr'>narsaeus.</span> <span class='ocrx_word' id='word_1_4' title='bbox 936 233 1087 337; x_wconf 76' lang='grc'><strong>1111.</strong></span> <span class='ocrx_word' id='word_1_5' title='bbox 1561 308 1564 315; x_wconf 93' lang='lat'>-</span> <span class='ocrx_word' id='word_1_6' title='bbox 1651 279 1713 343; x_wconf 76' lang='lat' dir='ltr'>sao.</span> 
     </span>
    </p>
   </div>
   <div class='ocr_carea' id='block_1_2' title="bbox 55 432 1806 3697">
    <p class='ocr_par' dir='ltr' id='par_1_2' title="bbox 55 432 1806 3697">
     <span class='ocr_line' id='line_1_2' title="bbox 56 432 1710 516; baseline 0.002 -18"><span class='ocrx_word' id='word_1_7' title='bbox 56 435 211 498; x_wconf 87' lang='lat' dir='ltr'>salinarii</span> <span class='ocrx_word' id='word_1_8' title='bbox 230 435 429 513; x_wconf 80' lang='lat' dir='ltr'>quicumque</span> <span class='ocrx_word' id='word_1_9' title='bbox 443 433 568 498; x_wconf 90' lang='lat' dir='ltr'>fuerint</span> <span class='ocrx_word' id='word_1_10' title='bbox 582 436 803 514; x_wconf 89' lang='lat' dir='ltr'>protempore</span> <span class='ocrx_word' id='word_1_11' title='bbox 821 434 857 497; x_wconf 89' lang='lat' dir='ltr'>in</span> <span class='ocrx_word' id='word_1_12' title='bbox 907 434 998 512; x_wconf 87' lang='lat' dir='ltr'>juste</span> <span class='ocrx_word' id='word_1_13' title='bbox 1019 449 1060 496; x_wconf 92' lang='lat' dir='ltr'>ac</span> <span class='ocrx_word' id='word_1_14' title='bbox 1087 432 1224 512; x_wconf 87' lang='lat' dir='ltr'>pacifice</span> <span class='ocrx_word' id='word_1_15' title='bbox 1250 432 1418 508; x_wconf 88' lang='lat' dir='ltr'>obtinetis,</span> <span class='ocrx_word' id='word_1_16' title='bbox 1448 438 1482 499; x_wconf 92' lang='lat' dir='ltr'>et</span> <span class='ocrx_word' id='word_1_17' title='bbox 1508 435 1544 498; x_wconf 90' lang='lat' dir='ltr'>in</span> <span class='ocrx_word' id='word_1_18' title='bbox 1562 437 1710 516; x_wconf 89' lang='lat' dir='ltr'>ejusdem</span> 
     </span>
     <span class='ocr_line' id='line_1_3' title="bbox 57 531 1713 610; baseline 0.002 -14"><span class='ocrx_word' id='word_1_19' title='bbox 57 533 189 606; x_wconf 88' lang='lat' dir='ltr'>Salecb,</span> <span class='ocrx_word' id='word_1_20' title='bbox 206 533 288 595; x_wconf 82' lang='lat' dir='ltr'>visis</span> <span class='ocrx_word' id='word_1_21' title='bbox 303 533 424 595; x_wconf 84' lang='lat' dir='ltr'>litteris</span> <span class='ocrx_word' id='word_1_22' title='bbox 443 532 582 594; x_wconf 82' lang='lat' dir='ltr'>fratrum</span> <span class='ocrx_word' id='word_1_23' title='bbox 610 532 776 610; x_wconf 82' lang='lat' dir='ltr'>praedictae</span> <span class='ocrx_word' id='word_1_24' title='bbox 797 532 859 594; x_wconf 92' lang='lat' dir='ltr'>do-</span> <span class='ocrx_word' id='word_1_25' title='bbox 912 531 1001 609; x_wconf 86' lang='lat' dir='ltr'>regis</span> <span class='ocrx_word' id='word_1_26' title='bbox 1026 532 1148 594; x_wconf 90' lang='lat' dir='ltr'>litteris</span> <span class='ocrx_word' id='word_1_27' title='bbox 1177 532 1308 610; x_wconf 90' lang='lat' dir='ltr'>plenius</span> <span class='ocrx_word' id='word_1_28' title='bbox 1337 532 1535 606; x_wconf 79' lang='lat' dir='ltr'>continetur,</span> <span class='ocrx_word' id='word_1_29' title='bbox 1565 536 1660 598; x_wconf 80' lang='lat' dir='ltr'>vobis</span> <span class='ocrx_word' id='word_1_30' title='bbox 1679 538 1713 600; x_wconf 89' lang='lat' dir='ltr'>et</span> 
     </span>
     <span class='ocr_line' id='line_1_4' title="bbox 55 630 1711 710; baseline 0.004 -17"><span class='ocrx_word' id='word_1_31' title='bbox 55 648 142 704; x_wconf 91' lang='lat' dir='ltr'>mus,</span> <span class='ocrx_word' id='word_1_32' title='bbox 156 631 191 692; x_wconf 94' lang='lat' dir='ltr'>iu</span> <span class='ocrx_word' id='word_1_33' title='bbox 203 638 320 693; x_wconf 88' lang='lat' dir='ltr'>sancta</span> <span class='ocrx_word' id='word_1_34' title='bbox 331 631 460 693; x_wconf 85' lang='lat' dir='ltr'><strong>Pascha</strong></span> <span class='ocrx_word' id='word_1_35' title='bbox 471 630 648 708; x_wconf 75' lang='lat' dir='ltr'>praedictas</span> <span class='ocrx_word' id='word_1_36' title='bbox 659 630 857 708; x_wconf 87' lang='lat' dir='ltr'>quingentas</span> <span class='ocrx_word' id='word_1_37' title='bbox 912 646 972 707; x_wconf 88' lang='lat' dir='ltr'>per</span> <span class='ocrx_word' id='word_1_38' title='bbox 984 646 1045 692; x_wconf 80' lang='lat' dir='ltr'>sos</span> <span class='ocrx_word' id='word_1_39' title='bbox 1059 630 1171 692; x_wconf 92' lang='lat' dir='ltr'>domui</span> <span class='ocrx_word' id='word_1_40' title='bbox 1183 631 1303 693; x_wconf 83' lang='lat' dir='ltr'>vestrae</span> <span class='ocrx_word' id='word_1_41' title='bbox 1312 633 1509 695; x_wconf 87' lang='lat' dir='ltr'>auctoritate</span> <span class='ocrx_word' id='word_1_42' title='bbox 1521 635 1711 710; x_wconf 78' lang='lat' dir='ltr'>Apostolioa</span> 
     </span>
     <span class='ocr_line' id='line_1_5' title="bbox 55 727 1711 808; baseline 0.002 -17"><span class='ocrx_word' id='word_1_43' title='bbox 55 745 189 791; x_wconf 90' lang='lat' dir='ltr'>marcas</span> <span class='ocrx_word' id='word_1_44' title='bbox 198 727 328 805; x_wconf 90' lang='lat' dir='ltr'>argenti</span> <span class='ocrx_word' id='word_1_45' title='bbox 336 729 461 791; x_wconf 92' lang='lat' dir='ltr'>eisdem</span> <span class='ocrx_word' id='word_1_46' title='bbox 470 729 600 790; x_wconf 84' lang='lat' dir='ltr'>solvere</span> <span class='ocrx_word' id='word_1_47' title='bbox 608 745 674 790; x_wconf 92' lang='lat' dir='ltr'>non</span> <span class='ocrx_word' id='word_1_48' title='bbox 683 729 855 790; x_wconf 89' lang='lat' dir='ltr'>omittant:</span> <span class='ocrx_word' id='word_1_49' title='bbox 912 727 1158 802; x_wconf 87' lang='lat' dir='ltr'>confirmamus,</span> <span class='ocrx_word' id='word_1_50' title='bbox 1172 730 1205 791; x_wconf 91' lang='lat' dir='ltr'>et</span> <span class='ocrx_word' id='word_1_51' title='bbox 1218 730 1391 806; x_wconf 83' lang='lat' dir='ltr'>praesentis</span> <span class='ocrx_word' id='word_1_52' title='bbox 1399 730 1513 808; x_wconf 90' lang='lat' dir='ltr'>scripti</span> <span class='ocrx_word' id='word_1_53' title='bbox 1525 733 1711 808; x_wconf 87' lang='lat' dir='ltr'>patrocinio</span> 
     </span>
     <span class='ocr_line' id='line_1_6' title="bbox 56 826 1713 905; baseline 0.001 -15"><span class='ocrx_word' id='word_1_54' title='bbox 56 827 208 905; x_wconf 89' lang='lat' dir='ltr'>alioquin</span> <span class='ocrx_word' id='word_1_55' title='bbox 223 827 342 900; x_wconf 91' lang='lat' dir='ltr'>sciant,</span> <span class='ocrx_word' id='word_1_56' title='bbox 350 843 386 889; x_wconf 91' lang='lat' dir='ltr'>se</span> <span class='ocrx_word' id='word_1_57' title='bbox 396 827 432 888; x_wconf 92' lang='lat' dir='ltr'>in</span> <span class='ocrx_word' id='word_1_58' title='bbox 448 827 531 888; x_wconf 89' lang='lat' dir='ltr'>iram</span> <span class='ocrx_word' id='word_1_59' title='bbox 545 827 673 904; x_wconf 82' lang='lat' dir='ltr'>regiam</span> <span class='ocrx_word' id='word_1_60' title='bbox 686 827 855 900; x_wconf 80' lang='lat' dir='ltr'>incidisse,</span> <span class='ocrx_word' id='word_1_61' title='bbox 912 826 1165 888; x_wconf 89' lang='lat' dir='ltr'>communimus.</span> <span class='ocrx_word' id='word_1_62' title='bbox 1181 826 1229 888; x_wconf 78' lang='lat' dir='ltr'>Ad</span> <span class='ocrx_word' id='word_1_63' title='bbox 1251 830 1411 904; x_wconf 87' lang='lat' dir='ltr'>majorem</span> <span class='ocrx_word' id='word_1_64' title='bbox 1433 830 1543 891; x_wconf 89' lang='lat' dir='ltr'>autern</span> <span class='ocrx_word' id='word_1_65' title='bbox 1565 830 1615 891; x_wconf 89' lang='lat' dir='ltr'>rei</span> <span class='ocrx_word' id='word_1_66' title='bbox 1640 831 1713 892; x_wconf 90' lang='lat' dir='ltr'>evi·</span> 
     </span>
     <span class='ocr_line' id='line_1_7' title="bbox 56 923 1711 1004; baseline 0.003 -18"><span class='ocrx_word' id='word_1_67' title='bbox 56 941 157 1003; x_wconf 91' lang='lat' dir='ltr'>quam</span> <span class='ocrx_word' id='word_1_68' title='bbox 172 924 265 1001; x_wconf 88' lang='lat' dir='ltr'>regia</span> <span class='ocrx_word' id='word_1_69' title='bbox 289 927 447 1003; x_wconf 87' lang='lat' dir='ltr'>majestas</span> <span class='ocrx_word' id='word_1_70' title='bbox 472 926 564 986; x_wconf 91' lang='lat' dir='ltr'>nullo</span> <span class='ocrx_word' id='word_1_71' title='bbox 592 941 666 987; x_wconf 92' lang='lat' dir='ltr'>eam</span> <span class='ocrx_word' id='word_1_72' title='bbox 682 926 859 1003; x_wconf 86' lang='lat' dir='ltr'>praemittet</span> <span class='ocrx_word' id='word_1_73' title='bbox 912 923 1076 995; x_wconf 84' lang='lat' dir='ltr'>dentiam,</span> <span class='ocrx_word' id='word_1_74' title='bbox 1103 925 1253 987; x_wconf 90' lang='lat' dir='ltr'>tenorem</span> <span class='ocrx_word' id='word_1_75' title='bbox 1281 925 1468 987; x_wconf 89' lang='lat' dir='ltr'>litterarum</span> <span class='ocrx_word' id='word_1_76' title='bbox 1496 927 1645 1004; x_wconf 89' lang='lat' dir='ltr'>ipsarum</span> <span class='ocrx_word' id='word_1_77' title='bbox 1669 929 1711 991; x_wconf 90' lang='lat' dir='ltr'>de</span> 
     </span>
     <span class='ocr_line' id='line_1_8' title="bbox 56 1020 1710 1102; baseline 0.002 -17"><span class='ocrx_word' id='word_1_78' title='bbox 56 1022 209 1085; x_wconf 91' lang='lat' dir='ltr'>inultam.</span> <span class='ocrx_word' id='word_1_79' title='bbox 241 1023 284 1085; x_wconf 92' lang='lat' dir='ltr'>Ut</span> <span class='ocrx_word' id='word_1_80' title='bbox 306 1023 409 1100; x_wconf 86' lang='lat' dir='ltr'>igitur</span> <span class='ocrx_word' id='word_1_81' title='bbox 434 1024 506 1085; x_wconf 86' lang='lat' dir='ltr'>haec</span> <span class='ocrx_word' id='word_1_82' title='bbox 536 1039 556 1085; x_wconf 92' lang='lat' dir='ltr'>a</span> <span class='ocrx_word' id='word_1_83' title='bbox 582 1023 677 1085; x_wconf 92' lang='lat' dir='ltr'>nobis</span> <span class='ocrx_word' id='word_1_84' title='bbox 707 1022 859 1085; x_wconf 88' lang='lat' dir='ltr'>liberali·</span> <span class='ocrx_word' id='word_1_85' title='bbox 912 1022 1013 1084; x_wconf 81' lang='lat' dir='ltr'>verbo</span> <span class='ocrx_word' id='word_1_86' title='bbox 1026 1020 1067 1083; x_wconf 87' lang='lat' dir='ltr'>ad</span> <span class='ocrx_word' id='word_1_87' title='bbox 1081 1022 1390 1102; x_wconf 84' lang='lat' dir='ltr'>verbumjussimus</span> <span class='ocrx_word' id='word_1_88' title='bbox 1405 1025 1624 1102; x_wconf 74' lang='lat' dir='ltr'>presentibus</span> <span class='ocrx_word' id='word_1_89' title='bbox 1643 1043 1710 1088; x_wconf 92' lang='lat' dir='ltr'>an·</span> 
     </span>
     <span class='ocr_line' id='line_1_9' title="bbox 55 1119 1712 1200; baseline 0.002 -17"><span class='ocrx_word' id='word_1_90' title='bbox 55 1121 127 1183; x_wconf 86' lang='lat' dir='ltr'>tate</span> <span class='ocrx_word' id='word_1_91' title='bbox 149 1120 243 1196; x_wconf 89' lang='lat' dir='ltr'>regia</span> <span class='ocrx_word' id='word_1_92' title='bbox 265 1121 379 1183; x_wconf 90' lang='lat' dir='ltr'>nostra</span> <span class='ocrx_word' id='word_1_93' title='bbox 402 1123 659 1200; x_wconf 90' lang='lat' dir='ltr'>nostrorumque</span> <span class='ocrx_word' id='word_1_94' title='bbox 682 1119 856 1193; x_wconf 89' lang='lat' dir='ltr'>baronum,</span> <span class='ocrx_word' id='word_1_95' title='bbox 913 1121 1032 1182; x_wconf 91' lang='lat' dir='ltr'>notari.</span> <span class='ocrx_word' id='word_1_96' title='bbox 1041 1121 1103 1193; x_wconf 88' lang='lat' dir='ltr'>Qui</span> <span class='ocrx_word' id='word_1_97' title='bbox 1118 1121 1195 1183; x_wconf 91' lang='lat' dir='ltr'>talis</span> <span class='ocrx_word' id='word_1_98' title='bbox 1210 1122 1277 1183; x_wconf 89' lang='lat' dir='ltr'>est:</span> <span class='ocrx_word' id='word_1_99' title='bbox 1295 1123 1332 1183; x_wconf 95' lang='lat' dir='ltr'>ln</span> <span class='ocrx_word' id='word_1_100' title='bbox 1348 1122 1482 1184; x_wconf 89' lang='lat' dir='ltr'>nomine</span> <span class='ocrx_word' id='word_1_101' title='bbox 1497 1125 1627 1187; x_wconf 77' lang='lat' dir='ltr'>Sanctae</span> <span class='ocrx_word' id='word_1_102' title='bbox 1635 1126 1712 1187; x_wconf 89' lang='lat' dir='ltr'>Tri-</span> 
     </span>
     <span class='ocr_line' id='line_1_10' title="bbox 58 1217 1711 1297; baseline 0.004 -19"><span class='ocrx_word' id='word_1_103' title='bbox 58 1219 119 1297; x_wconf 91' lang='lat' dir='ltr'>qui</span> <span class='ocrx_word' id='word_1_104' title='bbox 147 1217 320 1280; x_wconf 91' lang='lat' dir='ltr'>nobiscum</span> <span class='ocrx_word' id='word_1_105' title='bbox 344 1218 379 1279; x_wconf 92' lang='lat' dir='ltr'>in</span> <span class='ocrx_word' id='word_1_106' title='bbox 394 1219 624 1280; x_wconf 83' lang='lat' dir='ltr'>ultramarinis</span> <span class='ocrx_word' id='word_1_107' title='bbox 643 1218 793 1296; x_wconf 88' lang='lat' dir='ltr'>partibus</span> <span class='ocrx_word' id='word_1_108' title='bbox 807 1219 860 1281; x_wconf 91' lang='lat' dir='ltr'>di·</span> <span class='ocrx_word' id='word_1_109' title='bbox 913 1218 1028 1279; x_wconf 90' lang='lat' dir='ltr'>nitatis</span> <span class='ocrx_word' id='word_1_110' title='bbox 1043 1220 1076 1280; x_wconf 88' lang='lat' dir='ltr'>et</span> <span class='ocrx_word' id='word_1_111' title='bbox 1098 1219 1279 1281; x_wconf 81' lang='lat' dir='ltr'>individuae</span> <span class='ocrx_word' id='word_1_112' title='bbox 1302 1219 1452 1283; x_wconf 89' lang='lat' dir='ltr'>unitatis.</span> <span class='ocrx_word' id='word_1_113' title='bbox 1478 1221 1627 1283; x_wconf 80' lang='lat' dir='ltr'>Andreas</span> <span class='ocrx_word' id='word_1_114' title='bbox 1650 1223 1711 1285; x_wconf 89' lang='lat' dir='ltr'>Dei</span> 
     </span>
     <span class='ocr_line' id='line_1_11' title="bbox 57 1308 1709 1394; baseline 0.003 -16"><span class='ocrx_word' id='word_1_115' title='bbox 57 1315 143 1378; x_wconf 86' lang='lat' dir='ltr'>vino</span> <span class='ocrx_word' id='word_1_116' title='bbox 155 1315 234 1377; x_wconf 90' lang='lat' dir='ltr'>tunc</span> <span class='ocrx_word' id='word_1_117' title='bbox 246 1317 405 1394; x_wconf 90' lang='lat' dir='ltr'>temporis</span> <span class='ocrx_word' id='word_1_118' title='bbox 416 1317 583 1379; x_wconf 87' lang='lat' dir='ltr'>vacabant</span> <span class='ocrx_word' id='word_1_119' title='bbox 603 1316 751 1389; x_wconf 88' lang='lat' dir='ltr'>servitio,</span> <span class='ocrx_word' id='word_1_120' title='bbox 768 1314 858 1378; x_wconf 91' lang='lat' dir='ltr'>Petri</span> <span class='ocrx_word' id='word_1_121' title='bbox 912 1316 1021 1392; x_wconf 84' lang='lat' dir='ltr'>gratia</span> <span class='ocrx_word' id='word_1_122' title='bbox 1059 1318 1263 1394; x_wconf 85' lang='lat' dir='ltr'>Hungariae,</span> <span class='ocrx_word' id='word_1_123' title='bbox 1300 1308 1496 1392; x_wconf 79' lang='lat' dir='ltr'>Dalmatiae,</span> <span class='ocrx_word' id='word_1_124' title='bbox 1539 1321 1709 1394; x_wconf 86' lang='lat' dir='ltr'>Croatiae,</span> 
     </span>
     <span class='ocr_line' id='line_1_12' title="bbox 55 1413 1713 1496; baseline 0.003 -20"><span class='ocrx_word' id='word_1_125' title='bbox 55 1413 216 1477; x_wconf 82' lang='lat' dir='ltr'>videlicet</span> <span class='ocrx_word' id='word_1_126' title='bbox 232 1413 425 1475; x_wconf 85' lang='lat' dir='ltr'>Geuriensis</span> <span class='ocrx_word' id='word_1_127' title='bbox 439 1415 587 1493; x_wconf 79' lang='lat' dir='ltr'>episcopi</span> <span class='ocrx_word' id='word_1_128' title='bbox 600 1417 633 1477; x_wconf 94' lang='lat' dir='ltr'>et</span> <span class='ocrx_word' id='word_1_129' title='bbox 644 1416 778 1478; x_wconf 77' lang='lat' dir='ltr'>‘rhomae</span> <span class='ocrx_word' id='word_1_130' title='bbox 790 1419 857 1476; x_wconf 83' lang='lat' dir='ltr'>Ar·</span> <span class='ocrx_word' id='word_1_131' title='bbox 913 1416 1039 1486; x_wconf 79' lang='lat' dir='ltr'>liamae,</span> <span class='ocrx_word' id='word_1_132' title='bbox 1056 1415 1192 1488; x_wconf 84' lang='lat' dir='ltr'>Serviae,</span> <span class='ocrx_word' id='word_1_133' title='bbox 1205 1415 1359 1488; x_wconf 82' lang='lat' dir='ltr'>Galitiae,</span> <span class='ocrx_word' id='word_1_134' title='bbox 1369 1417 1639 1496; x_wconf 85' lang='lat' dir='ltr'>Lodomircaeque</span> <span class='ocrx_word' id='word_1_135' title='bbox 1651 1435 1713 1481; x_wconf 82' lang='lat' dir='ltr'>rex</span> 
     </span>
     <span class='ocr_line' id='line_1_13' title="bbox 55 1511 1711 1591; baseline 0.004 -19"><span class='ocrx_word' id='word_1_136' title='bbox 55 1511 204 1587; x_wconf 88' lang='lat' dir='ltr'>griensis</span> <span class='ocrx_word' id='word_1_137' title='bbox 220 1511 329 1584; x_wconf 89' lang='lat' dir='ltr'>electi,</span> <span class='ocrx_word' id='word_1_138' title='bbox 346 1512 508 1590; x_wconf 76' lang='lat' dir='ltr'>Dionysii,</span> <span class='ocrx_word' id='word_1_139' title='bbox 530 1514 681 1590; x_wconf 83' lang='lat' dir='ltr'>magistri</span> <span class='ocrx_word' id='word_1_140' title='bbox 696 1512 861 1574; x_wconf 78' lang='lat' dir='ltr'>Tavarni-</span> <span class='ocrx_word' id='word_1_141' title='bbox 914 1511 1163 1590; x_wconf 83' lang='lat' dir='ltr'>inperpetuum.</span> <span class='ocrx_word' id='word_1_142' title='bbox 1191 1514 1284 1576; x_wconf 83' lang='lat' dir='ltr'>Licet</span> <span class='ocrx_word' id='word_1_143' title='bbox 1304 1515 1403 1591; x_wconf 79' lang='lat' dir='ltr'>juxta</span> <span class='ocrx_word' id='word_1_144' title='bbox 1418 1514 1500 1575; x_wconf 90' lang='lat' dir='ltr'>illud</span> <span class='ocrx_word' id='word_1_145' title='bbox 1526 1516 1711 1578; x_wconf 84' lang='lat' dir='ltr'>veridicum</span> 
     </span>
     <span class='ocr_line' id='line_1_14' title="bbox 56 1609 1712 1691; baseline 0.004 -21"><span class='ocrx_word' id='word_1_146' title='bbox 56 1609 352 1673; x_wconf 87' lang='lat' dir='ltr'>corumetcomitis</span> <span class='ocrx_word' id='word_1_147' title='bbox 362 1611 563 1684; x_wconf 85' lang='lat' dir='ltr'>Novicastri,</span> <span class='ocrx_word' id='word_1_148' title='bbox 575 1610 707 1674; x_wconf 90' lang='lat' dir='ltr'>Nicolai</span> <span class='ocrx_word' id='word_1_149' title='bbox 729 1610 859 1674; x_wconf 89' lang='lat' dir='ltr'>comitis</span> <span class='ocrx_word' id='word_1_150' title='bbox 913 1609 1035 1672; x_wconf 85' lang='lat' dir='ltr'>divinae</span> <span class='ocrx_word' id='word_1_151' title='bbox 1049 1611 1203 1673; x_wconf 89' lang='lat' dir='ltr'>lectionis</span> <span class='ocrx_word' id='word_1_152' title='bbox 1218 1611 1462 1685; x_wconf 87' lang='lat' dir='ltr'>documentum,</span> <span class='ocrx_word' id='word_1_153' title='bbox 1478 1614 1569 1675; x_wconf 91' lang='lat' dir='ltr'>omni</span> <span class='ocrx_word' id='word_1_154' title='bbox 1586 1615 1712 1691; x_wconf 89' lang='lat' dir='ltr'>petenti</span> 
     </span>
     <span class='ocr_line' id='line_1_15' title="bbox 57 1707 1713 1788; baseline 0.003 -19"><span class='ocrx_word' id='word_1_155' title='bbox 57 1707 123 1769; x_wconf 87' lang='grc'><strong>11111</strong></span> <span class='ocrx_word' id='word_1_156' title='bbox 145 1711 260 1780; x_wconf 88' lang='lat' dir='ltr'>Borez,</span> <span class='ocrx_word' id='word_1_157' title='bbox 292 1708 477 1786; x_wconf 85' lang='lat' dir='ltr'>smaragdi,</span> <span class='ocrx_word' id='word_1_158' title='bbox 503 1709 623 1788; x_wconf 85' lang='lat' dir='ltr'>Moysi,</span> <span class='ocrx_word' id='word_1_159' title='bbox 646 1710 723 1773; x_wconf 87' lang='lat' dir='ltr'>Jnle</span> <span class='ocrx_word' id='word_1_160' title='bbox 746 1708 860 1773; x_wconf 87' lang='lat' dir='ltr'>fratris</span> <span class='ocrx_word' id='word_1_161' title='bbox 913 1707 1067 1770; x_wconf 87' lang='lat' dir='ltr'>tetribue</span> <span class='ocrx_word' id='word_1_162' title='bbox 1081 1709 1122 1769; x_wconf 91' lang='lat' dir='ltr'>ad</span> <span class='ocrx_word' id='word_1_163' title='bbox 1133 1709 1713 1786; x_wconf 81' lang='lat' dir='ltr'>eleemosynarumlargitionemele-</span> 
     </span>
     <span class='ocr_line' id='line_1_16' title="bbox 58 1805 1712 1885; baseline 0.001 -16"><span class='ocrx_word' id='word_1_164' title='bbox 58 1805 389 1878; x_wconf 85' lang='lat' dir='ltr'>Ratboltb,etsebez</span> <span class='ocrx_word' id='word_1_165' title='bbox 404 1807 535 1869; x_wconf 88' lang='lat' dir='ltr'>comitis</span> <span class='ocrx_word' id='word_1_166' title='bbox 555 1807 776 1876; x_wconf 83' lang='lat' dir='ltr'>filiiThomae,</span> <span class='ocrx_word' id='word_1_167' title='bbox 791 1809 860 1868; x_wconf 84' lang='lat' dir='ltr'>lie·</span> <span class='ocrx_word' id='word_1_168' title='bbox 913 1805 1157 1881; x_wconf 88' lang='lat' dir='ltr'>gantissimum,</span> <span class='ocrx_word' id='word_1_169' title='bbox 1181 1806 1338 1868; x_wconf 84' lang='lat' dir='ltr'>videlicet</span> <span class='ocrx_word' id='word_1_170' title='bbox 1363 1810 1493 1870; x_wconf 84' lang='lat' dir='ltr'>naturae</span> <span class='ocrx_word' id='word_1_171' title='bbox 1525 1823 1620 1885; x_wconf 90' lang='lat' dir='ltr'>opus,</span> <span class='ocrx_word' id='word_1_172' title='bbox 1644 1825 1712 1871; x_wconf 92' lang='lat' dir='ltr'>non</span> 
     </span>
     <span class='ocr_line' id='line_1_17' title="bbox 55 1903 1714 1981; baseline 0.002 -16"><span class='ocrx_word' id='word_1_173' title='bbox 55 1903 169 1965; x_wconf 88' lang='lat' dir='ltr'>metrii</span> <span class='ocrx_word' id='word_1_174' title='bbox 199 1904 398 1976; x_wconf 88' lang='lat' dir='ltr'>senescalci,</span> <span class='ocrx_word' id='word_1_175' title='bbox 424 1904 571 1966; x_wconf 85' lang='lat' dir='ltr'>Ladislai</span> <span class='ocrx_word' id='word_1_176' title='bbox 603 1904 799 1967; x_wconf 88' lang='lat' dir='ltr'>marescalci</span> <span class='ocrx_word' id='word_1_177' title='bbox 828 1906 860 1965; x_wconf 91' lang='lat' dir='ltr'>et</span> <span class='ocrx_word' id='word_1_178' title='bbox 915 1903 1094 1965; x_wconf 90' lang='lat' dir='ltr'>secundum</span> <span class='ocrx_word' id='word_1_179' title='bbox 1120 1903 1339 1981; x_wconf 89' lang='lat' dir='ltr'>personarum</span> <span class='ocrx_word' id='word_1_180' title='bbox 1365 1903 1574 1967; x_wconf 84' lang='lat' dir='ltr'>differentias</span> <span class='ocrx_word' id='word_1_181' title='bbox 1596 1910 1714 1969; x_wconf 89' lang='lat' dir='ltr'>tenea-</span> 
     </span>
     <span class='ocr_line' id='line_1_18' title="bbox 56 2001 1806 2081; baseline 0.003 -19"><span class='ocrx_word' id='word_1_182' title='bbox 56 2001 205 2063; x_wconf 90' lang='lat' dir='ltr'>aliorum</span> <span class='ocrx_word' id='word_1_183' title='bbox 229 2002 389 2063; x_wconf 89' lang='lat' dir='ltr'>nobilium</span> <span class='ocrx_word' id='word_1_184' title='bbox 412 2003 594 2079; x_wconf 82' lang='lat' dir='ltr'>liungariae</span> <span class='ocrx_word' id='word_1_185' title='bbox 622 2002 861 2065; x_wconf 88' lang='lat' dir='ltr'>deliberatione</span> <span class='ocrx_word' id='word_1_186' title='bbox 914 2017 998 2074; x_wconf 92' lang='lat' dir='ltr'>mur,</span> <span class='ocrx_word' id='word_1_187' title='bbox 1015 2001 1365 2079; x_wconf 86' lang='lat' dir='ltr'>ibltamenpraeoipue</span> <span class='ocrx_word' id='word_1_188' title='bbox 1379 2003 1539 2065; x_wconf 89' lang='lat' dir='ltr'>memoria</span> <span class='ocrx_word' id='word_1_189' title='bbox 1560 2004 1713 2081; x_wconf 86' lang='lat' dir='ltr'>largien-</span> <span class='ocrx_word' id='word_1_190' title='bbox 1803 2068 1806 2073; x_wconf 82' lang='grc'><em>,</em></span> 
     </span>
     <span class='ocr_line' id='line_1_19' title="bbox 57 2098 1714 2178; baseline 0.002 -18"><span class='ocrx_word' id='word_1_191' title='bbox 57 2099 211 2176; x_wconf 88' lang='lat' dir='ltr'>legitima</span> <span class='ocrx_word' id='word_1_192' title='bbox 227 2100 316 2162; x_wconf 89' lang='lat' dir='ltr'>facta</span> <span class='ocrx_word' id='word_1_193' title='bbox 324 2099 459 2165; x_wconf 91' lang='lat' dir='ltr'>donatio</span> <span class='ocrx_word' id='word_1_194' title='bbox 472 2100 596 2163; x_wconf 90' lang='lat' dir='ltr'>nostris</span> <span class='ocrx_word' id='word_1_195' title='bbox 607 2102 860 2178; x_wconf 89' lang='lat' dir='ltr'>nostrorumque</span> <span class='ocrx_word' id='word_1_196' title='bbox 913 2099 997 2162; x_wconf 91' lang='lat' dir='ltr'>tium</span> <span class='ocrx_word' id='word_1_197' title='bbox 1016 2098 1052 2160; x_wconf 93' lang='lat' dir='ltr'>in</span> <span class='ocrx_word' id='word_1_198' title='bbox 1072 2099 1212 2162; x_wconf 91' lang='lat' dir='ltr'>deciduo</span> <span class='ocrx_word' id='word_1_199' title='bbox 1239 2100 1480 2163; x_wconf 88' lang='lat' dir='ltr'>recordationis</span> <span class='ocrx_word' id='word_1_200' title='bbox 1499 2101 1596 2163; x_wconf 91' lang='lat' dir='ltr'>titulo</span> <span class='ocrx_word' id='word_1_201' title='bbox 1620 2118 1714 2165; x_wconf 90' lang='lat' dir='ltr'>corn-</span> 
     </span>
     <span class='ocr_line' id='line_1_20' title="bbox 61 2197 1712 2277; baseline 0.002 -19"><span class='ocrx_word' id='word_1_202' title='bbox 61 2213 296 2259; x_wconf 89' lang='lat' dir='ltr'>successorum</span> <span class='ocrx_word' id='word_1_203' title='bbox 308 2198 511 2274; x_wconf 85' lang='lat' dir='ltr'>temporibus</span> <span class='ocrx_word' id='word_1_204' title='bbox 525 2198 618 2259; x_wconf 89' lang='lat' dir='ltr'>salva</span> <span class='ocrx_word' id='word_1_205' title='bbox 629 2214 760 2276; x_wconf 90' lang='lat' dir='ltr'>semper</span> <span class='ocrx_word' id='word_1_206' title='bbox 773 2198 862 2260; x_wconf 90' lang='lat' dir='ltr'>etin·</span> <span class='ocrx_word' id='word_1_207' title='bbox 915 2197 1101 2269; x_wconf 83' lang='lat' dir='ltr'>mandatur,</span> <span class='ocrx_word' id='word_1_208' title='bbox 1109 2197 1327 2260; x_wconf 89' lang='lat' dir='ltr'>ubisollerset</span> <span class='ocrx_word' id='word_1_209' title='bbox 1333 2198 1475 2277; x_wconf 89' lang='lat' dir='ltr'>insopita</span> <span class='ocrx_word' id='word_1_210' title='bbox 1481 2200 1712 2277; x_wconf 91' lang='lat' dir='ltr'>recipientium</span> 
     </span>
     <span class='ocr_line' id='line_1_21' title="bbox 59 2295 1714 2374; baseline 0.001 -16"><span class='ocrx_word' id='word_1_211' title='bbox 59 2297 690 2374; x_wconf 85' lang='lat' dir='ltr'>concussapermaueat,praeseutemet</span> <span class='ocrx_word' id='word_1_212' title='bbox 704 2297 805 2357; x_wconf 88' lang='lat' dir='ltr'>aliam</span> <span class='ocrx_word' id='word_1_213' title='bbox 819 2296 859 2357; x_wconf 91' lang='lat' dir='ltr'>ad</span> <span class='ocrx_word' id='word_1_214' title='bbox 915 2295 1092 2373; x_wconf 89' lang='lat' dir='ltr'>prudentia</span> <span class='ocrx_word' id='word_1_215' title='bbox 1117 2296 1182 2372; x_wconf 85' lang='lat' dir='ltr'>piae</span> <span class='ocrx_word' id='word_1_216' title='bbox 1207 2295 1393 2358; x_wconf 83' lang='lat' dir='ltr'>devotionis</span> <span class='ocrx_word' id='word_1_217' title='bbox 1420 2298 1563 2359; x_wconf 90' lang='lat' dir='ltr'>fructum</span> <span class='ocrx_word' id='word_1_218' title='bbox 1593 2298 1628 2359; x_wconf 93' lang='lat' dir='ltr'>in</span> <span class='ocrx_word' id='word_1_219' title='bbox 1653 2299 1714 2362; x_wconf 89' lang='lat' dir='ltr'>Dei</span> 
     </span>
     <span class='ocr_line' id='line_1_22' title="bbox 62 2392 1712 2473; baseline 0.001 -18"><span class='ocrx_word' id='word_1_220' title='bbox 62 2392 303 2455; x_wconf 85' lang='lat' dir='ltr'>abundantiam</span> <span class='ocrx_word' id='word_1_221' title='bbox 318 2393 456 2471; x_wconf 87' lang='lat' dir='ltr'>majoris</span> <span class='ocrx_word' id='word_1_222' title='bbox 477 2395 616 2456; x_wconf 75' lang='lat' dir='ltr'>cautelae</span> <span class='ocrx_word' id='word_1_223' title='bbox 636 2394 791 2471; x_wconf 88' lang='lat' dir='ltr'>pagiuam</span> <span class='ocrx_word' id='word_1_224' title='bbox 813 2394 862 2455; x_wconf 92' lang='lat' dir='ltr'>si·</span> <span class='ocrx_word' id='word_1_225' title='bbox 916 2393 1047 2455; x_wconf 93' lang='lat' dir='ltr'>laudem</span> <span class='ocrx_word' id='word_1_226' title='bbox 1062 2393 1267 2456; x_wconf 89' lang='lat' dir='ltr'>ethonorem</span> <span class='ocrx_word' id='word_1_227' title='bbox 1291 2394 1522 2457; x_wconf 89' lang='lat' dir='ltr'>indesinenter</span> <span class='ocrx_word' id='word_1_228' title='bbox 1544 2397 1712 2473; x_wconf 90' lang='lat' dir='ltr'>operatur.</span> 
     </span>
     <span class='ocr_line' id='line_1_23' title="bbox 61 2491 1717 2569; baseline 0.003 -18"><span class='ocrx_word' id='word_1_229' title='bbox 61 2491 137 2568; x_wconf 88' lang='lat' dir='ltr'>gilli</span> <span class='ocrx_word' id='word_1_230' title='bbox 145 2491 263 2563; x_wconf 90' lang='lat' dir='ltr'>nostri,</span> <span class='ocrx_word' id='word_1_231' title='bbox 275 2506 387 2553; x_wconf 72' lang='lat' dir='ltr'>aurea</span> <span class='ocrx_word' id='word_1_232' title='bbox 398 2492 552 2554; x_wconf 83' lang='lat' dir='ltr'>videlicet</span> <span class='ocrx_word' id='word_1_233' title='bbox 563 2492 675 2563; x_wconf 83' lang='lat' dir='ltr'>bullae,</span> <span class='ocrx_word' id='word_1_234' title='bbox 691 2494 862 2554; x_wconf 90' lang='lat' dir='ltr'>caractere</span> <span class='ocrx_word' id='word_1_235' title='bbox 916 2492 996 2552; x_wconf 88' lang='lat' dir='ltr'>Cum</span> <span class='ocrx_word' id='word_1_236' title='bbox 1011 2491 1115 2568; x_wconf 88' lang='lat' dir='ltr'>igitur</span> <span class='ocrx_word' id='word_1_237' title='bbox 1126 2493 1224 2569; x_wconf 86' lang='lat' dir='ltr'>juxta</span> <span class='ocrx_word' id='word_1_238' title='bbox 1238 2492 1359 2554; x_wconf 90' lang='lat' dir='ltr'>collata</span> <span class='ocrx_word' id='word_1_239' title='bbox 1374 2493 1469 2554; x_wconf 88' lang='lat' dir='ltr'>nobis</span> <span class='ocrx_word' id='word_1_240' title='bbox 1483 2493 1643 2556; x_wconf 88' lang='lat' dir='ltr'>divinitus</span> <span class='ocrx_word' id='word_1_241' title='bbox 1659 2510 1717 2556; x_wconf 89' lang='lat' dir='ltr'>re·</span> 
     </span>
     <span class='ocr_line' id='line_1_24' title="bbox 62 2588 1717 2669; baseline 0.002 -18"><span class='ocrx_word' id='word_1_242' title='bbox 62 2589 204 2651; x_wconf 90' lang='lat' dir='ltr'>fecimus</span> <span class='ocrx_word' id='word_1_243' title='bbox 218 2588 383 2661; x_wconf 89' lang='lat' dir='ltr'>roborari,</span> <span class='ocrx_word' id='word_1_244' title='bbox 398 2605 537 2668; x_wconf 91' lang='lat' dir='ltr'>quarum</span> <span class='ocrx_word' id='word_1_245' title='bbox 549 2605 648 2651; x_wconf 89' lang='lat' dir='ltr'>unam</span> <span class='ocrx_word' id='word_1_246' title='bbox 661 2590 771 2652; x_wconf 92' lang='lat' dir='ltr'>domui</span> <span class='ocrx_word' id='word_1_247' title='bbox 782 2590 863 2652; x_wconf 91' lang='lat' dir='ltr'>hos-</span> <span class='ocrx_word' id='word_1_248' title='bbox 916 2589 1003 2666; x_wconf 88' lang='lat' dir='ltr'>galis</span> <span class='ocrx_word' id='word_1_249' title='bbox 1009 2590 1384 2653; x_wconf 84' lang='lat' dir='ltr'>excellentiaebeneflcia</span> <span class='ocrx_word' id='word_1_250' title='bbox 1395 2590 1532 2668; x_wconf 78' lang='lat' dir='ltr'>largiori</span> <span class='ocrx_word' id='word_1_251' title='bbox 1541 2608 1610 2669; x_wconf 87' lang='lat' dir='ltr'>prae</span> <span class='ocrx_word' id='word_1_252' title='bbox 1620 2595 1717 2654; x_wconf 82' lang='lat' dir='ltr'>caete·</span> 
     </span>
     <span class='ocr_line' id='line_1_25' title="bbox 63 2687 1725 2766; baseline 0.002 -18"><span class='ocrx_word' id='word_1_253' title='bbox 63 2687 179 2765; x_wconf 90' lang='lat' dir='ltr'>pitalis</span> <span class='ocrx_word' id='word_1_254' title='bbox 199 2688 233 2748; x_wconf 92' lang='lat' dir='ltr'>in</span> <span class='ocrx_word' id='word_1_255' title='bbox 262 2688 404 2749; x_wconf 88' lang='lat' dir='ltr'>terrram</span> <span class='ocrx_word' id='word_1_256' title='bbox 429 2688 536 2766; x_wconf 74' lang='lat' dir='ltr'>Syria</span> <span class='ocrx_word' id='word_1_257' title='bbox 558 2688 766 2762; x_wconf 89' lang='lat' dir='ltr'>tradidimus,</span> <span class='ocrx_word' id='word_1_258' title='bbox 781 2688 864 2749; x_wconf 91' lang='lat' dir='ltr'>reli·</span> <span class='ocrx_word' id='word_1_259' title='bbox 917 2687 965 2748; x_wconf 89' lang='lat' dir='ltr'>ris</span> <span class='ocrx_word' id='word_1_260' title='bbox 980 2688 1725 2766; x_wconf 64' lang='grc' dir='ltr'>11111111111111111111111111111111111111-Ι</span> 
     </span>
     <span class='ocr_line' id='line_1_26' title="bbox 63 2785 1718 2863; baseline 0.001 -18"><span class='ocrx_word' id='word_1_261' title='bbox 63 2801 166 2863; x_wconf 90' lang='lat' dir='ltr'>quam</span> <span class='ocrx_word' id='word_1_262' title='bbox 186 2800 266 2847; x_wconf 80' lang='lat' dir='ltr'>sero</span> <span class='ocrx_word' id='word_1_263' title='bbox 289 2786 412 2847; x_wconf 83' lang='lat' dir='ltr'>nostroe</span> <span class='ocrx_word' id='word_1_264' title='bbox 443 2786 629 2862; x_wconf 82' lang='lat' dir='ltr'>posteritati</span> <span class='ocrx_word' id='word_1_265' title='bbox 653 2788 862 2848; x_wconf 89' lang='lat' dir='ltr'>ostensuram</span> <span class='ocrx_word' id='word_1_266' title='bbox 920 2801 1017 2861; x_wconf 84' lang='lat' dir='ltr'>peres</span> <span class='ocrx_word' id='word_1_267' title='bbox 1029 2786 1201 2848; x_wconf 89' lang='lat' dir='ltr'>intendere</span> <span class='ocrx_word' id='word_1_268' title='bbox 1211 2785 1401 2858; x_wconf 89' lang='lat' dir='ltr'>debeamus,</span> <span class='ocrx_word' id='word_1_269' title='bbox 1422 2786 1541 2848; x_wconf 83' lang='lat' dir='ltr'>debitae</span> <span class='ocrx_word' id='word_1_270' title='bbox 1553 2788 1718 2849; x_wconf 89' lang='lat' dir='ltr'>circums-</span> 
     </span>
     <span class='ocr_line' id='line_1_27' title="bbox 65 2881 1717 2959; baseline -0.001 -14"><span class='ocrx_word' id='word_1_271' title='bbox 65 2883 103 2945; x_wconf 93' lang='lat' dir='ltr'>in</span> <span class='ocrx_word' id='word_1_272' title='bbox 131 2883 304 2959; x_wconf 87' lang='lat' dir='ltr'>Hungaria</span> <span class='ocrx_word' id='word_1_273' title='bbox 326 2903 334 2943; x_wconf 73' lang='grc' dir='ltr'><strong><em>ε</em></strong></span> <span class='ocrx_word' id='word_1_274' title='bbox 360 2883 396 2944; x_wconf 90' lang='grc'>11</span> <span class='ocrx_word' id='word_1_275' title='bbox 425 2883 505 2944; x_wconf 89' lang='lat' dir='ltr'>fides</span> <span class='ocrx_word' id='word_1_276' title='bbox 537 2883 710 2946; x_wconf 88' lang='lat' dir='ltr'>donationi</span> <span class='ocrx_word' id='word_1_277' title='bbox 740 2884 862 2946; x_wconf 84' lang='lat' dir='ltr'>nostrae</span> <span class='ocrx_word' id='word_1_278' title='bbox 917 2881 1079 2958; x_wconf 88' lang='lat' dir='ltr'>pectionis</span> <span class='ocrx_word' id='word_1_279' title='bbox 1094 2882 1337 2959; x_wconf 88' lang='lat' dir='ltr'>providentiam</span> <span class='ocrx_word' id='word_1_280' title='bbox 1350 2881 1545 2945; x_wconf 89' lang='lat' dir='ltr'>adhibentes</span> <span class='ocrx_word' id='word_1_281' title='bbox 1559 2882 1717 2945; x_wconf 87' lang='lat' dir='ltr'>animad-</span> 
     </span>
     <span class='ocr_line' id='line_1_28' title="bbox 66 2979 1717 3058; baseline -0.002 -13"><span class='ocrx_word' id='word_1_282' title='bbox 66 2979 294 3050; x_wconf 89' lang='lat' dir='ltr'>adbiberetur,</span> <span class='ocrx_word' id='word_1_283' title='bbox 308 2979 420 3042; x_wconf 90' lang='lat' dir='ltr'>domui</span> <span class='ocrx_word' id='word_1_284' title='bbox 430 2980 605 3058; x_wconf 86' lang='lat' dir='ltr'>hospitalis</span> <span class='ocrx_word' id='word_1_285' title='bbox 614 2980 750 3058; x_wconf 87' lang='lat' dir='ltr'>dignum</span> <span class='ocrx_word' id='word_1_286' title='bbox 763 2981 864 3043; x_wconf 80' lang='lat' dir='ltr'>duni·</span> <span class='ocrx_word' id='word_1_287' title='bbox 917 2980 1089 3052; x_wconf 84' lang='lat' dir='ltr'>vertimus,</span> <span class='ocrx_word' id='word_1_288' title='bbox 1125 2979 1171 3040; x_wconf 92' lang='lat' dir='ltr'>ibi</span> <span class='ocrx_word' id='word_1_289' title='bbox 1203 2996 1265 3042; x_wconf 91' lang='lat' dir='ltr'>nos</span> <span class='ocrx_word' id='word_1_290' title='bbox 1301 2979 1424 3042; x_wconf 89' lang='lat' dir='ltr'>debere</span> <span class='ocrx_word' id='word_1_291' title='bbox 1453 2980 1562 3058; x_wconf 89' lang='lat' dir='ltr'>potius</span> <span class='ocrx_word' id='word_1_292' title='bbox 1593 2981 1717 3042; x_wconf 84' lang='lat' dir='ltr'>nostrae</span> 
     </span>
     <span class='ocr_line' id='line_1_29' title="bbox 66 3074 1718 3156; baseline 0.001 -19"><span class='ocrx_word' id='word_1_293' title='bbox 66 3092 142 3137; x_wconf 90' lang='lat' dir='ltr'>mus</span> <span class='ocrx_word' id='word_1_294' title='bbox 157 3075 456 3148; x_wconf 88' lang='lat' dir='ltr'>transmittendam,</span> <span class='ocrx_word' id='word_1_295' title='bbox 469 3079 532 3138; x_wconf 88' lang='lat' dir='ltr'>eto.</span> <span class='ocrx_word' id='word_1_296' title='bbox 545 3074 597 3156; x_wconf 82' lang='lat' dir='ltr'>(nt</span> <span class='ocrx_word' id='word_1_297' title='bbox 611 3077 747 3156; x_wconf 74' lang='lat' dir='ltr'>serora).</span> <span class='ocrx_word' id='word_1_298' title='bbox 918 3077 1106 3153; x_wconf 82' lang='lat' dir='ltr'>largitionis</span> <span class='ocrx_word' id='word_1_299' title='bbox 1120 3076 1272 3138; x_wconf 89' lang='lat' dir='ltr'>surculos</span> <span class='ocrx_word' id='word_1_300' title='bbox 1286 3076 1508 3150; x_wconf 88' lang='lat' dir='ltr'>interserere,</span> <span class='ocrx_word' id='word_1_301' title='bbox 1532 3077 1589 3138; x_wconf 90' lang='lat' dir='ltr'>ubi</span> <span class='ocrx_word' id='word_1_302' title='bbox 1603 3078 1636 3139; x_wconf 92' lang='grc'>11</span> <span class='ocrx_word' id='word_1_303' title='bbox 1648 3080 1718 3140; x_wconf 90' lang='lat' dir='ltr'>Deo</span> 
     </span>
     <span class='ocr_line' id='line_1_30' title="bbox 103 3173 1722 3250; baseline 0.001 -15"><span class='ocrx_word' id='word_1_304' title='bbox 103 3174 196 3236; x_wconf 88' lang='lat' dir='ltr'>Nulli</span> <span class='ocrx_word' id='word_1_305' title='bbox 227 3189 317 3250; x_wconf 88' lang='lat' dir='ltr'>ergo,</span> <span class='ocrx_word' id='word_1_306' title='bbox 343 3174 419 3245; x_wconf 80' lang='lat' dir='ltr'>eto,</span> <span class='ocrx_word' id='word_1_307' title='bbox 445 3174 568 3236; x_wconf 75' lang='lat' dir='ltr'>nostrae</span> <span class='ocrx_word' id='word_1_308' title='bbox 597 3173 861 3236; x_wconf 88' lang='lat' dir='ltr'>confirmationis</span> <span class='ocrx_word' id='word_1_309' title='bbox 918 3175 1135 3237; x_wconf 88' lang='lat' dir='ltr'>servientium</span> <span class='ocrx_word' id='word_1_310' title='bbox 1148 3190 1306 3237; x_wconf 90' lang='lat' dir='ltr'>numerus</span> <span class='ocrx_word' id='word_1_311' title='bbox 1325 3175 1535 3250; x_wconf 88' lang='lat' dir='ltr'>augmentari</span> <span class='ocrx_word' id='word_1_312' title='bbox 1550 3175 1583 3236; x_wconf 91' lang='lat' dir='ltr'>et</span> <span class='ocrx_word' id='word_1_313' title='bbox 1608 3175 1722 3236; x_wconf 83' lang='lat' dir='ltr'>divini.</span> 
     </span>
     <span class='ocr_line' id='line_1_31' title="bbox 63 3271 1716 3349; baseline -0.001 -14"><span class='ocrx_word' id='word_1_314' title='bbox 63 3271 260 3349; x_wconf 83' lang='lat' dir='ltr'>infringere,</span> <span class='ocrx_word' id='word_1_315' title='bbox 283 3273 348 3333; x_wconf 89' lang='lat' dir='ltr'>etc.</span> <span class='ocrx_word' id='word_1_316' title='bbox 371 3271 407 3333; x_wconf 87' lang='lat' dir='ltr'>Si</span> <span class='ocrx_word' id='word_1_317' title='bbox 422 3271 496 3349; x_wconf 88' lang='lat' dir='ltr'>quis</span> <span class='ocrx_word' id='word_1_318' title='bbox 519 3274 642 3343; x_wconf 88' lang='lat' dir='ltr'>autem,</span> <span class='ocrx_word' id='word_1_319' title='bbox 657 3275 720 3333; x_wconf 92' lang='lat' dir='ltr'>etc.</span> <span class='ocrx_word' id='word_1_320' title='bbox 744 3272 864 3333; x_wconf 88' lang='lat' dir='ltr'>Datum</span> <span class='ocrx_word' id='word_1_321' title='bbox 919 3272 1064 3334; x_wconf 90' lang='lat' dir='ltr'>nominis</span> <span class='ocrx_word' id='word_1_322' title='bbox 1074 3271 1183 3334; x_wconf 87' lang='lat' dir='ltr'>cultus</span> <span class='ocrx_word' id='word_1_323' title='bbox 1197 3272 1230 3333; x_wconf 93' lang='lat' dir='ltr'>et</span> <span class='ocrx_word' id='word_1_324' title='bbox 1243 3271 1351 3347; x_wconf 90' lang='lat' dir='ltr'>gloria</span> <span class='ocrx_word' id='word_1_325' title='bbox 1361 3271 1396 3331; x_wconf 93' lang='grc'>11</span> <span class='ocrx_word' id='word_1_326' title='bbox 1407 3271 1641 3346; x_wconf 87' lang='lat' dir='ltr'>generationes</span> <span class='ocrx_word' id='word_1_327' title='bbox 1660 3287 1716 3348; x_wconf 89' lang='lat' dir='ltr'>ge·</span> 
     </span>
     <span class='ocr_line' id='line_1_32' title="bbox 64 3368 1714 3447; baseline -0.001 -15"><span class='ocrx_word' id='word_1_328' title='bbox 64 3370 223 3433; x_wconf 89' lang='lat' dir='ltr'>Laterani</span> <span class='ocrx_word' id='word_1_329' title='bbox 244 3372 304 3431; x_wconf 90' lang='lat' dir='ltr'>v11</span> <span class='ocrx_word' id='word_1_330' title='bbox 328 3368 396 3430; x_wconf 80' lang='lat' dir='ltr'>lial.</span> <span class='ocrx_word' id='word_1_331' title='bbox 409 3369 499 3447; x_wconf 76' lang='lat' dir='ltr'>iulii,</span> <span class='ocrx_word' id='word_1_332' title='bbox 521 3369 736 3447; x_wconf 86' lang='lat' dir='ltr'>pontificatus</span> <span class='ocrx_word' id='word_1_333' title='bbox 756 3368 864 3432; x_wconf 91' lang='lat' dir='ltr'>nostri</span> <span class='ocrx_word' id='word_1_334' title='bbox 919 3371 1128 3434; x_wconf 88' lang='lat' dir='ltr'>nerationum</span> <span class='ocrx_word' id='word_1_335' title='bbox 1143 3369 1247 3447; x_wconf 87' lang='lat' dir='ltr'>possit</span> <span class='ocrx_word' id='word_1_336' title='bbox 1268 3368 1410 3432; x_wconf 83' lang='lat' dir='ltr'>feliciter</span> <span class='ocrx_word' id='word_1_337' title='bbox 1428 3368 1561 3430; x_wconf 88' lang='lat' dir='ltr'>dilatari</span> <span class='ocrx_word' id='word_1_338' title='bbox 1576 3390 1584 3429; x_wconf 87' lang='lat'>:</span> <span class='ocrx_word' id='word_1_339' title='bbox 1597 3384 1714 3431; x_wconf 78' lang='lat' dir='ltr'>serum</span> 
     </span>
     <span class='ocr_line' id='line_1_33' title="bbox 64 3465 1717 3548; baseline -0.002 -16"><span class='ocrx_word' id='word_1_340' title='bbox 64 3468 324 3532; x_wconf 89' lang='lat' dir='ltr'>annosecundo.</span> <span class='ocrx_word' id='word_1_341' title='bbox 919 3467 1263 3548; x_wconf 88' lang='lat' dir='ltr'>quiasacratissimam</span> <span class='ocrx_word' id='word_1_342' title='bbox 1273 3465 1593 3544; x_wconf 86' lang='lat' dir='ltr'>domumliospitalis</span> <span class='ocrx_word' id='word_1_343' title='bbox 1603 3467 1717 3529; x_wconf 88' lang='lat' dir='ltr'>Sancti</span> 
     </span>
     <span class='ocr_line' id='line_1_34' title="bbox 382 3563 1718 3697; baseline -0.001 -69"><span class='ocrx_word' id='word_1_344' title='bbox 382 3609 550 3697; x_wconf 68' lang='lat' dir='ltr'>CCCXH</span> <span class='ocrx_word' id='word_1_345' title='bbox 918 3563 1718 3642; x_wconf 78' lang='lat' dir='ltr'>iohannisBaptistaedeierusalem,proutantea</span> 
     </span>
    </p>
   </div>
   <div class='ocr_carea' id='block_1_3' title="bbox 63 3661 1719 3831">
    <p class='ocr_par' dir='ltr' id='par_1_3' title="bbox 63 3661 1719 3831">
     <span class='ocr_line' id='line_1_35' title="bbox 919 3661 1719 3734; baseline -0.003 -8"><span class='ocrx_word' id='word_1_346' title='bbox 919 3664 1142 3727; x_wconf 88' lang='lat' dir='ltr'>didiceramus</span> <span class='ocrx_word' id='word_1_347' title='bbox 1156 3662 1282 3734; x_wconf 92' lang='lat' dir='ltr'>auditu,</span> <span class='ocrx_word' id='word_1_348' title='bbox 1306 3678 1380 3724; x_wconf 92' lang='lat' dir='ltr'>cum</span> <span class='ocrx_word' id='word_1_349' title='bbox 1399 3661 1441 3722; x_wconf 91' lang='lat' dir='ltr'>ad</span> <span class='ocrx_word' id='word_1_350' title='bbox 1462 3663 1592 3724; x_wconf 75' lang='lat' dir='ltr'>Sanctae</span> <span class='ocrx_word' id='word_1_351' title='bbox 1606 3664 1719 3724; x_wconf 78' lang='lat' dir='ltr'>Terrae</span> 
     </span>
     <span class='ocr_line' id='line_1_36' title="bbox 63 3744 1719 3831; baseline -0.001 -9"><span class='ocrx_word' id='word_1_352' title='bbox 63 3748 116 3808; x_wconf 68' lang='lat' dir='ltr'><em>M</em></span> <span class='ocrx_word' id='word_1_353' title='bbox 129 3745 341 3822; x_wconf 61' lang='lat' dir='ltr'>itwdfiltitm</span> <span class='ocrx_word' id='word_1_354' title='bbox 354 3744 387 3806; x_wconf 70' lang='lat'>32</span> <span class='ocrx_word' id='word_1_355' title='bbox 408 3745 540 3819; x_wconf 55' lang='lat' dir='ltr'>staff&amp;</span> <span class='ocrx_word' id='word_1_356' title='bbox 554 3745 675 3805; x_wconf 62' lang='lat' dir='ltr'>winus</span> <span class='ocrx_word' id='word_1_357' title='bbox 689 3745 866 3818; x_wconf 69' lang='lat' dir='ltr'>noscitatis</span> <span class='ocrx_word' id='word_1_358' title='bbox 920 3761 1105 3824; x_wconf 89' lang='lat' dir='ltr'>subsidium</span> <span class='ocrx_word' id='word_1_359' title='bbox 1139 3760 1361 3831; x_wconf 83' lang='lat' dir='ltr'>accessimus,</span> <span class='ocrx_word' id='word_1_360' title='bbox 1389 3759 1530 3821; x_wconf 89' lang='lat' dir='ltr'>diversis</span> <span class='ocrx_word' id='word_1_361' title='bbox 1560 3759 1719 3821; x_wconf 87' lang='lat' dir='ltr'>virtutum</span> 
     </span>
    </p>
   </div>
   <div class='ocr_carea' id='block_1_4' title="bbox 65 3842 1731 5609">
    <p class='ocr_par' dir='ltr' id='par_1_4' title="bbox 296 3842 1719 3939">
     <span class='ocr_line' id='line_1_37' title="bbox 296 3842 1719 3939; baseline -0.007 -11"><span class='ocrx_word' id='word_1_362' title='bbox 296 3842 633 3916; x_wconf 56' lang='lat' dir='ltr'>Hi⁶r⁰⁸⁰²vmnm</span> <span class='ocrx_word' id='word_1_363' title='bbox 920 3860 1076 3939; x_wconf 91' lang='lat' dir='ltr'>operibus</span> <span class='ocrx_word' id='word_1_364' title='bbox 1089 3860 1125 3921; x_wconf 91' lang='lat' dir='ltr'>in</span> <span class='ocrx_word' id='word_1_365' title='bbox 1147 3859 1249 3921; x_wconf 89' lang='lat' dir='ltr'>totius</span> <span class='ocrx_word' id='word_1_366' title='bbox 1268 3857 1523 3920; x_wconf 89' lang='lat' dir='ltr'>christianitatis</span> <span class='ocrx_word' id='word_1_367' title='bbox 1536 3857 1719 3934; x_wconf 86' lang='lat' dir='ltr'>proficuum</span> 
     </span>
    </p>

    <p class='ocr_par' dir='ltr' id='par_1_5' title="bbox 361 3953 1718 4034">
     <span class='ocr_line' id='line_1_38' title="bbox 361 3953 1718 4034; baseline -0.009 -6"><span class='ocrx_word' id='word_1_368' title='bbox 361 3953 469 4028; x_wconf 54' lang='lat' dir='ltr'>witin·</span> <span class='ocrx_word' id='word_1_369' title='bbox 490 3954 569 4013; x_wconf 78' lang='lat'><strong>¹²¹⁸·</strong></span> <span class='ocrx_word' id='word_1_370' title='bbox 920 3961 954 4023; x_wconf 90' lang='grc'>11</span> <span class='ocrx_word' id='word_1_371' title='bbox 985 3960 1146 4022; x_wconf 91' lang='lat' dir='ltr'>bonorem</span> <span class='ocrx_word' id='word_1_372' title='bbox 1176 3956 1447 4034; x_wconf 87' lang='lat' dir='ltr'>resplendescere</span> <span class='ocrx_word' id='word_1_373' title='bbox 1482 3955 1718 4032; x_wconf 89' lang='lat' dir='ltr'>cognovimus,</span> 
     </span>
    </p>

    <p class='ocr_par' dir='ltr' id='par_1_6' title="bbox 65 4054 1731 5609">
     <span class='ocr_line' id='line_1_39' title="bbox 184 4054 1721 4137; baseline -0.008 -9"><span class='ocrx_word' id='word_1_374' title='bbox 184 4061 316 4128; x_wconf 71' lang='lat' dir='ltr'>[sueino.</span> <span class='ocrx_word' id='word_1_375' title='bbox 333 4061 400 4112; x_wconf 63' lang='grc' dir='ltr'>Ποῦ·</span> <span class='ocrx_word' id='word_1_376' title='bbox 413 4061 590 4125; x_wconf 56' lang='lat' dir='ltr'>nunonem,</span> <span class='ocrx_word' id='word_1_377' title='bbox 601 4061 640 4122; x_wconf 73' lang='lat'>¹⁶·</span> <span class='ocrx_word' id='word_1_378' title='bbox 651 4075 678 4113; x_wconf 87' lang='lat'>¹¹·</span> <span class='ocrx_word' id='word_1_379' title='bbox 691 4060 743 4126; x_wconf 72' lang='lat' dir='ltr'>ss]</span> <span class='ocrx_word' id='word_1_380' title='bbox 921 4059 1020 4137; x_wconf 79' lang='lat' dir='ltr'>boJus</span> <span class='ocrx_word' id='word_1_381' title='bbox 1035 4055 1253 4120; x_wconf 88' lang='lat' dir='ltr'>sacratissimi</span> <span class='ocrx_word' id='word_1_382' title='bbox 1274 4055 1408 4131; x_wconf 89' lang='lat' dir='ltr'>collegii</span> <span class='ocrx_word' id='word_1_383' title='bbox 1419 4055 1488 4118; x_wconf 91' lang='lat' dir='ltr'>toto</span> <span class='ocrx_word' id='word_1_384' title='bbox 1507 4054 1607 4117; x_wconf 88' lang='lat' dir='ltr'>corde</span> <span class='ocrx_word' id='word_1_385' title='bbox 1618 4054 1721 4117; x_wconf 89' lang='lat' dir='ltr'>totis·</span> 
     </span>
     <span class='ocr_line' id='line_1_40' title="bbox 65 4152 1723 4236; baseline -0.004 -16"><span class='ocrx_word' id='word_1_386' title='bbox 65 4157 866 4233; x_wconf 80' lang='lat' dir='ltr'>Eisdemconflrmatposseseionesetprivilegiaquadam</span> <span class='ocrx_word' id='word_1_387' title='bbox 922 4172 985 4236; x_wconf 93' lang='lat' dir='ltr'>que</span> <span class='ocrx_word' id='word_1_388' title='bbox 997 4155 1125 4218; x_wconf 85' lang='lat' dir='ltr'>viribus</span> <span class='ocrx_word' id='word_1_389' title='bbox 1134 4154 1308 4217; x_wconf 84' lang='lat' dir='ltr'>inhiantes</span> <span class='ocrx_word' id='word_1_390' title='bbox 1318 4153 1495 4221; x_wconf 91' lang='lat' dir='ltr'>desiderio,</span> <span class='ocrx_word' id='word_1_391' title='bbox 1509 4153 1632 4215; x_wconf 83' lang='lat' dir='ltr'>divinoe</span> <span class='ocrx_word' id='word_1_392' title='bbox 1650 4152 1723 4231; x_wconf 91' lang='lat' dir='ltr'>pie-</span> 
     </span>
     <span class='ocr_line' id='line_1_41' title="bbox 136 4248 1719 4332; baseline -0.008 -8"><span class='ocrx_word' id='word_1_393' title='bbox 136 4273 141 4281; x_wconf 84' lang='lat'><strong><em>‘</em></strong></span> <span class='ocrx_word' id='word_1_394' title='bbox 240 4329 242 4332; x_wconf 61' lang='grc'><strong>,</strong></span> <span class='ocrx_word' id='word_1_395' title='bbox 257 4263 274 4306; x_wconf 73' lang='lat'>³</span> <span class='ocrx_word' id='word_1_396' title='bbox 296 4262 367 4323; x_wconf 65' lang='lat'>‘08⁰</span> <span class='ocrx_word' id='word_1_397' title='bbox 381 4248 537 4322; x_wconf 66' lang='lat' dir='ltr'>flussssiiioe</span> <span class='ocrx_word' id='word_1_398' title='bbox 551 4255 679 4322; x_wconf 80' lang='lat' dir='ltr'>accepta.</span> <span class='ocrx_word' id='word_1_399' title='bbox 921 4255 999 4318; x_wconf 92' lang='lat' dir='ltr'>tatis</span> <span class='ocrx_word' id='word_1_400' title='bbox 1005 4254 1128 4316; x_wconf 88' lang='lat' dir='ltr'>iutuitu</span> <span class='ocrx_word' id='word_1_401' title='bbox 1137 4254 1173 4315; x_wconf 93' lang='lat' dir='ltr'>in</span> <span class='ocrx_word' id='word_1_402' title='bbox 1181 4252 1441 4330; x_wconf 90' lang='lat' dir='ltr'>redemptionem</span> <span class='ocrx_word' id='word_1_403' title='bbox 1454 4252 1575 4313; x_wconf 84' lang='lat' dir='ltr'>animae</span> <span class='ocrx_word' id='word_1_404' title='bbox 1583 4252 1719 4324; x_wconf 73' lang='lat' dir='ltr'>nostrae,</span> 
     </span>
     <span class='ocr_line' id='line_1_42' title="bbox 105 4349 1720 4435; baseline -0.008 -14"><span class='ocrx_word' id='word_1_405' title='bbox 105 4358 275 4421; x_wconf 83' lang='lat' dir='ltr'>ilonorius</span> <span class='ocrx_word' id='word_1_406' title='bbox 289 4357 466 4435; x_wconf 88' lang='lat' dir='ltr'>episcopus</span> <span class='ocrx_word' id='word_1_407' title='bbox 479 4372 780 4419; x_wconf 81' lang='lat' dir='ltr'>serrusserrorum</span> <span class='ocrx_word' id='word_1_408' title='bbox 794 4357 866 4430; x_wconf 86' lang='lat' dir='ltr'>Dei,</span> <span class='ocrx_word' id='word_1_409' title='bbox 923 4360 956 4415; x_wconf 90' lang='lat' dir='ltr'>et</span> <span class='ocrx_word' id='word_1_410' title='bbox 976 4351 1163 4414; x_wconf 90' lang='lat' dir='ltr'>animarum</span> <span class='ocrx_word' id='word_1_411' title='bbox 1193 4349 1476 4427; x_wconf 86' lang='lat' dir='ltr'>praedeoessorum</span> <span class='ocrx_word' id='word_1_412' title='bbox 1508 4351 1720 4420; x_wconf 87' lang='lat' dir='ltr'>nostrorum,</span> 
     </span>
     <span class='ocr_line' id='line_1_43' title="bbox 65 4445 1724 4532; baseline -0.007 -15"><span class='ocrx_word' id='word_1_413' title='bbox 65 4456 198 4519; x_wconf 86' lang='lat' dir='ltr'>dilectis</span> <span class='ocrx_word' id='word_1_414' title='bbox 214 4455 329 4517; x_wconf 88' lang='lat' dir='ltr'>filiis...</span> <span class='ocrx_word' id='word_1_415' title='bbox 346 4454 506 4532; x_wconf 87' lang='lat' dir='ltr'>magistro</span> <span class='ocrx_word' id='word_1_416' title='bbox 530 4455 564 4516; x_wconf 88' lang='lat' dir='ltr'>et</span> <span class='ocrx_word' id='word_1_417' title='bbox 578 4453 736 4517; x_wconf 89' lang='lat' dir='ltr'>fratribus</span> <span class='ocrx_word' id='word_1_418' title='bbox 751 4454 868 4517; x_wconf 91' lang='lat' dir='ltr'>domus</span> <span class='ocrx_word' id='word_1_419' title='bbox 924 4450 1113 4512; x_wconf 86' lang='lat' dir='ltr'>memoratae</span> <span class='ocrx_word' id='word_1_420' title='bbox 1138 4448 1256 4511; x_wconf 89' lang='lat' dir='ltr'>domus</span> <span class='ocrx_word' id='word_1_421' title='bbox 1272 4445 1399 4507; x_wconf 89' lang='lat' dir='ltr'>meritis</span> <span class='ocrx_word' id='word_1_422' title='bbox 1413 4447 1448 4508; x_wconf 90' lang='lat' dir='ltr'>et</span> <span class='ocrx_word' id='word_1_423' title='bbox 1461 4445 1648 4508; x_wconf 80' lang='lat' dir='ltr'>interventu</span> <span class='ocrx_word' id='word_1_424' title='bbox 1663 4461 1724 4507; x_wconf 87' lang='lat' dir='ltr'>ve-</span> 
     </span>
     <span class='ocr_line' id='line_1_44' title="bbox 65 4543 1722 4632; baseline -0.008 -16"><span class='ocrx_word' id='word_1_425' title='bbox 65 4553 242 4632; x_wconf 86' lang='lat' dir='ltr'>bospitalis</span> <span class='ocrx_word' id='word_1_426' title='bbox 253 4552 576 4630; x_wconf 86' lang='lat' dir='ltr'>Hierosolymitanae,</span> <span class='ocrx_word' id='word_1_427' title='bbox 590 4552 729 4615; x_wconf 87' lang='lat' dir='ltr'>salutem</span> <span class='ocrx_word' id='word_1_428' title='bbox 743 4555 777 4616; x_wconf 91' lang='lat' dir='ltr'>et</span> <span class='ocrx_word' id='word_1_429' title='bbox 788 4569 871 4631; x_wconf 89' lang='lat' dir='ltr'>apo·</span> <span class='ocrx_word' id='word_1_430' title='bbox 924 4550 1014 4611; x_wconf 88' lang='lat' dir='ltr'>niam</span> <span class='ocrx_word' id='word_1_431' title='bbox 1029 4546 1117 4624; x_wconf 90' lang='lat' dir='ltr'>apud</span> <span class='ocrx_word' id='word_1_432' title='bbox 1127 4547 1230 4607; x_wconf 89' lang='lat' dir='ltr'>Deum</span> <span class='ocrx_word' id='word_1_433' title='bbox 1247 4544 1405 4621; x_wconf 87' lang='lat' dir='ltr'>consequi</span> <span class='ocrx_word' id='word_1_434' title='bbox 1418 4543 1600 4620; x_wconf 91' lang='lat' dir='ltr'>cupientes,</span> <span class='ocrx_word' id='word_1_435' title='bbox 1615 4558 1722 4621; x_wconf 89' lang='lat' dir='ltr'>quas·</span> 
     </span>
     <span class='ocr_line' id='line_1_45' title="bbox 66 4640 1723 4720; baseline -0.007 -5"><span class='ocrx_word' id='word_1_436' title='bbox 66 4652 221 4715; x_wconf 91' lang='lat' dir='ltr'>stolicam</span> <span class='ocrx_word' id='word_1_437' title='bbox 235 4651 513 4714; x_wconf 91' lang='lat' dir='ltr'>benedictionem.</span> <span class='ocrx_word' id='word_1_438' title='bbox 925 4646 1128 4708; x_wconf 84' lang='lat' dir='ltr'>damnostrae</span> <span class='ocrx_word' id='word_1_439' title='bbox 1136 4642 1325 4720; x_wconf 87' lang='lat' dir='ltr'>largitionis</span> <span class='ocrx_word' id='word_1_440' title='bbox 1336 4640 1531 4704; x_wconf 87' lang='lat' dir='ltr'>donationes</span> <span class='ocrx_word' id='word_1_441' title='bbox 1544 4641 1578 4703; x_wconf 90' lang='lat' dir='ltr'>et</span> <span class='ocrx_word' id='word_1_442' title='bbox 1586 4642 1723 4703; x_wconf 89' lang='lat' dir='ltr'>eleemo-</span> 
     </span>
     <span class='ocr_line' id='line_1_46' title="bbox 110 4738 1724 4826; baseline -0.006 -16"><span class='ocrx_word' id='word_1_443' title='bbox 110 4751 194 4810; x_wconf 88' lang='lat' dir='ltr'>Cum</span> <span class='ocrx_word' id='word_1_444' title='bbox 205 4765 225 4810; x_wconf 90' lang='lat' dir='ltr'>a</span> <span class='ocrx_word' id='word_1_445' title='bbox 236 4749 332 4810; x_wconf 90' lang='lat' dir='ltr'>nobis</span> <span class='ocrx_word' id='word_1_446' title='bbox 348 4750 484 4825; x_wconf 89' lang='lat' dir='ltr'>petitur,</span> <span class='ocrx_word' id='word_1_447' title='bbox 494 4749 556 4811; x_wconf 90' lang='lat' dir='ltr'>etc.</span> <span class='ocrx_word' id='word_1_448' title='bbox 571 4751 765 4826; x_wconf 82' lang='lat' dir='ltr'>Eapropter,</span> <span class='ocrx_word' id='word_1_449' title='bbox 780 4749 869 4811; x_wconf 89' lang='lat' dir='ltr'>etc...</span> <span class='ocrx_word' id='word_1_450' title='bbox 926 4760 1027 4823; x_wconf 64' lang='lat' dir='ltr'>squas</span> <span class='ocrx_word' id='word_1_451' title='bbox 1042 4743 1165 4805; x_wconf 84' lang='lat' dir='ltr'>sanctae</span> <span class='ocrx_word' id='word_1_452' title='bbox 1180 4740 1293 4803; x_wconf 90' lang='lat' dir='ltr'>domui</span> <span class='ocrx_word' id='word_1_453' title='bbox 1308 4739 1465 4817; x_wconf 86' lang='lat' dir='ltr'>hospitali</span> <span class='ocrx_word' id='word_1_454' title='bbox 1482 4738 1522 4801; x_wconf 88' lang='lat' dir='ltr'>de</span> <span class='ocrx_word' id='word_1_455' title='bbox 1535 4739 1724 4801; x_wconf 86' lang='lat' dir='ltr'>Jerusalem</span> 
     </span>
     <span class='ocr_line' id='line_1_47' title="bbox 65 4837 1726 4925; baseline -0.008 -14"><span class='ocrx_word' id='word_1_456' title='bbox 65 4861 178 4922; x_wconf 83' lang='lat' dir='ltr'>usque</span> <span class='ocrx_word' id='word_1_457' title='bbox 190 4862 342 4910; x_wconf 90' lang='lat' dir='ltr'>assensu.</span> <span class='ocrx_word' id='word_1_458' title='bbox 358 4846 535 4909; x_wconf 83' lang='lat' dir='ltr'>Redditum</span> <span class='ocrx_word' id='word_1_459' title='bbox 546 4850 655 4909; x_wconf 78' lang='lat' dir='ltr'>Portae</span> <span class='ocrx_word' id='word_1_460' title='bbox 671 4847 711 4909; x_wconf 89' lang='lat' dir='ltr'>de</span> <span class='ocrx_word' id='word_1_461' title='bbox 727 4849 869 4925; x_wconf 87' lang='lat' dir='ltr'>Supran,</span> <span class='ocrx_word' id='word_1_462' title='bbox 926 4844 961 4904; x_wconf 91' lang='lat' dir='ltr'>in</span> <span class='ocrx_word' id='word_1_463' title='bbox 983 4857 1100 4905; x_wconf 88' lang='lat' dir='ltr'>manus</span> <span class='ocrx_word' id='word_1_464' title='bbox 1128 4839 1241 4901; x_wconf 87' lang='lat' dir='ltr'>fratris</span> <span class='ocrx_word' id='word_1_465' title='bbox 1263 4837 1403 4900; x_wconf 84' lang='lat' dir='ltr'>Guarini</span> <span class='ocrx_word' id='word_1_466' title='bbox 1429 4837 1471 4899; x_wconf 92' lang='lat' dir='ltr'>de</span> <span class='ocrx_word' id='word_1_467' title='bbox 1492 4837 1604 4899; x_wconf 85' lang='lat' dir='ltr'>Monte</span> <span class='ocrx_word' id='word_1_468' title='bbox 1627 4837 1726 4899; x_wconf 90' lang='lat' dir='ltr'>acuto</span> 
     </span>
     <span class='ocr_line' id='line_1_48' title="bbox 67 4933 1726 5024; baseline -0.006 -17"><span class='ocrx_word' id='word_1_469' title='bbox 67 4945 127 5024; x_wconf 90' lang='lat' dir='ltr'>qui</span> <span class='ocrx_word' id='word_1_470' title='bbox 151 4944 254 5007; x_wconf 88' lang='lat' dir='ltr'>Bobet</span> <span class='ocrx_word' id='word_1_471' title='bbox 277 4944 409 5018; x_wconf 92' lang='lat' dir='ltr'>dicitur,</span> <span class='ocrx_word' id='word_1_472' title='bbox 434 4946 467 5007; x_wconf 92' lang='lat' dir='ltr'>et</span> <span class='ocrx_word' id='word_1_473' title='bbox 479 4948 616 5018; x_wconf 89' lang='lat' dir='ltr'>terram,</span> <span class='ocrx_word' id='word_1_474' title='bbox 633 4962 706 5023; x_wconf 82' lang='lat' dir='ltr'>quae</span> <span class='ocrx_word' id='word_1_475' title='bbox 720 4947 771 5007; x_wconf 88' lang='lat' dir='ltr'>est</span> <span class='ocrx_word' id='word_1_476' title='bbox 784 4946 873 5007; x_wconf 86' lang='lat' dir='ltr'>inter</span> <span class='ocrx_word' id='word_1_477' title='bbox 926 4940 1023 5003; x_wconf 86' lang='lat' dir='ltr'>dictae</span> <span class='ocrx_word' id='word_1_478' title='bbox 1045 4939 1169 5001; x_wconf 74' lang='lat' dir='ltr'>sanctae</span> <span class='ocrx_word' id='word_1_479' title='bbox 1190 4937 1308 5000; x_wconf 89' lang='lat' dir='ltr'>domus</span> <span class='ocrx_word' id='word_1_480' title='bbox 1326 4934 1502 5012; x_wconf 85' lang='lat' dir='ltr'>hospitalis</span> <span class='ocrx_word' id='word_1_481' title='bbox 1523 4933 1726 4997; x_wconf 80' lang='lat' dir='ltr'>venerabilis</span> 
     </span>
     <span class='ocr_line' id='line_1_49' title="bbox 68 5032 1725 5119; baseline -0.007 -13"><span class='ocrx_word' id='word_1_482' title='bbox 68 5047 214 5106; x_wconf 82' lang='lat' dir='ltr'>Dravam</span> <span class='ocrx_word' id='word_1_483' title='bbox 229 5043 263 5105; x_wconf 95' lang='lat' dir='ltr'>et</span> <span class='ocrx_word' id='word_1_484' title='bbox 282 5042 446 5119; x_wconf 87' lang='lat' dir='ltr'>Gbergou,</span> <span class='ocrx_word' id='word_1_485' title='bbox 467 5044 561 5105; x_wconf 88' lang='lat' dir='ltr'>vobis</span> <span class='ocrx_word' id='word_1_486' title='bbox 586 5059 660 5105; x_wconf 90' lang='lat' dir='ltr'>cum</span> <span class='ocrx_word' id='word_1_487' title='bbox 680 5042 872 5106; x_wconf 91' lang='lat' dir='ltr'>nemoribus</span> <span class='ocrx_word' id='word_1_488' title='bbox 927 5037 1099 5115; x_wconf 83' lang='lat' dir='ltr'>magistri,</span> <span class='ocrx_word' id='word_1_489' title='bbox 1137 5037 1171 5097; x_wconf 90' lang='lat' dir='ltr'>et</span> <span class='ocrx_word' id='word_1_490' title='bbox 1213 5033 1361 5096; x_wconf 89' lang='lat' dir='ltr'>omniurn</span> <span class='ocrx_word' id='word_1_491' title='bbox 1403 5032 1543 5095; x_wconf 83' lang='lat' dir='ltr'>fratrum</span> <span class='ocrx_word' id='word_1_492' title='bbox 1578 5033 1725 5110; x_wconf 87' lang='lat' dir='ltr'>ejusdem</span> 
     </span>
     <span class='ocr_line' id='line_1_50' title="bbox 69 5131 1727 5216; baseline -0.004 -15"><span class='ocrx_word' id='word_1_493' title='bbox 69 5140 105 5201; x_wconf 93' lang='lat' dir='ltr'>et</span> <span class='ocrx_word' id='word_1_494' title='bbox 130 5138 206 5200; x_wconf 90' lang='lat' dir='ltr'>aliis</span> <span class='ocrx_word' id='word_1_495' title='bbox 234 5138 445 5216; x_wconf 90' lang='lat' dir='ltr'>pertinentiis</span> <span class='ocrx_word' id='word_1_496' title='bbox 478 5139 548 5199; x_wconf 90' lang='lat' dir='ltr'>suis</span> <span class='ocrx_word' id='word_1_497' title='bbox 579 5155 600 5200; x_wconf 88' lang='lat' dir='ltr'>a</span> <span class='ocrx_word' id='word_1_498' title='bbox 628 5139 802 5201; x_wconf 90' lang='lat' dir='ltr'>carissimo</span> <span class='ocrx_word' id='word_1_499' title='bbox 837 5139 872 5200; x_wconf 91' lang='lat' dir='ltr'>in</span> <span class='ocrx_word' id='word_1_500' title='bbox 927 5137 1044 5199; x_wconf 93' lang='lat' dir='ltr'>domus</span> <span class='ocrx_word' id='word_1_501' title='bbox 1063 5134 1277 5213; x_wconf 84' lang='lat' dir='ltr'>praesentium</span> <span class='ocrx_word' id='word_1_502' title='bbox 1291 5131 1579 5194; x_wconf 88' lang='lat' dir='ltr'>aciuturorumad</span> <span class='ocrx_word' id='word_1_503' title='bbox 1597 5148 1678 5192; x_wconf 88' lang='lat' dir='ltr'>usus</span> <span class='ocrx_word' id='word_1_504' title='bbox 1693 5133 1727 5195; x_wconf 90' lang='grc'>11</span> 
     </span>
     <span class='ocr_line' id='line_1_51' title="bbox 70 5228 1727 5314; baseline -0.005 -16"><span class='ocrx_word' id='word_1_505' title='bbox 70 5236 279 5298; x_wconf 88' lang='lat' dir='ltr'>Christofllio</span> <span class='ocrx_word' id='word_1_506' title='bbox 292 5237 406 5299; x_wconf 89' lang='lat' dir='ltr'>nostro</span> <span class='ocrx_word' id='word_1_507' title='bbox 414 5236 546 5299; x_wconf 86' lang='lat' dir='ltr'>Andrea</span> <span class='ocrx_word' id='word_1_508' title='bbox 557 5236 680 5299; x_wconf 92' lang='lat' dir='ltr'>illustri</span> <span class='ocrx_word' id='word_1_509' title='bbox 693 5252 771 5314; x_wconf 88' lang='lat' dir='ltr'>rege</span> <span class='ocrx_word' id='word_1_510' title='bbox 784 5238 874 5298; x_wconf 90' lang='lat' dir='ltr'>Hun·</span> <span class='ocrx_word' id='word_1_511' title='bbox 928 5233 1174 5312; x_wconf 89' lang='lat' dir='ltr'>proprietatem,</span> <span class='ocrx_word' id='word_1_512' title='bbox 1191 5232 1224 5293; x_wconf 92' lang='grc'>11</span> <span class='ocrx_word' id='word_1_513' title='bbox 1238 5229 1280 5292; x_wconf 92' lang='lat' dir='ltr'>ad</span> <span class='ocrx_word' id='word_1_514' title='bbox 1291 5233 1347 5308; x_wconf 89' lang='lat' dir='ltr'>jus</span> <span class='ocrx_word' id='word_1_515' title='bbox 1358 5229 1548 5291; x_wconf 85' lang='lat' dir='ltr'>memoratae</span> <span class='ocrx_word' id='word_1_516' title='bbox 1563 5228 1679 5291; x_wconf 88' lang='lat' dir='ltr'>domus</span> <span class='ocrx_word' id='word_1_517' title='bbox 1694 5232 1727 5291; x_wconf 89' lang='lat' dir='ltr'>et</span> 
     </span>
     <span class='ocr_line' id='line_1_52' title="bbox 70 5327 1727 5412; baseline -0.005 -15"><span class='ocrx_word' id='word_1_518' title='bbox 70 5335 177 5411; x_wconf 78' lang='lat' dir='ltr'>garire</span> <span class='ocrx_word' id='word_1_519' title='bbox 186 5334 319 5412; x_wconf 91' lang='lat' dir='ltr'>pietatis</span> <span class='ocrx_word' id='word_1_520' title='bbox 333 5333 468 5397; x_wconf 91' lang='lat' dir='ltr'>obtentu</span> <span class='ocrx_word' id='word_1_521' title='bbox 477 5334 610 5406; x_wconf 89' lang='lat' dir='ltr'>collata,</span> <span class='ocrx_word' id='word_1_522' title='bbox 624 5350 755 5397; x_wconf 91' lang='lat' dir='ltr'>necnon</span> <span class='ocrx_word' id='word_1_523' title='bbox 770 5333 875 5396; x_wconf 89' lang='lat' dir='ltr'>liber·</span> <span class='ocrx_word' id='word_1_524' title='bbox 928 5333 970 5395; x_wconf 92' lang='lat' dir='ltr'>ad</span> <span class='ocrx_word' id='word_1_525' title='bbox 991 5330 1202 5410; x_wconf 89' lang='lat' dir='ltr'>possesiones</span> <span class='ocrx_word' id='word_1_526' title='bbox 1225 5329 1402 5406; x_wconf 92' lang='lat' dir='ltr'>perpetuas</span> <span class='ocrx_word' id='word_1_527' title='bbox 1425 5327 1634 5390; x_wconf 78' lang='lat' dir='ltr'>decrevimus</span> <span class='ocrx_word' id='word_1_528' title='bbox 1656 5327 1727 5389; x_wconf 90' lang='lat' dir='ltr'>fore</span> 
     </span>
     <span class='ocr_line' id='line_1_53' title="bbox 70 5425 1727 5509; baseline -0.007 -11"><span class='ocrx_word' id='word_1_529' title='bbox 70 5435 171 5505; x_wconf 86' lang='lat' dir='ltr'>tates,</span> <span class='ocrx_word' id='word_1_530' title='bbox 196 5431 421 5494; x_wconf 89' lang='lat' dir='ltr'>immunitates</span> <span class='ocrx_word' id='word_1_531' title='bbox 443 5434 475 5494; x_wconf 92' lang='grc'>11</span> <span class='ocrx_word' id='word_1_532' title='bbox 494 5433 721 5509; x_wconf 85' lang='lat' dir='ltr'>exemptiones</span> <span class='ocrx_word' id='word_1_533' title='bbox 729 5433 873 5495; x_wconf 84' lang='lat' dir='ltr'>saecula·</span> <span class='ocrx_word' id='word_1_534' title='bbox 929 5429 1131 5507; x_wconf 88' lang='lat' dir='ltr'>largiendas.</span> <span class='ocrx_word' id='word_1_535' title='bbox 1152 5429 1222 5489; x_wconf 92' lang='lat' dir='ltr'>Nec</span> <span class='ocrx_word' id='word_1_536' title='bbox 1236 5425 1413 5499; x_wconf 90' lang='lat' dir='ltr'>immerito,</span> <span class='ocrx_word' id='word_1_537' title='bbox 1431 5441 1506 5489; x_wconf 89' lang='lat' dir='ltr'>cum</span> <span class='ocrx_word' id='word_1_538' title='bbox 1525 5425 1595 5488; x_wconf 91' lang='lat' dir='ltr'>illio</span> <span class='ocrx_word' id='word_1_539' title='bbox 1608 5440 1727 5503; x_wconf 88' lang='lat' dir='ltr'>perso-</span> 
     </span>
     <span class='ocr_line' id='line_1_54' title="bbox 71 5523 1731 5609; baseline -0.008 -13"><span class='ocrx_word' id='word_1_540' title='bbox 71 5533 162 5596; x_wconf 90' lang='lat' dir='ltr'>rinm</span> <span class='ocrx_word' id='word_1_541' title='bbox 184 5531 397 5593; x_wconf 83' lang='lat' dir='ltr'>exactionum</span> <span class='ocrx_word' id='word_1_542' title='bbox 420 5530 462 5593; x_wconf 89' lang='lat' dir='ltr'>ab</span> <span class='ocrx_word' id='word_1_543' title='bbox 486 5531 602 5593; x_wconf 89' lang='lat' dir='ltr'>eodem</span> <span class='ocrx_word' id='word_1_544' title='bbox 630 5547 710 5609; x_wconf 89' lang='lat' dir='ltr'>rege</span> <span class='ocrx_word' id='word_1_545' title='bbox 732 5530 827 5594; x_wconf 81' lang='lat' dir='ltr'>vobis</span> <span class='ocrx_word' id='word_1_546' title='bbox 842 5533 876 5595; x_wconf 90' lang='lat' dir='ltr'>et</span> <span class='ocrx_word' id='word_1_547' title='bbox 929 5525 1214 5604; x_wconf 88' lang='lat' dir='ltr'>naliterbospitali</span> <span class='ocrx_word' id='word_1_548' title='bbox 1227 5523 1410 5587; x_wconf 78' lang='lat' dir='ltr'>viderimus</span> <span class='ocrx_word' id='word_1_549' title='bbox 1423 5524 1634 5586; x_wconf 90' lang='lat' dir='ltr'>innumerum</span> <span class='ocrx_word' id='word_1_550' title='bbox 1646 5538 1731 5600; x_wconf 88' lang='lat' dir='ltr'>pau-</span> 
     </span>
    </p>
   </div>
   <div class='ocr_carea' id='block_1_5' title="bbox 73 5621 1827 5706">
    <p class='ocr_par' dir='ltr' id='par_1_7' title="bbox 73 5621 1827 5706">
     <span class='ocr_line' id='line_1_55' title="bbox 73 5621 1827 5706; baseline -0.008 -13"><span class='ocrx_word' id='word_1_551' title='bbox 73 5627 267 5693; x_wconf 85' lang='lat' dir='ltr'>bominibus</span> <span class='ocrx_word' id='word_1_552' title='bbox 281 5629 402 5691; x_wconf 87' lang='lat' dir='ltr'>vestris</span> <span class='ocrx_word' id='word_1_553' title='bbox 423 5628 581 5701; x_wconf 85' lang='lat' dir='ltr'>indultas,</span> <span class='ocrx_word' id='word_1_554' title='bbox 602 5629 688 5691; x_wconf 89' lang='lat' dir='ltr'>sicut</span> <span class='ocrx_word' id='word_1_555' title='bbox 707 5644 747 5690; x_wconf 89' lang='lat' dir='ltr'>ea</span> <span class='ocrx_word' id='word_1_556' title='bbox 762 5629 874 5692; x_wconf 88' lang='lat' dir='ltr'>omnia</span> <span class='ocrx_word' id='word_1_557' title='bbox 929 5643 1044 5706; x_wconf 89' lang='lat' dir='ltr'>perum</span> <span class='ocrx_word' id='word_1_558' title='bbox 1057 5626 1177 5687; x_wconf 77' lang='lat' dir='ltr'>cotum</span> <span class='ocrx_word' id='word_1_559' title='bbox 1193 5622 1418 5700; x_wconf 89' lang='lat' dir='ltr'>diurnopastu</span> <span class='ocrx_word' id='word_1_560' title='bbox 1430 5621 1578 5700; x_wconf 90' lang='lat' dir='ltr'>quotidie</span> <span class='ocrx_word' id='word_1_561' title='bbox 1592 5621 1730 5683; x_wconf 78' lang='lat' dir='ltr'>eristen·</span> <span class='ocrx_word' id='word_1_562' title='bbox 1814 5661 1827 5673; x_wconf 87' lang='lat'>.</span> 
     </span>
    </p>
   </div>
   <div class='ocr_carea' id='block_1_6' title="bbox 0 0 1919 6164">
    <p class='ocr_par' dir='ltr' id='par_1_8' title="bbox 0 0 1919 6164">
     <span class='ocr_line' id='line_1_56' title="bbox 0 0 1919 6164; baseline 0 0"><span class='ocrx_word' id='word_1_563' title='bbox 0 0 1919 6164; x_wconf 95' lang='lat' dir='ltr'> </span> 
     </span>
    </p>
   </div>
  </div>
 </body>
</html>
