3802 6166
111 274 166 333 131

111 432 197 496 male
215 432 326 495 eiiicie
339 446 400 494 sue
415 430 530 493 iuncti.
552 430 725 511 Adiectum
739 428 801 493 tuit
815 432 909 493 insu·

111 547 181 610 per,
192 531 277 608 qurod
288 531 323 592 in
334 530 497 593 sententia
507 528 695 591 continetur
704 531 867 591 senonen.
877 530 911 591 et

112 630 332 691 sarisberien.
346 628 490 690 decanos
507 628 704 689 sententiam
720 626 907 705 protulisse,

111 728 167 789 sed
181 728 215 789 in
227 725 521 796 relationedicunt,
531 725 617 803 quod
627 725 790 787 Parisien.
800 726 833 786 et
839 724 911 786 Bel·

111 841 227 887 sacen.
239 823 468 886 archidiaconi
480 824 679 885 sententiam
689 823 907 901 protulerunt,

111 925 145 986 et
171 923 220 985 sic
236 939 337 1000 quum
361 922 429 984 sint
451 921 624 999 scripturae
641 922 708 985 ilias
734 920 910 983 contrariae

111 1020 261 1083 adimunt
282 1019 425 1082 invicem
442 1019 507 1082 sibi
528 1019 636 1082 tidem.
653 1020 820 1081 Praeterea
835 1034 910 1081 cum

112 1118 324 1196 privilegium
350 1116 450 1179 suerit
474 1117 626 1179 ecclesiae
651 1132 718 1179 non
746 1132 909 1194 persona,

112 1216 258 1277 decanus
281 1216 373 1278 solus
396 1214 546 1277 ecclesiae
566 1214 699 1276 nomine
719 1230 785 1276 non
806 1213 912 1290 potuit

112 1314 260 1392 experiri
276 1313 460 1391 praesertim
480 1312 641 1390 quemad
661 1315 820 1390 majorem
831 1327 912 1373 cau-

112 1411 215 1474 teiam
237 1411 308 1473 baec
330 1410 446 1472 eadem
473 1410 613 1472 ecclesia
644 1409 745 1471 tuerit
778 1409 911 1487 protes·

112 1510 182 1571 lata
197 1531 205 1570 ε
222 1524 324 1586 quare
346 1507 432 1585 quod
456 1507 578 1569 iactum
602 1507 711 1569 iuerat
731 1521 790 1584 per
818 1522 913 1568 eum-

113 1606 189 1669 dem
204 1606 376 1675 decanum,
394 1605 424 1667 ei
449 1621 514 1665 nen
535 1605 665 1682 poterat
683 1603 913 1681 praejndicium

115 1718 288 1781 generare.
320 1704 400 1764 Cum
431 1703 534 1779 igitur
568 1702 747 1779 praedictus
782 1702 915 1764 auditor

37 1786 40 1791 ’
115 1802 199 1873 baec,
224 1803 257 1863 et
273 1800 350 1871 alia,
376 1816 448 1877 quae
472 1815 584 1861 coram
609 1816 649 1861 ee
672 1799 807 1861 tulerunt
830 1815 912 1877 pre-

116 1899 224 1976 posita
244 1898 338 1959 nobis
360 1897 502 1961 fideliter
523 1897 701 1970 retulisset,
717 1897 915 1959 sententiam

116 1996 349 2073 predictorum
358 1995 508 2072 judicum
527 1995 734 2057 decrevimus
747 2011 822 2057 esse
838 1995 916 2055 nul-

116 2094 195 2164 lam,
226 2093 414 2156 eorumdem
449 2109 640 2171 processum
668 2093 851 2169 legitimum
881 2093 914 2152 in

117 2191 194 2252 aliis
207 2191 447 2269 approbantes;
464 2194 496 2254 et
510 2190 588 2268 quia
604 2194 716 2267 partes
731 2192 771 2252 ad
785 2190 917 2265 litigan-

118 2290 195 2350 dum
208 2289 445 2351 instruerenon
453 2288 725 2366 venerantqunm
737 2289 813 2351 licet
823 2289 918 2350 deca-

118 2402 181 2448 nus
194 2386 351 2465 praeiatus
367 2386 830 2464 personalitercomparuerit,
844 2403 918 2462 pro·

119 2486 253 2547 curator
263 2486 373 2546 tamen
386 2484 523 2561 capituli
536 2484 672 2545 minime
686 2483 915 2561 comparebat;

118 2598 181 2645 nec
194 2582 370 2660 privilegia
387 2581 564 2658 originalia
584 2583 738 2658 poterant
751 2581 915 2653 exbiberi,

119 2696 182 2742 nec
196 2678 237 2741 de
251 2678 446 2757 quibusdam
459 2677 767 2751 consuetudinibus,
786 2679 828 2739 de
842 2679 919 2755 qui-

119 2776 182 2838 bus
204 2778 239 2837 in
263 2776 490 2853 suprascripta
514 2776 752 2852 compositione
778 2774 919 2837 babetur

120 2874 256 2946 mentio,
267 2873 362 2935 nobis
377 2873 483 2950 potuit
497 2873 570 2935 tleri
589 2872 770 2947 certitud0;
784 2889 918 2935 causam

124 2972 276 3035 eamdem
304 2971 392 3033 inter
424 2970 585 3032 decanum
612 2972 646 3033 et
671 2971 851 3048 capitulum
877 2987 920 3032 ex

120 3072 214 3149 parte
239 3085 316 3139 una,
339 3070 372 3130 et
393 3069 583 3146 episcopum
607 3085 651 3130 ex
678 3068 800 3141 altera,
825 3068 920 3131 vobis

41 3187 46 3197 ·
121 3166 329 3230 duximusde
339 3182 478 3228 assensu
488 3167 630 3244 partium
641 3167 918 3229 committendam.

726 272 901 334 bonosii
925 270 969 332 111
993 270 1143 331 orbim.

1346 434 1374 522 C

963 608 1015 668 Ad
1035 606 1190 667 abbatem
1213 604 1352 667 Sanctae
1379 606 1574 679 Gereonesae,
1601 606 1760 679 priorem

1005 704 1123 765 Sancti
1141 702 1289 765 Martini
1307 704 1349 765 dc
1367 704 1505 776 Corripis
1526 702 1560 763 ct
1582 702 1762 764 certiorem

1004 804 1235 864 Peristenscs.

1260 894 1294 953 ld
1305 893 1367 953 dee.
1385 894 1466 953 iiie.

965 1002 1072 1067 [lienosi.
1085 1000 1131 1053 lib.
1144 1002 1163 1059 l,
1177 1015 1217 1066 ep.
1230 1000 1444 1065 ist-bouquet.
1453 1000 1761 1058 llecacildesbisteriens,

1251 1087 1272 1133 t.
1287 1082 1354 1137 xlii.
1370 1097 1395 1145 p.
1408 1080 1478 1146 cis]

965 1206 1059 1276 lubet,
1072 1208 1096 1264 si
1114 1206 1241 1264 Erardns
1256 1205 1293 1263 de
1310 1208 1412 1275 Brenn,
1428 1206 1476 1279 qui
1491 1206 1656 1277 Campanis
1670 1207 1759 1263 cemi-

1001 1303 1090 1353 tatum
1105 1310 1247 1367 occupare
1261 1302 1391 1363 conatur,
1403 1295 1433 1351 in
1444 1294 1602 1353 senonensi
1615 1294 1760 1368 provincia

1002 1384 1165 1441 auxiliarios
1179 1391 1208 1442 et
1223 1384 1347 1441 lautores
1359 1384 1509 1452 invenerit,
1521 1399 1572 1457 per
1586 1384 1761 1441 eeclesiasti-

1002 1474 1087 1531 ticam
1103 1487 1254 1529 censuram
1267 1471 1330 1529 illes
1343 1472 1498 1545 compesci.

1007 1590 1174 1652 Honorius
1195 1589 1420 1667 episeopus...,
1446 1589 1576 1651 dilectis
1600 1590 1680 1650 siliis
1701 1589 1763 1650 ab·

968 1687 1035 1750 bati
1059 1691 1091 1749 S.
1108 1687 1282 1748 Generosa
1299 1686 1355 1767 (1),
1378 1688 1482 1764 priori
1505 1690 1538 1749 S.
1561 1688 1698 1749 Martini
1723 1688 1764 1747 de

969 1787 1099 1863 Campis
1114 1784 1162 1864 (2)
1175 1789 1207 1846 et
1220 1786 1348 1847 cantori
1362 1786 1619 1857 parisiensibus,
1632 1787 1695 1848 etc.

1009 1886 1088 1944 Cum
1124 1883 1232 1944 seticis
1259 1884 1428 1944 memoriae
1456 1884 1638 1945 innocentii
1666 1887 1764 1959 Papae

970 1982 1225 2059 praedecessoris
1239 1982 1345 2043 nostri
1358 1981 1477 2043 fuisset
1491 1980 1554 2041 dud
1560 1999 1613 2043 um
1628 1982 1765 2043 auribus

971 2079 1168 2151 intimatum,
1184 2079 1270 2156 quod
1287 2078 1432 2139 Erardus
1452 2078 1492 2139 de
1507 2082 1616 2140 Brena
1630 2082 1765 2142 Jerose-

971 2176 1149 2253 lpmitanas
1162 2177 1272 2252 partes
1290 2175 1430 2246 adierat,
1448 2177 1483 2237 ut
1495 2175 1560 2236 sibi
1575 2176 1712 2237 duceret
1729 2177 1762 2236 in

972 2290 1110 2335 risorem
1132 2288 1232 2334 unam
1254 2273 1294 2335 de
1319 2273 1444 2335 duabus
1463 2273 1594 2334 filiabus
1615 2274 1763 2343 Hernici,

971 2372 1135 2448 quendam
1144 2370 1766 2448 Trecensiscomitis,Plrilippnmride·

972 2469 1061 2540 licet,
1083 2469 1265 2545 procreatis
1285 2468 1324 2529 de
1344 2469 1518 2544 illegitima
1533 2470 1653 2545 copula
1666 2486 1763 2546 quam

972 2582 1047 2626 cnm
1063 2566 1130 2626 illia
1147 2563 1187 2646 (⁶)
1208 2566 1297 2641 regis
1311 2566 1591 2643 ‚ierosolymitana
1607 2567 1650 2627 ad
1668 2583 1765 2644 quam

972 2680 1111 2739 regnum
1135 2662 1320 2739 spectabat,
1349 2665 1563 2725 contraxerat
1588 2664 1677 2724 idem
1703 2680 1763 2725 co-

974 2776 1054 2832 mes,
1069 2762 1129 2821 etc.
1142 2759 1361 2839 (lidbullam
1376 2762 1592 2833 anaximeni.
1607 2763 1677 2834 108,
1689 2760 1765 2840 etc.)

1015 2857 1175 2930 Quocirca
1202 2857 1396 2920 discretioni
1412 2862 1532 2920 uestrae
1550 2876 1609 2937 per
1627 2861 1768 2936 Aposto-

974 2955 1767 3034 licascriptadistrictepraecipiendomandamus

974 3056 1147 3131 qnatenus,
1165 3070 1275 3130 quum,
1302 3054 1387 3116 sicut
1403 3054 1561 3126 creditur,
1588 3056 1655 3116 teta
1678 3056 1769 3115 illius

976 3152 1092 3213 Erardi
1116 3152 1205 3212 circa
1227 3151 1290 3213 bec
1307 3153 1457 3213 versetur
1478 3152 1627 3224 intentio,
1648 3154 1685 3214 ut
1704 3152 1768 3213 ali-

122 3263 324 3327 Djscretioni
352 3266 471 3327 vestpae
497 3280 558 3343 pop·
588 3264 770 3341 apostolica
798 3265 921 3341 scripta
976 3247 1093 3325 quihus
1107 3247 1171 3308 sibi
1182 3247 1298 3308 ascitis
1310 3247 1523 3325 complicibus
1539 3250 1570 3309 Gt
1585 3246 1770 3309 fautoribus

123 3363 332 3435 mandantes,
356 3364 519 3440 quatenus
547 3362 697 3441 partibus
719 3364 920 3434 convocatis,
977 3346 1186 3423 comparati-5,
1204 3344 1378 3423 praeiatum
1391 3346 1545 3407 comitem
1559 3346 1723 3418 molestet,
1742 3345 1769 3405 Si

124 3463 159 3523 st
170 3460 294 3523 annius
310 3460 388 3523 binc
405 3460 483 3522 inus
497 3461 687 3538 propositis,
706 3461 822 3538 ipsam,
838 3463 866 3523 si
881 3463 922 3523 us
977 3444 1090 3521 possit,
1107 3444 1141 3505 el
1152 3443 1310 3515 orenual,
1327 3443 1367 3504 ne
1379 3446 1471 3505 lena
1487 3460 1547 3505 sua
1563 3444 1703 3519 nnusns
1714 3443 1771 3504 an-

121 3560 271 3637 ipsarum
281 3559 668 3637 processeritvoluntate‚
679 3560 923 3622 sententialiter
977 3542 1054 3619 quid
1078 3540 1142 3601 Sibi
1156 3540 1339 3617 subripere»
1354 3540 1440 3602 sicut
1455 3541 1621 3617 i‘rffldaiffi'
1635 3542 1671 3603 in
1689 3542 1772 3602 insi·

122 3655 321 3719 tepmjmfig,
337 3656 786 3734 A110quppapnoseampem
801 3658 921 3719 remp.
977 3640 1040 3699 diis
1056 3637 1217 3699 latitando
1230 3660 1238 3711 ;
1259 3653 1329 3710 vos,
1353 3638 1550 3699 auctoritate
1570 3640 1684 3699 nostra
1698 3638 1771 3699 sui-

126 3756 203 3816 tntis
215 3756 283 3815 tam
295 3753 697 3830 superconsuetudinibus
710 3771 807 3831 quam
823 3770 925 3831 super
977 3736 1062 3809 fulli,
1080 3736 1110 3796 Si
1128 3752 1210 3813 ques
1226 3736 1260 3796 1¹¹
1282 3736 1466 3797 senonensi
1487 3736 1658 3812 l'1'0l'incia
1673 3737 1771 3797 inue-

124 3852 201 3913 31113
229 3851 434 3913 sufficienter
468 3851 679 3923 instructam,
715 3852 922 3928 ppaepgenteg
977 3834 1107 3903 neritis,
1131 3833 1187 3909 qui
1211 3832 1377 3909 praedictis
1401 3834 1526 3894 Eranlo
1551 3835 1584 3894 et
1609 3834 1770 3911 Pbilippae

123 3947 273 4026 partibus
283 3948 460 4010 terminum
471 3949 722 4023 competentem,
733 3965 797 4025 quo
809 3952 923 4011 nostro
978 3948 1077 4010 snper
1091 3931 1153 3991 ¹¹0⁰
1168 3931 1282 4007 inille
1296 3932 1568 4008 lll'aeSUfflliserint
1581 3932 1770 4008 impendere

124 4062 161 4107 se
188 4044 378 4122 conspectui
407 4046 625 4121 praesentent,
653 4046 796 4123 jnstam,
823 4047 940 4111 dante,
978 4029 1140 4091 auxilium
1161 4028 1215 4089 vel
1235 4028 1394 4100 fauorem,
1411 4029 1451 4089 ab
1471 4029 1662 4106 hujusmodi
1682 4046 1771 4107 prae-

126 4142 276 4214 Domine,
297 4141 496 4203 sententiam
518 4143 712 4218 recepturae.
732 4144 848 4205 Testes
867 4160 925 4205 au·
978 4126 1164 4203 simillime
1191 4141 1336 4197 cessare,
1366 4127 1590 4203 ablssllfliifflw
1625 4128 1769 4197 lemnia.

127 4242 195 4303 tem
208 4240 264 4317 qui
280 4238 414 4311 suerint,
428 4240 491 4301 etc,
513 4237 624 4301 Nullis
644 4238 765 4302 litteris
785 4241 923 4303 obstan.
979 4241 1038 4303 per
1063 4240 1239 4285 consuram
1268 4225 1526 4286 ecclesiasticam
1556 4225 1771 4301 compellatis.

124 4339 225 4411 tipus,
251 4339 313 4399 010,
328 4336 420 4410 Quod
442 4337 470 4398 si
493 4353 561 4399 non
576 4353 703 4411 omnes,
727 4341 802 4413 esc„
825 4340 860 4402 tu
885 4357 924 4403 ea
979 4322 1139 4385 veinnas
1159 4322 1247 4383 enim
1270 4323 1365 4383 malis
1381 4322 1518 4384 obviare
1532 4322 1719 4399 principiis,
1735 4338 1774 4384 ne

129 4438 235 4499 irater
260 4435 427 4513 episcope,
447 4438 510 4497 etc.
537 4437 656 4497 Datum
681 4437 827 4509 Perusii,
848 4441 925 4500 Xlll
980 4437 1038 4498 per
1051 4421 1288 4497 negligentiam
1303 4421 1393 4481 Viles
1409 4421 1552 4487 sumant»
1571 4436 1632 4481 80¹1
1648 4438 1709 4497 1¹0¹*
1725 4423 1775 4481 1¹¹·

128 4535 291 4597 kalendas
301 4533 400 4612 junii,
415 4532 626 4609 pontificatus
642 4534 749 4596 nostri
761 4551 848 4597 anno
865 4554 927 4598 uo-
980 4519 1156 4580 solentiam
1177 4518 1395 4579 invalescant.
1411 4519 1502 4588 Quod
1519 4519 1547 4578 si
1565 4535 1630 4579 nen
1648 4534 1772 4587 omnes,

127 4634 312 4697 nodecime.
338 4631 453 4703 »Quia
474 4646 554 4692 rere
578 4647 679 4709 super
711 4632 773 4694 hoc
805 4634 847 4694 ap
866 4651 925 4696 vos
980 4617 1216 4687 dentientium,
1232 4617 1558 4687 etc.batumllomae,
1574 4617 1661 4692 apud
1679 4619 1775 4678 Sanc-

127 4733 319 4794 mnndatum
332 4728 588 4807 predecessoris
604 4730 708 4791 nestri
725 4730 832 4792 medio
847 4734 928 4794 tem.
981 4718 1049 4778 tum
1065 4717 1210 4785 Petrum,
1224 4713 1332 4774 idibus
1350 4713 1544 4785 decembris,
1564 4714 1774 4791 pontificatus

127 4847 208 4908 pore
238 4829 368 4891 sublate
394 4827 570 4889 demedio
598 4843 664 4889 non
698 4830 861 4906 pervenit,
884 4847 926 4893 ne
981 4813 1184 4875 ”Osil'lflsslw
1201 4812 1318 4888 blinw-

128 4930 234 4989 m⁰lt⁰
260 4927 364 5003 il’Sius
390 4925 542 5003 θΧΡῘΙἯῑΟ
571 4925 726 4989 mandam
757 4928 928 5005 contingat
1022 4942 1064 4999 In
1084 4940 1243 4999 crcrildcm
1265 4939 1405 4996 breodune
1428 4935 1586 5011 scriptum
1614 4938 1665 4997 est
1687 4936 1776 5013 epis-

129 5025 204 5103 ΡΜ
218 5023 328 5086 debito
347 5024 513 5101 justitiam
528 5024 714 5101 immitari,
731 5024 926 5089 discretioni
982 5051 1064 5112 copo
1083 5036 1114 5095 et
1140 5033 1250 5095 abbati
1268 5032 1538 5094 Sancti-loannis
1553 5033 1587 5092 in
1608 5034 1723 5095 Vineis
1744 5032 1775 5093 et

129 5122 249 5183 restrae
278 5136 337 5198 per
361 5122 546 5198 apostolica
572 5122 697 5199 scripta
719 5122 925 5196 mandamus,
982 5134 1107 5194 decano
1129 5130 1436 5192 suessionensibus.

131 5221 294 5298 qnatenus
314 5218 348 5279 in
372 5219 489 5281 eodem
510 5220 645 5295 negotio
660 5221 758 5297 juxta
779 5222 927 5284 tenorem
1023 5232 1112 5291 item
1126 5228 1337 5290 cluniacensi
1358 5230 1390 5288 et
1412 5228 1625 5289 cisterciensi
1649 5227 1778 5289 abbati-

131 5314 336 5393 praedictum
372 5315 595 5392 appellatione
629 5316 768 5389 remota,
797 5318 928 5382 ratione
982 5328 1055 5400 bus,
1067 5330 1100 5389 et
1111 5326 1214 5405 priori
1226 5326 1265 5387 de
1277 5329 1438 5403 l'ergepo.

96 5416 99 5421 .
131 5410 253 5491 praevia
277 5411 476 5488 procedatis.
500 5414 618 5475 Datum
645 5414 812 5487 Laterani,
838 5418 928 5480 xvii
1020 5458 1061 5529 m
1081 5458 1193 5519 tiranii.

131 5508 293 5573 kalendas
306 5509 469 5585 januarii,
486 5511 700 5587 pontificatus
719 5513 824 5575 nostri
841 5530 928 5577 anno
1020 5536 1063 5609 (ii
1082 5530 1195 5590 tostini.

133 5604 250 5684 primo,
1020 5608 1055 5683 (·)
1077 5600 1208 5661 isabella.
