3802 6166
182 245 244 306 427
745 240 922 305 HONORH
946 240 1073 303 PAPAE
1094 244 1139 305 111
1159 244 1269 305 vire.
1773 247 1833 307 428

181 404 261 464 Erat
277 402 347 465 tum
364 416 480 464 eorum
503 399 678 478 episcopus
698 399 984 475 Uldaricus,1tio-
1037 400 1131 480 impii
1156 401 1307 465 homiues
1335 402 1371 463 iu
1400 401 1496 465 illum
1522 404 1758 481 conspirarunt
1772 402 1850 487 (3).,

182 501 272 577 paldi
301 500 476 577 Bergensis
503 499 633 560 comitis
659 498 765 573 illius3
790 498 819 560 is
842 514 982 576 proauo
1036 500 1217 578 Propterea
1232 501 1399 562 Honorius
1418 500 1459 562 de
1472 503 1544 578 ejus
1555 518 1636 563 nece
1647 501 1836 565 habendam

183 614 333 669 munere,
346 599 382 658 ut
395 613 464 658 rem
474 612 603 658 omnem
620 595 818 667 absolveret,
836 596 982 659 Pataviae
1037 598 1252 674 quaestionem
1267 599 1408 671 censuit,
1424 601 1628 676 Romamque
1643 617 1746 677 usque
1761 602 1834 662 tes-

183 697 366 772 cogeudum
382 694 543 771 synodum
557 694 696 765 curavit,
715 694 768 754 cui
783 693 982 770 Apostolicae
1036 695 1086 755 tes
1102 695 1268 770 proficisci
1278 696 1391 772 jussit,
1403 697 1440 757 ut
1452 696 1674 774 liberiusquae
1685 701 1835 772 nossent,

186 792 280 854 Sedis
300 792 401 868 legati
428 790 659 869 praesiderunt,
688 791 921 869 decretumque
946 793 982 852 in
1037 795 1243 869 exponerent
1254 791 1313 873 (4).

183 905 222 952 ea
238 891 297 961 est,
316 891 352 953 ut
375 890 522 951 omnium
547 890 713 950 lructuum
736 889 896 951 vicesima
915 893 983 951 Ro-
1076 889 1288 965 Fungebatur
1311 892 1421 953 autern
1441 891 1511 953 tum
1527 892 1718 968 apostolicae
1740 893 1837 954 Sedis

182 1006 269 1051 mam
297 1004 355 1067 per
381 987 562 1049 triennium
587 987 782 1060 afferretur,
806 988 981 1065 quodcum
1037 988 1169 1048 nomine
1197 988 1233 1049 iu
1266 990 1443 1050 Germania
1469 989 1635 1066 legatione
1663 992 1835 1053 conradus

182 1086 383 1149 absolvisset
416 1085 676 1164 perfecissetque
713 1085 888 1163 episcopus
911 1087 982 1163 ipse
1035 1086 1204 1161 Egimonis
1227 1086 1421 1148 Portueusis
1445 1087 1621 1164 episcopus
1640 1088 1835 1149 cardinalis.

181 1200 312 1263 qnoque
336 1183 540 1245 militaturus
565 1186 632 1244 Deo
656 1184 692 1243 in
704 1183 917 1245 Palaestinam
932 1184 983 1244 est
1038 1185 1068 1243 ls
1087 1183 1190 1258 igitur
1212 1183 1299 1259 apud
1319 1184 1523 1259 Maguutiam
1544 1185 1658 1246 coacta
1672 1185 1836 1263 trequen-

182 1282 349 1360 prolectus
375 1280 537 1360 (metrop.
556 1284 689 1350 salisb„
707 1281 823 1343 Patav.
838 1284 897 1359 Hp.
913 1279 980 1359 41.)
1037 1280 1164 1341 tissima
1193 1279 1330 1357 syuodo,
1361 1297 1472 1342 coram
1501 1281 1656 1343 Patribus
1681 1283 1835 1344 omuibus

221 1383 407 1457 Tergeusee
430 1395 559 1456 quoque
575 1379 776 1440 monasterio
789 1378 824 1439 iu
839 1379 982 1441 Bavaria
1037 1393 1150 1439 necem
1159 1378 1271 1439 Sancti
1282 1379 1428 1456 episcopi
1436 1379 1623 1455 Hugelberti
1631 1381 1835 1456 deploravit3

183 1494 257 1539 cum
273 1477 324 1538 illi
338 1477 533 1554 praesideret
547 1476 676 1537 abbatis
693 1477 790 1538 titulo
805 1478 980 1551 Esuriens,
1037 1476 1243 1554 quemetiam
1256 1477 1429 1553 postquam
1444 1477 1557 1539 multis
1567 1479 1728 1540 encomiis
1743 1493 1838 1553 pero·

183 1575 224 1637 ab
240 1575 388 1636 Honorio
402 1573 503 1635 tertio
525 1574 786 1650 privilegiorum,
804 1591 877 1652 quae
893 1591 983 1651 proe-
1036 1589 1118 1635 raus
1128 1573 1400 1646 commendasset,
1416 1575 1550 1636 taudem
1565 1576 1600 1635 iu
1622 1575 1837 1636 Fredericum

183 1673 373 1735 decessores
401 1671 578 1733 Pontifices
614 1672 871 1744 concessissent,
902 1689 984 1733 con·
1037 1672 1189 1733 comitem
1213 1672 1351 1732 sceleris
1376 1673 1545 1733 auctorem
1565 1672 1743 1733 anathema
1759 1689 1839 1750 pro-

183 1771 404 1832 firmationem
431 1769 595 1831 exaravit.
625 1768 787 1850 (metrop.
803 1772 922 1835 Sattsb.
946 1770 982 1830 in
1037 1769 1213 1829 nuntiavit.
1240 1769 1303 1831 Sed
1330 1770 1363 1831 et
1391 1770 1426 1830 iu
1450 1770 1638 1847 complices,
1659 1771 1835 1831 conscios-

183 1871 370 1944 Tergensee
386 1866 615 1943 monasterio.)
1038 1883 1100 1944 que
1127 1883 1251 1938 omnes,
1278 1883 1317 1928 ac
1343 1867 1477 1945 eosqui
1504 1867 1570 1927 illis
1591 1869 1649 1928 aut
1677 1868 1835 1945 deinceps

224 1967 334 2028 Bremi
347 1981 487 2043 quoqne,
502 1964 671 2027 obsidibus
684 1965 781 2036 datis,
798 1964 984 2041 desponde·
1038 1965 1106 2024 ullo
1130 1964 1264 2027 nomine
1289 1966 1581 2037 communicarent,
1594 1965 1764 2043 jussitque
1777 1981 1835 2043 per

181 2066 261 2125 runt
300 2080 335 2125 se
373 2064 408 2124 iu
444 2064 508 2124 ilde
536 2064 569 2125 et
602 2062 788 2125 obedientia
824 2064 982 2125 Romanae
1038 2077 1151 2124 omues
1165 2078 1235 2125 suae
1254 2063 1444 2139 Legationis
1471 2064 1670 2141 provincias,
1692 2065 1837 2138 Magun·

182 2162 339 2223 Ecclesiae
350 2162 508 2238 perpetuo
528 2161 667 2231 tuturos,
678 2163 822 2237 juraque
833 2160 982 2237 ejusdem
1037 2160 1141 2221 tinam
1163 2160 1300 2232 scilicet,
1322 2161 1563 2231 coloniensem,
1584 2164 1832 2234 Treverensem,

181 2258 339 2320 Ecclesiae
354 2258 508 2320 omnibus
524 2259 611 2319 ulnis
624 2257 852 2334 amplexantes
868 2273 984 2318 serva·
1038 2261 1259 2330 Bremensem,
1276 2274 1316 2319 ac
1326 2258 1655 2335 Magdehurgeusem,
1673 2260 1709 2320 ut
1720 2260 1835 2320 Eccle-

181 2357 287 2430 turos,
304 2358 416 2434 utpote
438 2373 521 2434 quas
543 2355 673 2432 maguis
697 2355 812 2417 eadem
832 2357 982 2418 Romana
1038 2356 1098 2417 siis
1111 2355 1264 2418 omnibus
1279 2356 1450 2417 Dominica
1465 2356 1684 2432 qualibetdie,
1698 2356 1836 2419 lmuini-

183 2455 284 2516 Sedes
290 2457 368 2516 tuuc
377 2470 506 2532 quoque
514 2469 631 2516 recens
641 2452 799 2515 affecerat
811 2452 982 2515 beneficiis
1038 2453 1098 2514 bus
1109 2453 1143 2514 iu
1156 2453 1408 2516 detestationem
1418 2454 1556 2515 sceleris
1569 2454 1736 2525 extinctis
1752 2469 1836 2515 aua-

179 2549 412 2631 .(Joaunetus).
1037 2550 1148 2614 thema
1170 2551 1291 2629 ubique
1318 2552 1541 2627 evulgaretur.
1567 2553 1605 2611 ln
1632 2551 1707 2629 ipsa
1732 2552 1836 2627 igitur

223 2650 436 2712 colonienses
447 2649 546 2709 rebus
557 2649 710 2726 plurimis
721 2647 869 2709 Honorio
884 2647 984 2709 obse-
1037 2649 1162 2726 syuodo
1183 2651 1340 2711 exoratus
1353 2653 1405 2710 est
1419 2650 1572 2725 Legatus,
1587 2650 1624 2711 ut
1637 2650 1837 2713 Theoderici

182 2747 250 2809 euti
266 2747 364 2821 sunt3
388 2747 502 2824 ejectis
523 2747 611 2807 enim
629 2745 816 2824 apostolica
832 2744 981 2807 auctori·
1037 2745 1308 2807 monasteriensis
1319 2747 1477 2823 episcopi,
1492 2751 1524 2808 et
1540 2745 1835 2823 Engelbertielecti

183 2845 250 2905 tate
266 2846 334 2905 tum
349 2844 566 2915 Theoderico,
580 2844 649 2904 tum
671 2843 822 2919 anulpho
842 2843 981 2903 intrusis
1037 2842 1301 2919 osnaburgensis
1311 2859 1545 2919 germanorum
1559 2844 1697 2905 fratrum
1711 2843 1834 2905 Fride-

183 2942 455 3018 archiepiscopis,
472 2958 573 3018 quum
591 2940 641 3020 (ut
658 2941 692 3001 in
717 2940 909 3001 Innocentio
924 2940 980 3000 di·
1036 2941 1099 3002 rici
1114 2941 1245 3003 comitis
1254 2941 1429 3017 parricide
1441 2940 1559 3003 litterae
1568 2941 1834 3003 admitterentur.

183 3038 309 3119 ximus)
336 3038 569 3117 Engelbertum
604 3039 799 3113 elegissent,
827 3037 980 3099 defuncto
1036 3038 1260 3100 Theodericus
1275 3039 1396 3100 etenim
1412 3040 1628 3115 purgaturum
1644 3055 1680 3100 se
1703 3041 1837 3100 tantoe

185 3137 388 3209 Innocentio,
415 3137 583 3199 Honorius
609 3134 894 3198 confirmationem
921 3133 983 3195 ad·
1037 3137 1163 3197 scelere
1173 3136 1430 3198 contestabatur.
1442 3135 1659 3212 Hugelbertus
1673 3152 1753 3199 vero
1767 3153 1835 3198 nou

184 3235 286 3309 misit,
308 3235 501 3313 apostolica
520 3235 686 3311 legatione
705 3234 862 3310 fringente
883 3234 981 3295 Petro
1036 3235 1134 3296 modo
1149 3249 1185 3295 se
1200 3234 1339 3296 crimine
1362 3233 1420 3294 ille
1441 3234 1618 3296 immunem
1636 3249 1710 3294 esse
1736 3233 1835 3295 aldr-

184 3336 313 3395 Sauctae
326 3334 543 3396 Pudentiauae
563 3332 726 3394 cardinali
737 3330 824 3408 apud
837 3332 983 3393 Nurem-
1037 3332 1158 3405 mabat,
1184 3333 1264 3409 quin
1290 3347 1326 3392 se
1352 3332 1387 3393 in
1414 3330 1604 3409 episcopum
1631 3332 1834 3404 consecrari,

182 3429 334 3508 burgum,
365 3431 421 3493 uhi
447 3431 635 3493 Fridericus
656 3430 840 3506 imperator
867 3428 981 3490 habito
1036 3430 1220 3508 apostolica
1235 3429 1431 3492 auctoritate
1446 3430 1546 3491 etiam
1562 3429 1710 3505 rogabat.
1727 3432 1839 3505 Lega-

182 3530 367 3607 priucipum
392 3530 568 3601 conventu,
590 3527 780 3607 hujusmodi
804 3526 983 3588 conflrma—
1036 3529 1088 3591 lus
1102 3532 1197 3606 cujiis
1217 3545 1282 3591 nou
1298 3544 1400 3606 parva
1421 3530 1495 3590 erat
1519 3528 1555 3588 iu
1576 3528 1675 3590 rebus
1696 3528 1837 3603 agendis

181 3625 981 3706 tionempostularat(1).Hngelbertusitaqueprae
1037 3627 1198 3699 sollertia,
1222 3626 1423 3704 perbenigne
1449 3626 1631 3702 respondit,
1655 3624 1696 3685 ad
1718 3625 1837 3701 ignos-

181 3724 480 3791 eaeteris.omnibus
494 3724 681 3786 Germaniae
696 3722 861 3800 episcopis
875 3727 983 3799 Apos—
1037 3726 1176 3787 cendum
1190 3724 1286 3786 valde
1310 3740 1346 3785 se
1361 3740 1492 3801 semper
1506 3723 1610 3784 luisse
1623 3739 1836 3800 propensum,

182 3823 290 3885 tolieae
316 3822 411 3885 Sedis
435 3822 498 3884 luit
520 3823 732 3886 memoratus
760 3821 844 3881 Nam
862 3821 982 3897 praeter
1037 3838 1076 3883 ac
1108 3822 1206 3897 longe
1238 3822 1355 3897 magis,
1393 3838 1491 3899 quarn
1522 3821 1563 3882 ad
1588 3821 1836 3895 damnandum;

182 3919 215 3980 id
245 3921 330 3996 quod
355 3920 390 3980 in
417 3920 521 3980 arduo
547 3918 720 3981 electionis
753 3917 981 3995 praepositurae
1036 3917 1249 3998 quamebrem
1263 3934 1329 3978 uon
1341 3917 1487 3978 abnuere
1503 3919 1539 3979 ut
1552 3917 1620 3978 illis
1633 3917 1703 3978 dies
1723 3916 1838 3995 praefl-

184 4017 295 4079 Sancti
312 4016 482 4078 cuniberti
496 4017 640 4091 negotio,
653 4031 719 4077 non
734 4016 785 4077 est
796 4030 898 4076 ausus
912 4029 981 4074 suae
1036 4018 1143 4092 gatur,
1155 4032 1219 4093 qua
1233 4016 1438 4092 purgationis
1452 4015 1612 4077 beneficio
1625 4015 1674 4076 uti
1683 4015 1834 4091 possent:

182 4112 281 4173 inuiti
297 4113 482 4189 prudentiae
503 4114 561 4174 aut
582 4112 794 4187 auctoritati;
822 4113 980 4174 Romanae
1037 4115 1286 4191 expectaturum
1297 4114 1399 4174 eosiu
1415 4113 1590 4174 Leodieusi
1603 4113 1757 4184 coneilio,
1771 4129 1835 4191 quc

184 4210 279 4271 Sedis
303 4209 465 4293 judicium
499 4209 686 4271 adeundum
715 4225 790 4270 esse
823 4207 978 4278 decrevit,
1037 4211 1227 4289 propediem
1242 4210 1449 4287 prolecturus
1460 4212 1557 4272 esset.
1574 4211 1616 4271 Hi
1632 4210 1734 4286 igitur
1749 4213 1837 4272 Leo-

182 4310 277 4386 cujus
292 4308 406 4384 postea
419 4308 616 4370 auctoritate
637 4323 691 4369 res
707 4306 814 4368 omnis
830 4305 981 4368 absoluta
1036 4310 1126 4370 dium
1155 4308 1305 4386 proiecti,
1333 4309 1390 4370 sed
1419 4309 1524 4370 irritis
1546 4307 1730 4380 conatibus,
1761 4325 1837 4369 cum

182 4408 232 4469 est
243 4404 302 4484 (2).
319 4405 424 4466 Tanta
438 4406 624 4467 constantia
636 4406 746 4483 itaque
758 4405 856 4466 tidem
871 4403 982 4464 Ponti·
1036 4406 1127 4467 uullo
1139 4406 1295 4482 legitimae
1305 4405 1640 4482 purgationisgenere
1649 4407 1835 4478 uterentur,

182 4504 265 4576 licis,
287 4504 320 4566 et
340 4503 576 4564 ecclesiasticae
599 4502 763 4563 libertatis
779 4501 915 4563 tutelam
930 4501 981 4561 te·
1036 4520 1147 4565 coram
1159 4504 1207 4565 tot
1215 4502 1380 4575 Patribus,
1393 4502 1706 4569 ibiconsideutibus,
1719 4504 1837 4578 Legati

181 4603 254 4664 uuit
277 4604 313 4663 ut
338 4601 438 4663 etiam
464 4600 556 4662 velut
576 4599 688 4660 divino
709 4599 803 4670 nutu,
820 4598 980 4677 martyrio
1032 4604 1130 4678 jussu
1145 4602 1186 4663 ad
1199 4601 1382 4663 Honorium
1407 4600 1600 4662 l’ontiticem
1615 4601 1731 4678 rejecti
1747 4602 1835 4673 sunt,

182 4700 313 4776 dignus,
327 4698 368 4761 ab
383 4698 495 4775 impiis
511 4696 700 4758 homiuibus
716 4695 817 4757 suerit
831 4695 978 4769 occisus3
1036 4699 1071 4759 in
1098 4698 1170 4761 haee
1191 4699 1292 4761 verba
1312 4714 1424 4760 eoram
1448 4698 1538 4759 omni
1558 4698 1683 4775 syuodo
1705 4699 1837 4775 prolata

183 4801 278 4874 qu'us
289 4813 403 4859 necem
417 4813 517 4873 quum
528 4794 696 4857 Honorius
711 4793 905 4870 accepisset,
923 4792 982 4852 da·
1036 4796 1213 4858 sententia.
1231 4796 1384 4857 Examini
1400 4797 1521 4867 vestre,
1545 4797 1684 4856 Domine
1709 4795 1837 4857 Honori

181 4895 266 4956 tiens
288 4896 414 4956 dixisse
434 4894 538 4957 lertur
555 4911 562 4955 :
580 4892 737 4955 Germani
763 4907 888 4963 omues,
914 4892 982 4953 liu-
1036 4893 1201 4965 Pontifex,
1215 4893 1389 4968 dirigimus
1400 4894 1461 4954 hos
1476 4893 1558 4954 duos
1572 4895 1745 4970 episcopos
1755 4910 1836 4970 gra-

181 4993 321 5069 gelberti
335 4993 499 5069 exemp10,
514 4991 731 5070 apostolicam
747 4989 865 5052 Sedem
884 5004 983 5049 vere·
1035 4991 1121 5055 viter
1135 4991 1176 5052 de
1191 4991 1321 5053 Domini
1333 4990 1521 5066 Hugelberti
1534 5007 1616 5052 nece
1631 4991 1834 5054 diffamatos.

181 5089 302 5151 bantur
344 5112 350 5150 :
395 5089 436 5151 ob
469 5106 632 5150 sumniam
668 5088 757 5149 euim
793 5088 865 5163 ejus
901 5102 981 5163 erga
1037 5089 1201 5150 Caesarius
1216 5087 1309 5160 ibid,
1327 5088 1372 5148 lib
1386 5089 1416 5148 ll
1431 5103 1503 5164 cap.
1522 5090 1570 5148 12.

183 5191 368 5251 Romanum
382 5188 576 5248 Pontillcem
592 5186 689 5247 tidem
709 5201 749 5248 ae
761 5183 981 5247 constantiam
1076 5189 1223 5249 Fuerant
1241 5186 1354 5269 itaque
1375 5186 1410 5246 iu
1435 5186 1505 5246 suis
1530 5185 1703 5247 ordinibus
1726 5186 1837 5263 digni-

218 5373 259 5445 (t)
276 5370 412 5429 'trithem
430 5372 567 5441 hirsaug.
585 5372 701 5439 chron„
725 5370 865 5430 Caesarius
879 5385 979 5430 men-a·
1036 5370 1090 5430 col.
1104 5372 1174 5442 1853
1189 5372 1276 5443 Greg.
1289 5372 1341 5438 lx,
1357 5368 1405 5427 lib.
1419 5371 1441 5438 l,
1456 5371 1499 5426 tit.
1515 5370 1558 5427 td.

182 5445 254 5503 chus
275 5445 304 5500 in
324 5443 389 5500 Vita
413 5443 441 5498 S.
459 5443 630 5513 anetberti,
651 5458 676 5500 c.
699 5443 733 5513 t;
758 5442 833 5516 upud
857 5444 980 5512 Surium,
1073 5444 1102 5513 (3
1129 5444 1268 5502 Caesarius
1283 5441 1441 5498 monachus
1458 5443 1485 5497 in
1499 5440 1561 5514 ejus
1579 5441 1654 5509 Vita,
1674 5443 1742 5499 e.8.

181 5517 294 5586 temti,
309 5513 449 5572 Novemb.
1073 5515 1102 5590 (l
1130 5515 1270 5575 ensurius
1280 5515 1309 5570 in
1325 5512 1454 5586 ejusdem
1469 5514 1544 5582 litu,
1560 5512 1608 5569 hb.
1622 5513 1659 5583 ll,
1675 5527 1701 5568 c.
1719 5514 1745 5571 7.

223 5589 264 5663 (²)
280 5584 321 5647 Ci.
338 5599 417 5658 supr.
434 5583 540 5652 Quinto
556 5584 680 5655 recapit,
696 5583 743 5641 lib.
760 5587 783 5654 l,
801 5584 841 5643 tit.
854 5583 898 5657 tl,
910 5598 936 5641 c.
955 5582 982 5654 l,
