3802 6166
106 367 168 429 279
291 426 294 431 ,
568 361 744 423 HONORII
767 361 812 421 111
833 361 982 423 OPERA.
998 388 1037 405 ···
1052 358 1286 423 SERMONES.
1692 357 1754 418 280

109 526 264 589 bmntncs
285 522 436 587 ntortcm
460 521 494 583 ct
514 535 584 583 iton
614 520 792 584 invenient
824 534 902 583 eom
955 534 1047 581 aram
1063 518 1182 592 crucis,
1199 518 1285 580 sicut
1303 516 1376 595 ipse
1390 515 1437 578 alt
1455 517 1564 577 :Cum
1578 515 1755 576 excitatus

109 623 145 687 ct
169 621 306 696 cupiam
331 622 441 693 niori,
470 618 505 681 et
529 619 640 695 stactei
660 634 758 681 naurs
782 621 825 680 ab
852 621 903 681 ets
955 619 1087 692 ttccroo
1101 618 1211 688 terra,
1231 615 1499 677 omriictrabom
1512 615 1557 673 cd
1570 627 1626 673 mc
1640 615 1756 687 ipsum

110 715 227 797 (Apoc.
256 734 303 790 rx,
329 716 374 796 6).
403 719 449 778 De
475 732 540 793 qua
565 718 670 778 morte
695 716 817 777 dicitur
845 731 903 792 per
957 712 1066 792 (ioan.
1081 729 1144 782 ιιι,
1163 713 1229 791 32),
1245 713 1340 783 idest,
1358 727 1432 773 cum
1451 710 1617 771 exaltatus
1639 712 1672 771 et
1687 711 1757 771 ele-

110 816 321 878 Psalmistam
347 836 354 873 ε
382 816 480 876 Mors
505 815 728 887 pcccatorum
748 817 903 888 pessima
957 813 1053 872 ratus
1068 810 1161 872 tuero
1181 811 1216 871 in
1229 825 1338 882 cruce,
1354 809 1464 871 omnia
1479 808 1609 868 traham
1632 807 1754 880 adme,

110 914 163 975 cst
178 912 247 991 (Ps.
263 914 313 984 33,
327 911 393 992 22).
403 914 493 973 Mors
508 911 597 974 enim
613 912 823 987 peccatorum
835 925 902 971 uon
958 907 1091 985 quiade
1115 907 1229 969 electis
1245 907 1330 983 apud
1353 906 1479 967 inferos
1504 904 1632 964 nullum
1651 905 1758 965 relin-

110 1010 237 1072 tantum
253 1009 340 1071 mala
359 1009 415 1070 sed
434 1008 577 1086 pessima
590 1023 663 1069 esse
678 1008 809 1075 dicitur,
826 1007 903 1085 quia
959 1022 1068 1083 quam.
1086 1007 1122 1066 In
1139 1003 1291 1066 omnibus
1303 1002 1459 1065 membris
1474 1002 1544 1062 suis
1561 1018 1680 1078 passus
1694 1005 1755 1073 est,

111 1108 318 1184 peccatorem
331 1107 420 1184 rapit
434 1106 475 1167 a‘d
488 1106 758 1183 gebennam,etsi
773 1106 808 1166 in
824 1104 905 1167 divi·
959 1104 995 1164 ut
1018 1103 1133 1165 nostra
1157 1117 1234 1163 ossa
1255 1101 1441 1178 repararet,
1468 1101 1501 1161 et
1523 1099 1557 1160 in
1580 1100 1622 1160 iis
1644 1101 1757 1161 tamen

111 1204 168 1267 tiis
178 1206 212 1265 et
226 1203 381 1266 odoribus
396 1205 430 1266 et
445 1205 598 1266 lamentis
609 1203 780 1265 bominum
802 1202 904 1263 tinia-
959 1199 1112 1262 omnibus
1127 1201 1263 1277 peccata
1278 1199 1403 1269 nostra,
1421 1198 1516 1268 idest,
1533 1211 1663 1274 poenam
1680 1213 1759 1273 pec-

110 1301 177 1365 tur.
190 1304 235 1363 Ea
247 1318 389 1380 namque
401 1303 505 1364 morte
520 1302 617 1362 simul
631 1301 772 1362 moritur
786 1314 904 1377 corpus
959 1299 1108 1360 catorum
1123 1298 1313 1359 nostrorum
1328 1295 1464 1373 pertulit
1483 1294 1669 1371 incorpore
1684 1311 1756 1355 suo.

111 1401 145 1462 et
157 1400 281 1469 anima,
297 1416 364 1461 non
379 1399 603 1463 essentialiter
615 1399 770 1461 amittens
789 1397 902 1470 vitam,
959 1397 1045 1457 Natu
1066 1395 1138 1471 ipse
1151 1395 1323 1470 ingressus
1343 1393 1393 1454 est
1413 1392 1571 1454 mundum
1594 1392 1666 1453 sine
1686 1408 1759 1452 ma·

112 1497 171 1558 sed
196 1497 273 1559 vitae
302 1496 551 1558 beatitudinem.
580 1496 675 1558 Unde
700 1496 903 1571 Gregorius:
960 1492 1046 1565 cula,
1071 1494 1104 1554 et
1125 1492 1295 1569 peccatum
1318 1506 1384 1551 non
1409 1489 1497 1559 iecit,
1523 1491 1758 1551 necinventus

112 1612 131 1654 c
146 1594 265 1655 Anima
273 1594 345 1655 illic
355 1594 649 1671 positanonperdit
661 1609 745 1665 esse,
758 1593 815 1654 sed
829 1608 906 1670 per-
960 1591 1011 1652 est
1024 1590 1119 1651 dolus
1132 1590 1167 1650 in
1183 1605 1242 1651 ore
1253 1592 1336 1666 ejus.
1354 1587 1447 1650 Unde
1461 1586 1679 1649 benedictum
1696 1588 1757 1659 est,

113 1691 162 1752 dit
180 1707 254 1752 esse
275 1690 416 1753 beatam.
432 1708 451 1752 n
465 1690 558 1753 Unde
568 1691 732 1754 ieremias
749 1712 756 1750 :
773 1693 906 1764 Duplici
960 1688 1038 1766 quia
1060 1687 1100 1749 de
1123 1687 1237 1749 electis
1266 1687 1353 1763 apud
1379 1684 1504 1746 interos
1527 1684 1656 1746 nullum
1677 1685 1760 1746 reli-

113 1788 467 1855 ccatritioneccnicrc
481 1790 812 1860 cos,DomineDczcs
825 1801 906 1848 nos·
961 1786 1042 1863 quit.
1078 1785 1171 1847 Unde
1204 1784 1326 1847 dicitur
1364 1799 1422 1860 per
1454 1782 1721 1845 Ecclesiasticum
1750 1805 1757 1842 :

114 1882 316 1962 ter(ierem.
332 1901 416 1957 xvu,
430 1884 493 1965 18).
509 1883 716 1946 Undeiacile
736 1884 905 1960 probatur,
961 1884 1156 1946 Pcnctcabo
1176 1887 1214 1944 in
1236 1885 1423 1956 triferiorcs
1441 1882 1562 1954 partes
1593 1882 1701 1942 tcrrae
1726 1883 1759 1942 et

113 1981 201 2059 quod
217 1983 404 2044 sinemorte
423 1983 595 2053 moriatur,
614 1982 686 2042 sine
701 1981 831 2042 delectu
844 1982 906 2042 de·
961 1984 1143 2055 inspiciam
1163 1995 1282 2041 orienes
1302 1979 1512 2040 domnicuics
1525 1977 1639 2056 (Eccli.
1664 1994 1759 2050 xxrr,

114 2078 215 2151 ficiat,
240 2079 313 2142 siue
338 2080 403 2141 fine
430 2079 576 2152 liniatur,
605 2080 768 2156 quatenus
788 2078 832 2141 sit
857 2079 907 2139 illi
961 2078 1027 2157 45),
1051 2078 1149 2150 idest,
1176 2093 1289 2140 omues
1304 2076 1452 2153 captivos
1467 2076 1523 2153 qui
1543 2076 1702 2137 sedebant
1724 2077 1759 2136 in

114 2192 203 2239 mors
220 2177 427 2250 immortalis,
446 2176 593 2239 deiectus
608 2176 815 2248 indeficiens,
831 2176 910 2236 linis
962 2174 1106 2238 tenebris
1121 2177 1154 2237 et
1169 2175 1285 2236 umbra
1300 2175 1426 2246 mortis,
1444 2174 1529 2235 sicut
1541 2174 1621 2235 dicit
1633 2175 1760 2234 isaias:

113 2273 275 2337 infinitus.
961 2279 1114 2347 Populus
1135 2272 1200 2347 qni
1211 2274 1348 2335 scdcbct
1371 2275 1409 2332 in
1432 2272 1592 2344 tenebris,
1615 2274 1701 2334 idest
1723 2276 1760 2333 in

154 2373 275 2433 Omnes
299 2372 401 2448 igitur
434 2372 638 2449 generaliter
660 2373 693 2434 et
719 2370 909 2449 specialiter
962 2374 1110 2446 tusciaco,
1136 2372 1222 2432 vidit
1243 2375 1353 2432 iucem
1372 2384 1537 2444 magnoni
1560 2368 1617 2447 (is.
1640 2385 1687 2441 rx,
1712 2368 1762 2448 2),

113 2468 237 2544 singuli
251 2470 308 2546 qui
321 2470 510 2542 terdenam,
526 2469 621 2542 idest,
635 2469 793 2530 mundum
807 2469 907 2530 istum
962 2469 1057 2540 idest,
1079 2468 1259 2539 Christum,
1283 2468 1316 2529 et
1329 2466 1532 2527 illuminarit
1546 2483 1663 2529 omnes
1684 2483 1761 2544 spe-

114 2565 289 2628 transituri
309 2567 396 2639 suut,
419 2567 586 2628 aeditlcare
607 2567 712 2628 altaro
736 2567 907 2627 Dominoa
962 2568 1075 2628 rantes
1092 2566 1127 2627 iu
1144 2568 1223 2637 ileo,
1240 2565 1335 2637 idest,
1352 2580 1466 2626 omnes
1482 2564 1595 2625 fideles
1615 2565 1671 2642 qui
1686 2564 1761 2625 tue-

114 2663 280 2739 Propbeta
291 2667 389 2741 iussu
404 2664 535 2726 Domini
550 2664 781 2726 admonentur.
798 2664 907 2735 Quiu—
961 2666 1040 2725 runt
1053 2662 1095 2726 ab
1107 2664 1205 2725 initio
1216 2663 1329 2723 mundi
1343 2663 1376 2724 et
1390 2661 1549 2739 usquead
1563 2662 1759 2723 descensum

114 2777 177 2838 pire
188 2777 313 2837 genera
323 2763 480 2824 altarium
492 2761 595 2823 luisse
606 2763 642 2823 in
652 2762 757 2823 veteri
767 2761 908 2837 legimus
962 2762 1073 2839 ipsius.
1093 2761 1134 2821 ad
1164 2760 1301 2831 inferos,
1327 2760 1414 2821 sicut
1438 2760 1560 2835 legitur
1585 2760 1621 2820 in
1647 2763 1760 2820 Eran-

113 2859 333 2922 Testamento.
364 2861 513 2921 Primum
539 2876 645 2936 genus
668 2859 730 2920 run
748 2860 910 2932 terreum,
962 2859 1049 2935 gello
1064 2880 1071 2919 :
1087 2859 1198 2920 iliata
1209 2872 1356 2931 corporo
1369 2858 1576 2919 sanctorum
1590 2874 1666 2931 oruc
1679 2861 1762 2919 dor-

113 2955 908 3034 dequopraccepitDomiuusfiliislsrael:Altcre
962 2956 1114 3017 micrcui
1152 2955 1405 3023 attrectarunt,
1448 2955 1482 3016 et
1522 2955 1693 3015 ocricrunt
1724 2958 1761 3044 ia

112 3056 155 3115 dc
170 3055 512 3130 terrefacictismibi
528 3054 602 3133 (Ex.
617 3070 676 3121 xx,
692 3053 758 3133 24).
782 3056 909 3115 Secun-
961 3054 1120 3117 scisciam
1146 3053 1341 3123 civitatem,
1376 3052 1476 3122 idest,
1503 3052 1700 3124 Jerusalem,
1727 3053 1761 3113 et

113 3149 190 3210 dum
206 3150 365 3227 ligneum,
380 3152 467 3213 sicut
479 3151 603 3226 legitur
616 3151 650 3212 in
667 3151 780 3214 Exodo
795 3151 910 3211 Domi·
962 3150 1203 3225 apparuerunt
1216 3151 1334 3211 inuitis
1351 3148 1482 3227 (Matth.
1502 3165 1608 3218 xxvn,
1633 3147 1699 3228 52).
1723 3150 1762 3210 Et

113 3263 177 3308 uus
195 3249 395 3325 praecepisse
415 3249 522 3326 Moysi
539 3270 546 3308 :
563 3266 581 3307 c
598 3248 715 3310 Facies
739 3248 845 3310 altare
867 3247 908 3308 de
963 3247 1142 3309 Zacharias
1177 3268 1184 3307 :
1213 3250 1255 3308 In
1287 3251 1456 3323 sciiprcinc
1485 3248 1683 3309 testamenti
1711 3249 1762 3308 tui

114 3345 205 3421 ligno
222 3347 347 3408 sethim
360 3362 427 3407 uon
441 3346 584 3407 solidum
606 3346 664 3407 sed
678 3345 779 3407 inane
792 3345 824 3408 et
844 3360 908 3406 va·
963 3345 1115 3406 adiecisti
1137 3344 1269 3406 cinctos
1290 3347 1331 3405 dc
1354 3350 1428 3406 tacu
1450 3347 1488 3406 in
1511 3359 1577 3418 quc
1594 3360 1664 3406 non
1685 3344 1762 3406 crat

114 3457 212 3503 cuum
228 3442 439 3515 intrinsecus,
456 3459 517 3521 per
527 3446 622 3521 quus
639 3444 782 3521 quatuor
797 3458 909 3519 augu-
962 3458 1054 3516 ccrcc
1068 3441 1181 3519 (zach.
1197 3457 1244 3513 rx,
1262 3440 1331 3520 11).
1344 3442 1445 3513 Quasi
1460 3441 1567 3503 dicat:
1580 3444 1605 3503 0
1619 3443 1759 3515 Christe,

113 3539 164 3602 los
187 3543 285 3602 erunt
305 3544 446 3618 quatuor
465 3540 591 3617 anguli,
609 3540 777 3619 faciesque
796 3541 908 3602 vectes
964 3542 1000 3601 tu
1028 3539 1134 3601 effuso
1166 3540 1327 3616 sanguine
1353 3542 1410 3600 tuo
1439 3539 1474 3599 iu
1501 3539 1762 3616 redemptionem

114 3639 148 3700 et
168 3638 268 3700 duces
291 3655 352 3716 per
366 3639 521 3711 circulos,
547 3640 709 3716 eruntque
730 3640 840 3700 vectes
866 3653 908 3698 ex
963 3638 1184 3712 peccatorum,
1201 3636 1257 3713 qui
1270 3636 1391 3698 dicitur
1407 3637 1544 3711 sanguis
1559 3637 1759 3710 testamenii,

113 3737 253 3814 utroque
266 3737 551 3799 altarislateread
568 3736 812 3813 portandum.»
833 3737 910 3797 Ter·
963 3748 1023 3810 pro
1046 3750 1086 3795 eo
1111 3734 1197 3811 quod
1213 3734 1248 3794 in
1272 3734 1344 3810 ipso
1371 3749 1492 3794 novum
1514 3736 1761 3796 Testamentum

113 3832 197 3893 tium
213 3834 355 3910 lapidem
370 3833 411 3894 de
426 3849 490 3910 quo
510 3833 668 3909 praecepit
690 3835 815 3895 Josue:
846 3836 909 3893 Vos
963 3831 1177 3902 consecrasti,
1195 3831 1340 3892 eduxisti
1355 3831 1484 3892 vinctos
1497 3831 1537 3892 de
1559 3831 1646 3902 lacu,
1664 3833 1760 3903 idest,

113 3933 172 4004 qui
200 3931 388 3992 transii-uri
408 3932 492 3992 estis
516 3933 719 4002 Iordanem,
742 3930 909 4001 cediticcic
963 3928 1096 4004 eosqui
1121 3928 1218 3990 erant
1240 3927 1453 3997 intenebris,
1479 3927 1514 3989 in
1538 3929 1688 4000 interno,
1704 3929 1764 3990 ob·

113 4027 225 4088 aitcre
246 4030 392 4088 Doiitino
413 4029 454 4087 de
474 4029 652 4101 lapid-ibas,
668 4041 752 4100 quos
772 4028 910 4100 sciram
964 4024 1056 4085 noxii
1080 4026 1216 4101 peccato
1239 4024 1406 4101 originali.
1433 4027 1482 4085 De
1503 4025 1590 4093 lacu,
1615 4026 1702 4087 idest
1723 4027 1763 4086 de

113 4138 183 4185 icon
211 4124 324 4199 iciipit
346 4121 454 4201 (Deut.
487 4138 594 4191 xxvu,
617 4126 646 4195 4,
676 4121 721 4202 5).
751 4123 909 4193 Quartum
964 4120 1106 4193 interno,
1123 4121 1158 4180 in
1173 4137 1238 4197 quo
1253 4137 1320 4182 non
1338 4124 1411 4183 erat
1431 4138 1529 4199 aqua,
1545 4123 1642 4195 idest,
1659 4123 1761 4184 retri-

115 4235 244 4281 aeueum
260 4219 299 4281 de
319 4236 383 4296 quo
412 4220 535 4296 legitur
553 4220 588 4280 in
604 4220 907 4296 Paralipomenon:
963 4218 1091 4295 gerium
1111 4223 1181 4280 :Tu
1192 4220 1310 4279 cratem
1326 4223 1363 4281 iu
1375 4224 1545 4295 sectatrice
1564 4221 1763 4282 tcsicmcnii

114 4317 233 4380 :litare
247 4332 382 4379 :ccccm
394 4319 483 4391 qrcod
505 4319 636 4391 iecerat
653 4320 825 4389 Solonion,
840 4332 909 4378 :ion
965 4318 1054 4377 tui...
1071 4314 1183 4393 (Zaclr.
1201 4330 1247 4387 rx,
1265 4315 1328 4396 ΙΙ).

112 4414 249 4487 poteret
270 4415 444 4476 stistincic
465 4415 660 4477 holocausta
680 4415 714 4475 ei
736 4415 909 4485 sacrificio
1006 4415 1088 4475 Sunt
1114 4413 1202 4474 enim
1227 4413 1339 4489 plures
1366 4413 1539 4489 sanguin-is
1566 4414 1758 4486 effusiones,

115 4508 161 4590 (ΙΙ
187 4514 263 4572 Par.
291 4510 412 4591 v11,7).
434 4512 589 4583 Quintum
605 4527 755 4583 aureum,
781 4511 821 4572 de
845 4525 909 4587 quo
965 4509 1762 4587 quarumprimaluitmcircumcisione,secunda

114 4608 236 4686 legitur
260 4608 295 4669 in
325 4608 409 4668 libro
439 4611 565 4684 ltegum
591 4630 599 4668 ε
623 4609 719 4670 Fccit
750 4610 909 4669 Salomon
965 4607 999 4667 iu
1015 4608 1146 4679 sudore,
1163 4608 1261 4669 tertia
1281 4608 1315 4669 in
1335 4608 1571 4685 flagellatione,
1587 4612 1707 4686 quarta
1728 4611 1763 4671 iu

113 4711 231 4769 oncrtic
245 4722 330 4769 casa
344 4710 381 4767 in
401 4709 500 4767 docco
516 4709 655 4767 Dciiaiui
667 4706 700 4766 ct
714 4707 826 4766 altore
845 4720 911 4765 cc-
965 4705 1194 4778 cruciilxione,
1223 4706 1338 4783 quinta
1358 4708 1391 4768 et
1414 4706 1529 4768 ultima
1549 4706 1586 4767 in
1610 4706 1765 4769 lancera-

113 4821 251 4867 rerem...
275 4805 335 4884 (ΙΙΙ
357 4805 438 4880 Reg.
455 4818 515 4875 vu,
532 4800 597 4880 48).
623 4803 704 4862 Cum
728 4801 839 4878 itaque
859 4802 912 4862 al·
965 4802 1067 4864 tione.
1091 4805 1137 4863 De
1160 4803 1268 4879 prima
1293 4804 1328 4863 iu
1352 4805 1533 4879 Evangelio
1550 4825 1559 4865 :
1574 4805 1764 4879 Postquam

114 4903 186 4963 tare
198 4904 233 4964 in
257 4904 359 4964 Sacra
376 4901 547 4978 Scriptura
568 4899 747 4976 tripliciter
762 4914 912 4976 expona-
965 4901 1194 4961 cousummoti
1208 4901 1287 4961 sunt
1306 4904 1380 4962 dics
1398 4903 1473 4962 octo
1486 4902 1523 4962 ut
1539 4878 1765 4966 circumcide-

113 5000 191 5071 tur,
227 5016 288 5061 nos
324 4999 529 5075 excipientes
570 5012 676 5075 pauca
706 4997 747 5058 de
779 4996 908 5068 multis,
966 4998 1067 5059 retur
1094 5012 1221 5073 puer...
1253 5000 1300 5058 De
1328 4998 1475 5059 secunda
1504 4999 1540 5059 in
1571 4999 1761 5076 passione:

114 5095 249 5171 propter
259 5094 483 5171 prolixitatem
496 5094 599 5157 oflicii
609 5093 773 5170 duplicem
782 5093 911 5155 tautum
966 5096 1093 5157 Factus
1107 5095 1159 5155 cst
1173 5097 1281 5155 sudor
1293 5098 1369 5166 ejas
1392 5097 1480 5157 sicut
1494 5097 1602 5173 puttoe
1621 5101 1765 5174 scriput-

116 5191 394 5267 significationem
416 5192 534 5253 altaris
548 5191 671 5268 lapidei
691 5190 836 5253 breviter
851 5206 912 5251 ex·
965 5196 1021 5253 :iis
1045 5191 1262 5254 decurrentis
1287 5194 1324 5252 in
1355 5193 1500 5254 terrem.
1530 5196 1577 5254 De
1604 5195 1703 5256 tertia
1731 5195 1763 5255 in

115 5303 287 5365 ponemus.
966 5288 1146 5364 Evangelio
1168 5309 1175 5347 :
1193 5291 1313 5351 Jcsum
1328 5304 1411 5351 cero
1426 5291 1634 5367 pecccatum
1649 5293 1762 5354 iradi-

152 5384 267 5447 Altare
281 5385 403 5445 dicitur
421 5385 515 5462 quasi
530 5386 597 5447 alta
616 5402 687 5457 ara,
704 5384 789 5463 quod
803 5399 911 5460 graece
965 5388 1015 5447 dit
1027 5389 1158 5447 Jicdaeis
1171 5387 1209 5447 :ct
1223 5388 1501 5463 crucifigeretur.
1514 5391 1560 5450 De
1573 5392 1690 5465 quarta
1706 5391 1766 5450 ibi·

114 5483 237 5544 dicitur
253 5482 411 5558 precatio,
428 5484 461 5543 ei
476 5482 641 5558 significat
661 5483 840 5553 Christum,
854 5482 911 5557 qui
966 5483 1039 5543 dem
1062 5505 1069 5542 :
1086 5484 1275 5558 Postquam
1294 5486 1547 5555 amicitiacrunt
1565 5501 1655 5558 cum,
1676 5491 1766 5548 dici-

115 5580 208 5644 solus
231 5581 282 5643 est
299 5579 482 5641 altissimus
505 5596 605 5656 super
626 5597 756 5642 omnem
774 5581 908 5653 terram,
965 5581 1087 5643 scrrcnt
1121 5583 1184 5642 sibi
1218 5582 1427 5643 ocsiinwutc
1459 5597 1535 5643 scic.
1569 5585 1616 5644 De
1649 5585 1764 5660 quinta

115 5677 193 5759 quia
219 5678 289 5759 ipse
311 5676 374 5741 tuit
393 5677 561 5740 exaltatus
582 5679 615 5740 et
640 5678 788 5741 elevatus
812 5693 913 5755 super
966 5678 1089 5742 ibidem
1114 5698 1123 5743 ε
1150 5680 1414 5743 cormanacum
1438 5684 1556 5744 iaiwea
1576 5682 1668 5744 iaicis
1690 5687 1765 5757 ejus
