3802 6166
70 284 132 348 185

69 444 151 516 luto,
165 441 298 504 vineam
310 439 408 502 sitam
421 438 560 517 inporta
569 437 691 513 Albini,
703 440 867 504 coloniam

70 556 146 619 qnae
160 538 300 602 vocetur
321 537 557 611 Pasaniannm,
574 538 684 600 casale
703 539 788 617 quod
803 555 867 601 vo-

70 639 168 701 catur
184 636 421 709 ruminandum,
439 636 510 697 sive
530 635 674 709 FIixum,
690 653 766 698 cum
781 653 867 715 aqua

69 736 113 799 de
137 738 237 815 ponte
260 734 411 796 Mannati
435 749 538 812 nsque
558 733 733 807 inlocum,
757 736 867 797 casale

71 834 159 912 qnod
173 835 312 896 vocatur
326 831 448 894 Jubelli
460 832 497 892 in
512 832 679 895 territorio
694 833 865 905 Fundano,

71 932 238 994 coloniam
255 947 328 1008 quaa
347 930 486 992 vocatur
499 933 598 1006 Agma,
615 931 867 1008 coloniamque

71 1033 211 1092 vocatur
224 1028 312 1090 Villa
325 1030 458 1104 Magna,
470 1028 634 1089 coloniam
646 1045 720 1105 qliae
730 1029 868 1090 vocatur

70 1128 270 1204 Papiniana,
289 1126 454 1188 coloniam
470 1141 543 1203 quaa
557 1126 697 1188 uocatur
708 1128 865 1203 Opasera,

71 1225 211 1286 strandum
220 1224 477 1295 Pleminianum,
494 1224 659 1285 coloniam
672 1240 745 1301 ‹111ae
761 1224 868 1301 posita

704 278 934 343 EPISTOLAE.
958 280 1036 343 LIB.
1060 282 1085 342 1.

1657 288 1717 353 leo

922 442 1111 519 sequentes,
1138 439 1392 505 Privemeusem
1421 442 1456 506 et
1479 441 1626 507 Setinum
1651 462 1712 511 ec-

922 540 1042 602 clesias
1075 539 1182 602 eidem
1216 541 1450 603 Tarracinensi
1487 543 1638 607 ecclesiae
1679 545 1715 607 in

922 638 1115 716 perpetuum
1128 638 1239 701 unitas
1254 655 1390 701 manere
1410 640 1619 704 deceruimus
1638 658 1715 707 eum

922 734 1073 797 omnibus
1084 735 1218 813 juribus
1231 751 1358 809 earnm,
1374 736 1473 800 rebus
1485 754 1524 799 ac
1538 740 1713 817 pertinen-

920 832 988 905 tiis,
1012 832 1175 904 ecclesiis,
1196 834 1418 907 monasteriis,
1444 836 1620 913 praesidiis,
1637 854 1715 901 roc-

921 930 994 990 chis
1027 931 1125 1007 atque
1161 932 1328 1003 castellis,
1357 948 1430 1009 quae
1464 934 1540 995 sunt
1576 936 1714 996 Sumni-

922 1043 1012 1100 unm,
1047 1028 1180 1090 Itoccba
1218 1030 1328 1103 Sicca,
1368 1030 1501 1092 Reccba
1535 1035 1713 1109 Angnrrgae,

922 1126 1099 1202 Magantia,
1122 1126 1314 1203 uspianum,
1335 1129 1451 1202 Trave,
1478 1130 1713 1204 sarminetum,

921 1226 1129 1299 dgrrapnzza,
1151 1225 1349 1286 Bassianum
1370 1242 1444 1287 cnm
1464 1226 1584 1287 linibus
1603 1230 1638 1289 et
1655 1227 1717 1289 ad-

71 1325 124 1386 est
137 1324 175 1384 in
197 1322 393 1394 Anctrliano,
415 1322 579 1383 coloniam
592 1321 690 1399 Juxta
711 1324 868 1383 Sanctum
917 1322 1074 1399 jacentiis
1090 1321 1171 1394 suis,
1190 1324 1383 1400 cunctisque
1397 1324 1530 1385 illarum
1546 1326 1716 1387 Ecclesia-

73 1421 292 1498 Stepbannm,
309 1419 473 1482 colomam
487 1419 523 1480 in
540 1422 645 1481 Fossa
656 1421 751 1481 Nora
764 1419 867 1481 terri-

70 1519 149 1581 torii
175 1518 340 1590 Priverni,
362 1518 472 1579 casale
491 1517 576 1595 quaed
599 1517 742 1595 positum
761 1519 813 1579 est
832 1517 869 1583 in

72 1616 222 1689 Ciliaria,
240 1615 426 1677 sexuncias
441 1616 481 1677 de
495 1616 598 1677 casali
613 1615 676 1676 sito
689 1614 726 1676 in
737 1615 866 1689 datico,

72 1714 239 1775 coloniam
254 1728 327 1791 quae
341 1713 449 1791 posita
464 1714 515 1774 est
528 1712 563 1773 in
575 1713 772 1783 Ancniiano,
792 1728 868 1774 cnm

71 1811 223 1873 Ecclesia
241 1810 334 1873 Beati
357 1810 582 1872 crescentiani
600 1810 721 1872 Christi
741 1812 870 1889 marty-

73 1910 131 1982 ris,
148 1910 185 1970 in
201 1908 291 1970 Setia
306 1908 484 1985 piscariam
499 1923 573 1986 quiae
586 1908 724 1970 uocatur
736 1908 866 1981 Altum,

71 2007 252 2086 piscariam
265 2022 339 2083 quiae
352 2006 460 2083 posita
471 2007 522 2068 est
535 2006 571 2067 in
586 2008 697 2067 Massa
711 2004 866 2077 flaviana,

71 2104 252 2183 piscariam
263 2120 337 2181 qnae
349 2105 488 2166 vocatur
497 2104 538 2165 ad
553 2106 642 2164 Duas
654 2105 792 2175 Fauces,
805 2103 870 2180 pis·

71 2204 199 2265 cariam
231 2218 305 2280 quiae
334 2204 474 2263 uocatur
510 2201 654 2273 Arulier,
688 2200 868 2278 piscariam

71 2304 106 2363 in
120 2302 253 2377 integro
268 2316 341 2377 quae
351 2298 673 2371 vocatursnecnua,
691 2298 869 2375 piscariam

71 2416 147 2477 quae
172 2398 312 2461 vocatur
348 2397 554 2468 Lonciscnm,
588 2397 767 2473 piscariam
794 2410 869 2473 quae

72 2500 213 2559 vocatur
248 2498 363 2567 snare,
404 2495 584 2572 piscariam
622 2510 696 2571 qnae
731 2494 870 2554 vocatur

72 2594 259 2667 Stnurtnla,
275 2594 400 2671 septem
413 2592 531 2654 uncias
547 2592 698 2669 piscariae
713 2592 750 2651 in
765 2594 869 2653 Ponte

72 2695 230 2765 militum,
254 2692 333 2755 item
355 2691 510 2768 piscariae
529 2706 603 2767 quaa
625 2689 765 2752 vocatur
780 2691 868 2751 San·

73 2791 238 2867 gariniana
251 2789 367 2851 uncias
380 2792 531 2866 quatuor,
546 2803 607 2849 sex
620 2787 738 2848 uncias
752 2786 793 2848 da
805 2787 870 2864 pis·

76 2888 171 2951 caria
185 2902 257 2964 qnoe
274 2887 412 2949 vocatur
436 2885 613 2946 Passinum
626 2901 700 2945 cnm
717 2883 869 2946 omnihus

76 2986 117 3048 ad
138 3001 196 3047 aas
214 2984 466 3062 pertinentibus
482 2985 515 3046 et
529 2983 707 3061 piscariam
721 2999 795 3060 quan
809 2998 871 3044 ro·

73 3087 172 3148 catur
185 3085 334 3145 Cursum.

115 3183 284 3247 Praeterea
312 3181 486 3244 ecclesiam
519 3179 632 3242 Sancti
657 3179 808 3250 Andreae,
837 3176 872 3239 et

75 3296 193 3345 omnes
217 3281 444 3359 possessiones
466 3278 601 3351 Rutulli,
625 3294 699 3339 crum
723 3276 819 3354 aquis
838 3274 871 3337 et

74 3380 230 3443 omnibus
257 3377 466 3456 pertinentiis
496 3376 530 3439 et
558 3375 755 3454 adjacentiis
788 3373 869 3445 suis,

73 3479 146 3552 tibi,
163 3479 199 3540 ct
219 3477 370 3538 acclesiae
385 3477 450 3537 tuae
467 3475 663 3536 anctoritate
681 3471 871 3549 apostolica

73 3576 324 3647 confirmamus
340 3574 381 3635 de
400 3572 609 3650 quibuscum
633 3587 745 3632 coram
764 3568 871 3630 felicis
892 3628 894 3635 ,

73 3669 514 3734 recordationisdiexandro
528 3682 615 3745 papa
626 3665 872 3745 praedecessore

76 3772 191 3833 nestro
207 3770 294 3831 inter
308 3768 517 3839 Priuernum,
533 3766 567 3828 et
584 3765 680 3827 bonae
702 3762 872 3826 momoriae

75 3871 252 3944 lingonum
266 3866 432 3943 quondam
450 3862 723 3926 Terracinensem
740 3861 873 3938 episco-

77 3982 155 4045 pum
175 3964 315 4041 quaestio
328 3963 418 4025 mota
432 3962 562 4032 inisset,
582 3960 665 4022 visis
684 3960 717 4022 et
732 3958 872 4033 cognitis

77 4062 222 4143 publicis
243 4064 276 4123 et
295 4061 444 4138 antiquis
459 4059 609 4121 ecclesiae
630 4056 871 4128 instrumentis,

75 4164 166 4225 idem
187 4160 414 4239 praedecessor
437 4160 551 4220 noster
565 4156 720 4235 praelatas
736 4171 872 4233 posses-

77 4262 190 4323 siones
212 4258 366 4336 episcopo
388 4257 580 4328 memorate,
597 4255 630 4316 et
643 4254 793 4316 ecclesiae
808 4252 872 4314 ad-

74 4357 254 4436 Judicarit,
280 4354 422 4433 lecitque
438 4356 507 4417 tam
528 4369 613 4425 enm,
634 4368 733 4429 quiam
760 4351 872 4412 eccie-

77 4456 164 4517 siam
187 4453 451 4530 incorporalem
475 4451 719 4529 possessionem
747 4448 871 4519 induci,

78 4554 166 4615 sicut
192 4552 228 4613 in
256 4554 329 4628 ejns
363 4549 538 4628 privilegio
568 4547 691 4609 exinde
724 4544 873 4608 coniecto

78 4650 289 4713 manifestius
312 4648 513 4710 continetur.
536 4649 623 4708 Sane
642 4646 672 4706 si
694 4660 767 4723 quaa
792 4660 872 4720 pos-

76 4750 247 4811 sessiones
265 4747 342 4809 aliae
364 4745 473 4818 cultae,
497 4745 551 4808 rel
571 4744 716 4815 incultas,
742 4742 874 4804 molen-

79 4848 170 4917 dina,
184 4846 377 4916 tenimenta,
391 4847 491 4921 atque
504 4842 657 4919 piscariae
679 4857 752 4918 qum
769 4856 876 4917 quon-

77 4946 155 5007 dam
205 4944 289 5006 forte
328 4940 576 5021 particulariter
615 4940 680 5002 tuae
724 4937 875 5000 ecclesiae

79 5043 226 5116 luerunt,
249 5041 320 5103 sive
341 5056 401 5119 per
423 5042 609 5116 temporum
630 5036 808 5099 interualla
834 5035 874 5097 ad

81 5142 233 5204 eamdem
259 5138 433 5202 ecclesiam
451 5139 528 5215 jnre
549 5135 696 5212 legitimo
709 5149 874 5212 perrene-

81 5241 170 5311 runt,
186 5240 246 5301 aut
262 5238 362 5317 justis
376 5236 483 5298 modis
495 5235 530 5296 in
543 5235 641 5295 antea
653 5233 792 5295 Domino
807 5232 878 5292 lar-

78 5337 190 5412 giente
227 5330 464 5411 pervenerint,
505 5343 563 5390 eas
594 5327 656 5389 tihi
699 5327 732 5389 et
768 5325 876 5387 eidem

77 5432 233 5497 ecclesiae
263 5446 399 5492 manere
420 5426 629 5489 decernimus
650 5425 770 5487 staturis
791 5424 877 5486 tem-

78 5532 216 5611 poribus
244 5529 401 5591 iliibatas.
436 5528 604 5588 Praeterea
642 5523 875 5600 praedictorum

80 5630 363 5709 praedecessorum
400 5624 588 5687 nostrornm
614 5620 755 5697 uestigia
791 5619 875 5682 snb·

921 1435 997 1480 rum
1011 1417 1223 1481 facultatibus
1237 1420 1414 1483 mobilibus
1432 1423 1464 1484 et
1478 1421 1715 1497 immobilibus,

923 1517 1078 1595 deaeque
1093 1518 1311 1587 moventibus,
1329 1520 1364 1581 nt
1379 1519 1537 1596 quidquid
1552 1518 1593 1582 de
1607 1521 1717 1585 omni.-

922 1614 983 1675 bus
999 1614 1231 1692 praedictarum
1245 1614 1468 1678 Ecclesiarnm
1480 1632 1541 1677 seu
1556 1618 1718 1679 monaste·

922 1713 1048 1775 riorum
1080 1712 1190 1785 rebus,
1231 1713 1283 1774 rei
1313 1714 1352 1775 de
1394 1714 1548 1776 omnibus
1583 1715 1626 1775 ad
1659 1729 1717 1775 eas

922 1809 1718 1888 garreraliterpertinentibus,canoniceordinare

922 1907 1117 1985 provideris
1135 1910 1203 1969 tam
1222 1909 1279 1970 tuo
1295 1924 1393 1986 quam
1413 1909 1561 1971 universi
1575 1909 1611 1970 in
1625 1925 1717 1986 prae-

923 2005 1010 2067 dicto
1029 2005 1261 2067 'terracinensi
1277 2006 1469 2084 episcopatu
1482 2007 1544 2069 tibi
1558 2007 1719 2069 canonice

923 2103 1129 2165 successuris
1149 2103 1287 2165 liberam
1302 2104 1453 2167 babeatis
1476 2104 1717 2182 inperpetuum

923 2201 1029 2263 modis
1069 2201 1221 2263 omnibus
1262 2201 1465 2264 facultatem.
1501 2202 1717 2263 Decernimns

923 2315 1013 2375 ergo,
1040 2300 1101 2361 etc.
1128 2300 1250 2377 Siqua
1276 2298 1389 2377 igitur,
1415 2301 1477 2362 etc.
1502 2300 1636 2362 Cunctis
1655 2315 1719 2361 au-

922 2399 1000 2469 tem,
1016 2398 1077 2459 etc.
1090 2401 1206 2459 Amen.

963 2516 1031 2589 Ego
1050 2512 1233 2585 Honorius,
1250 2511 1431 2573 Catholicae
1446 2512 1603 2575 Ecclesiae
1625 2515 1740 2613 epis-¹

924 2626 1036 2689 copus.

963 2729 1031 2802 Ego
1044 2724 1206 2795 cinthius,
1217 2725 1305 2787 tituli
1317 2727 1350 2787 S.
1362 2725 1534 2787 Laurentii
1544 2724 1579 2785 in
1592 2724 1718 2787 Lucina

924 2827 958 2886 S.
972 2828 1012 2887 R.
1029 2827 1064 2885 id.
1079 2822 1251 2901 presbyter
1264 2822 1457 2885 cardinalis.

964 2944 1031 3018 Ege
1040 2942 1117 3011 Leo,
1128 2939 1351 3001 tit.S.Crucis
1361 2938 1398 3001 in
1409 2936 1619 3001 Hierusalem
1628 2953 1720 3017 pres·

923 3038 1019 3117 bpter
1034 3036 1225 3099 cardinalis.

964 3157 1032 3230 Ego
1048 3156 1179 3226 Petrus,
1193 3154 1225 3215 S.
1240 3151 1456 3215 pudentianae
1469 3151 1557 3214 tituli
1569 3150 1720 3214 Pastoris

924 3252 1099 3331 presbyter
1114 3250 1307 3313 cardinalis.

964 3373 1033 3445 Ego
1054 3367 1251 3444 Stephanus,
1268 3365 1417 3427 basilicae
1432 3364 1605 3426 duodecim
1618 3320 1721 3440 Apes·

926 3468 1068 3530 telorum
1080 3464 1254 3542 presbyter
1270 3462 1463 3524 cardinalis.

966 3586 1033 3659 Ego
1054 3579 1244 3657 Gregorius,
1261 3578 1349 3640 utun
1372 3580 1405 3639 S.
1422 3575 1607 3638 anastasie
1626 3590 1722 3652 pres-

926 3682 1021 3759 byter
1035 3677 1227 3740 cardinalis.

966 3802 1034 3874 Ego
1049 3796 1179 3867 Petrus,
1193 3792 1281 3855 tituli
1297 3794 1330 3854 S.
1343 3790 1515 3853 Laurentii
1530 3790 1565 3850 in
1576 3790 1719 3850 Damaso

927 3896 1099 3974 presbpter
1112 3892 1307 3954 cardinalis.

966 4014 1034 4089 Ego
1049 4011 1203 4082 Thomas,
1219 4007 1307 4070 tituli
1320 4007 1450 4068 Sanctae
1464 4003 1613 4067 Balbinus
1626 4016 1722 4080 pres-

923 4108 1022 4189 byter
1036 4107 1227 4170 cardinalis.

968 4230 1035 4303 Ego
1051 4223 1225 4294 Robertus,
1236 4220 1324 4284 tituli
1339 4221 1422 4284 SS.J
1425 4217 1567 4281 ohannis
1580 4217 1613 4279 et
1624 4213 1721 4277 Pauli

928 4324 1100 4404 presbyter
1114 4320 1306 4383 cardinalis.

967 4429 1679 4517 EgoNicolaus,Tnsculanensisepiscopus.

968 4560 1036 4633 Ego
1045 4554 1161 4637 Gnido,
1169 4548 1445 4614 praenestinensis
1458 4546 1592 4623 episcop
1599 4559 1649 4626 us.

969 4676 1038 4747 Ego
1054 4669 1253 4747 liugoiinus,
1265 4662 1427 4727 Ostiensis
1451 4664 1484 4723 et
1503 4656 1721 4723 velletrensis

930 4771 1116 4851 episcopus.

968 4882 1036 4955 Ego
1052 4873 1168 4945 Gnido,
1178 4869 1290 4933 Sancti
1304 4866 1434 4930 Nicolai
1449 4865 1483 4926 in
1494 4876 1628 4925 carcere
1638 4854 1725 4922 Tul&

929 4978 1021 5039 liano
1037 4974 1198 5035 diaconus
1213 4964 1404 5029 cardinalis

970 5095 1037 5171 Ego
1052 5086 1262 5157 Octavianus
1272 5084 1330 5145 SS.
1344 5077 1451 5157 Sergii
1466 5077 1499 5141 et
1509 5074 1632 5139 Baccbi
1649 5074 1726 5137 dia-

930 5206 1034 5255 eonus
1049 5183 1240 5251 cardinalis.

970 5309 1038 5382 Ego
1054 5298 1245 5379 Gregorius,
1259 5292 1372 5357 Sancti
1384 5289 1550 5355 Theodori
1565 5287 1726 5351 diaconus

931 5401 1123 5467 cardinalis.

970 5514 1038 5585 Ego
1062 5502 1262 5582 Raprrerins,
1289 5499 1419 5560 Sanctae
1446 5495 1563 5558 blariae
1587 5494 1622 5555 in
1642 5493 1725 5553 Ces-

931 5610 1040 5672 mediu
1056 5606 1214 5665 diaconus
1228 5596 1421 5661 cardinalis.
