3794 6166
113 310 176 372 ceo
728 303 903 364 aovoau
925 303 969 364 111
992 304 1140 365 crana.
1716 306 1765 366 coe
1795 267 1798 271 ’

117 468 233 530 eadem
258 468 398 529 ecclesia
427 467 462 530 in
490 462 742 542 praesentiarum
765 462 856 540 juste
884 463 917 523 et
969 460 1072 523 nicatt
1097 460 1151 523 vel
1178 461 1346 525 interdicti
1373 461 1454 539 sint,
1479 460 1598 523 nullus
1622 459 1764 531 obsistat,

119 566 280 627 canonice
312 564 473 642 possidet,
500 563 558 623 aut
590 562 627 622 in
657 560 803 622 futurum
832 575 915 621 con·
970 559 1063 619 salva
1087 561 1197 621 tanmn
1212 560 1341 636 justitia
1356 560 1493 628 illarum
1510 554 1766 630 ecclesiaruma

118 663 270 724 cessione
294 661 501 732 Pontificum,
521 658 697 735 largitione
721 673 837 732 regum
861 656 913 717 vel
970 655 1088 732 quibus
1125 659 1329 719 mortuorum
1370 673 1513 735 corpora
1548 659 1765 718 assumuntur.

120 761 322 837 principum,
353 758 519 820 oblatione
553 756 716 828 fidelium,
752 770 811 815 seu
841 753 917 815 aliis
971 755 1173 816 Cumautem
1188 755 1344 830 generale
1359 755 1577 817 interdictum
1592 754 1768 816 terraeiue-

22 866 27 874 ·
116 858 216 935 justis
231 857 336 916 modis
349 857 527 933 praestante
551 854 689 915 Domino
703 852 823 929 poterit
844 851 918 912 adi·
971 851 1025 922 rit,
1042 851 1141 914 liceat
1155 851 1249 913 vobis
1264 853 1388 914 clausis
1398 853 1529 931 januis,
1546 868 1615 914 non
1639 853 1767 930 pulsatis

121 955 217 1032 pisci,
231 954 325 1015 firma
345 952 439 1014 vobis
463 952 647 1028 vestrisque
669 949 918 1012 successoribus
970 948 1214 1021 tintinnabulis,
1232 950 1378 1011 exclusis
1393 950 1581 1013 interdictis
1598 952 1634 1011 et
1645 966 1767 1010 excom-

121 1052 154 1112 et
170 1051 295 1112 illibata
312 1050 538 1127 permaneant.
556 1052 592 1109 In
608 1048 726 1125 quibus
741 1048 813 1108 haec
837 1063 917 1123 pro-
972 1046 1167 1119 mnnicatis,
1194 1063 1374 1124 suppressa
1395 1054 1501 1121 voce,
1527 1047 1647 1109 divina
1670 1046 1768 1108 cilicia

121 1148 204 1224 priis
213 1147 367 1208 duximus
378 1146 592 1224 exprimenda
601 1145 783 1207 vocabulis.
796 1146 918 1205 Locum
972 1143 1152 1205 celebrare.
1180 1144 1328 1207 Obeunte
1349 1161 1429 1207 vero
1454 1146 1488 1207 te
1518 1146 1602 1206 tunc
1631 1145 1768 1220 ejusdem

111 1244 229 1321 ipsum
255 1245 290 1306 in
305 1261 369 1323 quo
395 1244 533 1321 praelata
561 1242 701 1304 ecclesia
730 1241 919 1303 constructa
973 1241 1037 1302 loci
1061 1240 1178 1303 abbate
1197 1244 1250 1304 vel
1277 1243 1407 1305 tuorum
1432 1242 1582 1321 quolibet
1603 1258 1768 1303 successo-

122 1346 172 1404 est
193 1359 266 1403 cum
291 1342 443 1403 omnibus
470 1341 680 1419 pertinentiis
702 1340 782 1400 suis.
804 1339 921 1400 Eccle-
973 1354 1058 1411 rum,
1070 1339 1182 1400 nullus
1196 1339 1241 1401 ibi
1255 1339 1403 1420 qualibet
1412 1339 1642 1418 subreptionis
1657 1340 1768 1400 astutia

122 1439 205 1500 siam
218 1439 259 1500 de
269 1438 431 1516 Ticeraeby
443 1454 517 1499 cum
530 1437 678 1499 decimis.
689 1437 834 1498 Tertiam
847 1451 921 1513 par·
974 1452 1033 1497 seu
1046 1437 1203 1499 violentia
1219 1439 1443 1515 praeponatur,
1460 1439 1527 1499 nisi
1542 1454 1647 1516 quem
1660 1436 1769 1498 fratres

122 1536 189 1597 tem
214 1537 416 1598 decimarum
436 1537 471 1597 in
488 1536 630 1598 ecclesia
650 1534 690 1596 de
705 1535 918 1610 Alexantrop.
974 1536 1139 1595 communi
1151 1551 1315 1596 consensu
1328 1537 1382 1598 vel
1396 1536 1538 1598 fratrum
1548 1551 1631 1612 pars
1643 1535 1769 1597 consilii

123 1633 268 1695 Tertiam
281 1635 406 1710 partem
417 1633 620 1695 decimarum
631 1631 781 1693 ecclesiae
790 1633 917 1691 Anesae.
974 1633 1128 1705 sanioris,
1154 1634 1334 1695 secundum
1362 1634 1424 1695 Dei
1448 1635 1603 1696 timorem
1629 1634 1664 1694 et
1689 1632 1771 1694 beati

124 1728 922 1806 TertiampartemdecimarumdeHaelsinge.Ter·
974 1730 1150 1806 Augustini
1173 1731 1326 1807 regulam
1345 1730 1552 1808 providerint
1573 1730 1770 1807 eligendum.

123 1825 204 1888 dam
227 1828 353 1902 partem
376 1827 579 1889 decimarum
599 1825 749 1887 ecclesiae
771 1824 811 1885 de
832 1827 922 1885 Crae-
975 1828 1191 1889 Decernimus
1205 1828 1436 1904 ergo,utnulli
1451 1827 1773 1891 omninohominum

125 1923 213 1994 kom,
230 1923 371 1995 lllkisso,
388 1924 592 1985 mansionem
608 1924 643 1983 in
658 1921 830 2000 synderby
846 1938 922 1983 cum
975 1924 1075 1986 liceat
1094 1925 1265 2002 praefatam
1283 1924 1401 1987 eccles.
1419 1925 1545 1988 temere
1567 1923 1771 2001 perturbare,

125 2020 229 2097 sylva,
247 2021 337 2096 agris
350 2022 383 2083 et
392 2021 507 2096 pratis.
523 2021 729 2081 Mansionem
743 2019 777 2080 in
789 2019 925 2095 Juligne
975 2023 1033 2083 aut
1060 2026 1132 2100 eJus
1157 2023 1385 2100 possessiones
1412 2022 1558 2095 auferre,
1572 2023 1629 2084 vel
1652 2021 1774 2083 ablatas

124 2133 199 2178 curm
226 2118 367 2180 ecclesia
392 2118 539 2195 ejusdem
567 2118 656 2179 villae
693 2117 726 2179 et
754 2118 857 2194 pratis
890 2117 923 2177 et
975 2119 1131 2193 retinere,
1149 2122 1309 2188 minuere,
1326 2136 1385 2180 seu
1403 2119 1610 2198 quibuslibet
1624 2118 1775 2180 vexatio·

125 2215 226 2290 agris,
254 2215 287 2276 et
317 2215 506 2276 molendino
529 2216 592 2277 sito
610 2217 708 2293 Juxta
741 2214 921 2277 vaeraebro.
976 2215 1075 2278 nibus
1087 2216 1239 2292 caligare,
1255 2217 1312 2278 sed
1327 2217 1438 2279 omnia
1460 2218 1593 2293 integra
1607 2217 1642 2277 et
1653 2215 1775 2276 illibata

124 2312 371 2373 Mansionemin
383 2314 551 2389 swestrop
567 2328 642 2373 cum
657 2312 747 2389 agris
763 2314 795 2373 et
805 2312 920 2389 pratis.
977 2315 1151 2375 serventur
1164 2330 1290 2387 eorum,
1303 2331 1362 2392 pro
1378 2330 1518 2392 quorum
1536 2313 1777 2390 gubernatione

126 2411 335 2471 Mansionem
356 2410 585 2471 inldaedelosae
597 2426 671 2470 cum
688 2409 802 2486 sylvis,
820 2409 923 2486 pratis
954 2413 956 2416 ⁴
977 2427 1016 2472 ac
1029 2413 1270 2473 sustentatione
1290 2429 1448 2474 concessa
1469 2412 1559 2483 sunt,
1576 2411 1695 2472 usibus
1711 2427 1776 2471 om·

127 2508 160 2568 et
180 2508 282 2583 agris.
296 2509 410 2569 Totam
433 2507 547 2568 villam
569 2507 707 2568 Naeveth
727 2523 801 2567 cum
821 2506 924 2582 sylvis
978 2509 1120 2570 nimodis
1146 2510 1331 2586 protutura,
1355 2510 1447 2571 salva
1468 2509 1559 2571 sedis
1581 2509 1775 2587 Apostolicae

128 2605 160 2665 et
175 2605 279 2681 pratis
289 2606 322 2667 et
336 2605 426 2682 agris
440 2608 472 2666 et
482 2604 732 2682 piscationibus.
746 2603 867 2665 Villam
883 2602 924 2664 de
978 2607 1176 2669 auctoritate
1197 2608 1230 2669 et
1251 2606 1430 2669 diaecesani
1447 2607 1597 2684 episcopi
1620 2607 1776 2668 canonica

127 2699 291 2779 Tioeraeby
310 2718 385 2762 cum
401 2702 553 2773 ecclesia,
577 2701 691 2778 sylvis,
708 2702 741 2762 et
763 2701 868 2778 pratis
892 2701 925 2761 et
974 2703 1116 2782 justitia.
1134 2705 1246 2783 Siqua
1258 2705 1361 2781 igitur
1375 2706 1408 2765 in
1426 2704 1577 2768 sutrinam
1599 2705 1776 2767 ecclesias-

127 2799 228 2873 agris.
246 2798 428 2859 Ecclesiam
448 2799 488 2859 de
503 2797 722 2860 Frethersloff
731 2814 804 2857 cum
828 2797 923 2858 deci·
978 2803 1043 2864 tica
1060 2803 1272 2863 saecularisve
1288 2817 1431 2880 persona
1445 2802 1533 2863 hanc
1547 2806 1675 2865 nostrae
1691 2817 1778 2863 cons·

127 2894 206 2965 mis,
236 2895 354 2970 sylvis,
385 2895 489 2971 pratis
514 2896 547 2955 et
574 2895 675 2970 agris.
705 2895 856 2956 Decimas
884 2894 925 2954 de
978 2900 1142 2963 titutionis
1155 2899 1310 2976 paginam
1322 2901 1430 2960 sciens
1441 2900 1558 2960 contra
1571 2903 1778 2961 eamtemere

127 2989 243 3068 Veyby
262 2993 295 3051 et
319 2991 450 3068 Bistorp
471 2992 504 3052 et
522 2989 688 3067 Tybirkae.
706 2991 868 3069 Quidquid
884 2991 924 3052 de
978 2997 1094 3059 venire
1108 2997 1297 3070 tentaverit,
1314 2996 1461 3058 secundo
1475 2996 1618 3058 tertiove
1634 3012 1777 3058 commo-

128 3085 350 3150 oblationibns
366 3088 517 3151 ecclesiae
535 3090 655 3150 vestrae
670 3088 749 3150 olim
774 3089 815 3150 ad
831 3089 924 3166 epis·
980 3096 1059 3167 nita,
1081 3092 1147 3155 nisi
1170 3093 1300 3155 reatum
1326 3109 1422 3154 sunm
1437 3094 1537 3170 digua
1553 3093 1778 3155 satisfactione

62 3238 65 3244 .
127 3200 244 3262 copum
256 3185 503 3248 Rollcildensem
524 3184 703 3263 spectabat,
720 3185 805 3263 quod
830 3186 925 3246 b⁰¹lae
980 3191 1175 3264 correxerit,
1194 3191 1367 3268 potestatis
1383 3191 1586 3268 honorisque
1603 3192 1659 3251 sui
1673 3189 1778 3266 digni-

127 3284 294 3345 memoriae
325 3288 361 3344 Ρ.
399 3283 626 3345 Rolkildensis
667 3284 840 3360 episcopus
871 3283 925 3359 pia
982 3292 1046 3350 tate
1059 3287 1181 3358 careat,
1195 3304 1352 3364 reamque
1365 3304 1400 3347 se
1411 3289 1524 3349 divino
1536 3288 1668 3364 judicio
1685 3289 1775 3348 exis-

126 3379 220 3440 uobis
246 3381 446 3443 liberalitate
475 3382 621 3442 donavit.
648 3384 735 3442 Sane
755 3381 925 3442 novalium
980 3390 1049 3448 tero
1060 3386 1100 3446 de
1115 3387 1301 3463 perpetrata
1317 3386 1493 3463 iniquitate
1508 3387 1702 3462 cognoscat,
1716 3386 1775 3445 eta

127 3478 324 3550 vestrorum,
340 3495 412 3555 quae
422 3480 566 3555 propriis
583 3479 733 3538 manibus
749 3480 806 3539 aut
819 3495 927 3555 sump·
980 3484 1209 3545 sacratissimo
1222 3500 1360 3560 corpore
1369 3486 1400 3546 et
1416 3485 1579 3560 sanguine
1596 3484 1657 3544 Dei
1668 3486 1701 3544 et
1713 3485 1776 3543 Do-

127 3573 215 3635 tibus
236 3577 344 3638 colitis
365 3576 434 3636 sive
456 3577 496 3636 de
512 3577 724 3637 nutrimentis
740 3579 925 3636 vestrorum
981 3581 1063 3641 mini
1078 3580 1308 3656 Redemptoris
1321 3582 1424 3643 nostri
1439 3584 1518 3642 Jesu
1534 3579 1776 3640 Christialiena

128 3672 335 3745 animalium,
357 3674 467 3734 nullus
483 3675 617 3735 omnino
635 3690 654 3733 a
670 3673 764 3733 vobis
781 3673 926 3733 decimas
981 3680 1049 3749 liat,
1062 3679 1160 3755 atque
1175 3679 1209 3737 in
1225 3679 1372 3739 extremo
1386 3678 1540 3738 examine
1551 3678 1713 3738 districta,
1728 3675 1776 3735 up.

127 3774 307 3845 praesumat
321 3773 467 3847 exigere.
483 3771 597 3832 Liceat
609 3787 737 3847 quoque
752 3770 845 3830 vobis
859 3771 928 3831 cle-
980 3776 1063 3836 tioni
1093 3775 1273 3853 subjaceat.
1291 3775 1423 3835 Cunctis
1450 3778 1560 3835 autem
1577 3775 1686 3835 eidem
1709 3774 1775 3832 loco

127 3867 215 3928 ricos
230 3868 282 3928 vel
310 3868 449 3930 laicose
473 3868 594 3929 saeculo
619 3869 782 3944 fugientes
804 3867 927 3927 liberos
981 3880 1041 3932 sua
1051 3876 1127 3948 jura
1142 3871 1352 3933 servantibus
1368 3871 1404 3932 m
1423 3888 1489 3947 pax
1514 3872 1648 3931 Domini
1675 3870 1773 3930 nostri

128 3966 160 4025 et
174 3964 341 4026 absolutos
354 3966 396 4026 ad
411 3967 661 4027 conversionem
677 3967 826 4041 recipere
840 3967 872 4026 et
891 3965 926 4025 in
980 3973 1060 4032 Jesu
1075 3970 1207 4040 Christi,
1226 3972 1386 4045 quatenns
1404 3971 1435 4029 et
1448 3969 1502 4029 hic
1521 3968 1665 4030 fructum
1687 3967 1775 4027 bonae

129 4062 270 4122 ecclesia
293 4066 402 4123 vestra
431 4079 488 4123 eos
518 4062 641 4139 absque
666 4063 927 4124 contradictione
982 4065 1122 4126 actionis
1135 4065 1320 4141 percipiant
1337 4067 1370 4125 et
1392 4063 1477 4140 apud
1491 4063 1678 4124 districtum
1690 4061 1776 4139 judi-

128 4159 240 4235 aliqua
267 4161 422 4220 retinere.
452 4159 670 4220 Prohibemns
694 4160 831 4236 insuper
847 4204 854 4231 ,
893 4160 928 4220 ut
982 4180 1050 4223 cem
1063 4161 1200 4239 proemia
1214 4163 1346 4222 aeternae
1360 4161 1450 4238 pacis
1466 4161 1650 4221 inveniant.
1665 4164 1773 4220 Amen.

128 4257 211 4316 nulli
227 4259 366 4319 fratrum
382 4261 566 4319 vestrorum
583 4262 656 4334 post
671 4257 790 4318 factam
806 4258 841 4317 in
855 4257 927 4317 loco
1022 4261 1139 4321 Datum
1155 4262 1268 4320 Romae
1284 4258 1369 4336 apud
1398 4259 1553 4318 Sanctum
1567 4259 1701 4317 Petrum
1722 4269 1776 4332 per

127 4338 238 4415 vestro
262 4355 501 4432 professionem
522 4355 571 4416 ias
594 4356 637 4418 sit
661 4355 700 4416 de
719 4355 832 4415 eodem
856 4355 928 4415 loco
982 4374 1115 4418 manum
1143 4358 1279 4418 Ranerii
1305 4357 1427 4416 sanctae
1450 4357 1608 4415 Romanae
1625 4353 1775 4414 Ecclesiae

127 4451 251 4529 absque
264 4455 399 4515 licentia
412 4455 463 4513 sui
478 4453 605 4515 abbatis
621 4453 684 4513 nisi
698 4453 838 4513 acrioris
854 4452 929 4511 reli·
983 4455 1261 4525 vicecancellarii,
1284 4455 1361 4513 xlll
1381 4452 1541 4512 kalendas
1559 4451 1648 4528 junii
1671 4449 1774 4510 indic-

127 4550 236 4622 gionis
250 4551 383 4613 obtentu
399 4551 578 4611 discedere.
603 4550 834 4610 Discedentem
849 4564 928 4608 vero
983 4554 1071 4613 tione
1095 4554 1181 4620 Vlll,
1203 4550 1445 4612 lncarnationis
1478 4548 1661 4608 Dominieae
1694 4561 1775 4607 anno

128 4647 200 4706 sine
211 4648 432 4708 communium
445 4649 631 4709 litterarum
645 4650 831 4708 vestrarum
848 4661 929 4706 can-
983 4651 1183 4720 MCCXVllL
1192 4649 1403 4725 pontificatus
1416 4661 1496 4706 vero
1507 4645 1633 4706 domini
1644 4642 1774 4705 Honorii

128 4744 219 4804 tione
237 4746 348 4805 nullus
363 4746 483 4806 audeat
497 4747 652 4806 retinere.
671 4748 707 4804 ln
726 4743 930 4821 parochiali·
983 4763 1076 4823 papae
1088 4748 1133 4807 ΙΙΙ
1149 4762 1235 4807 anno
1249 4745 1404 4805 secundo.

129 4839 189 4900 bus
205 4858 283 4902 vero
295 4843 455 4913 ecclesiis
473 4859 555 4919 quas
570 4842 700 4911 tenetis,
719 4842 817 4902 liceat
834 4840 928 4902 vobis

130 4938 269 4998 clericos
284 4940 408 5015 eligere
424 4941 456 5000 et
471 4939 603 5000 domino
618 4939 772 5015 episcopo
787 4953 930 5015 praesen·
1324 4887 1437 4972 ΕΘΗ
1697 5010 1716 5021 ,,

129 5038 212 5104 tare,
242 5036 371 5111 quihus,
399 5037 427 5097 si
455 5036 566 5097 idonei
588 5036 728 5107 fuerint,
754 5036 929 5112 episcopus
982 5017 1034 5074 Ad
1055 5014 1210 5074 abbatom
1233 5013 1266 5072 et
1284 5013 1490 5072 collocutum
1510 5010 1714 5069 mortastern
1736 5008 1773 5065 de

131 5146 245 5193 curam
260 5134 444 5194 animarum
459 5134 651 5204 committat,
669 5135 704 5194 ut
716 5133 747 5194 ei
765 5133 805 5193 de
825 5132 929 5209 spiri·
1070 5112 1174 5172 Stella
1186 5114 1216 5170 P
1219 5126 1239 5168 Υ
1239 5109 1536 5188 acciperetque
1551 5109 1696 5167 ordinis·

130 5227 289 5298 tualibus,
301 5230 394 5291 vobis
405 5247 483 5292 vero
493 5231 532 5291 de
542 5230 931 5307 temporalibnsdebeant
1279 5222 1311 5278 ¹6
1327 5222 1384 5277 mai
1405 5220 1483 5277 ¹²18·

132 5324 344 5402 respondere.
369 5328 577 5404 sepulturam
601 5344 730 5405 qnoque
745 5328 850 5403 ipsius
866 5328 929 5387 loci
1118 5319 1212 5385 [santa
1222 5318 1325 5379 eurise,
1336 5324 1355 5366 t·
1369 5318 1434 5375 v111,
1447 5318 1567 5380 lestap.
1579 5315 1648 5380 439]

134 5423 271 5483 liberam
297 5438 369 5481 esse
392 5426 612 5496 concedimus,
640 5426 675 5485 ut
694 5440 808 5485 eorum
827 5425 930 5485 devo·
1012 5419 1067 5475 Sub
1082 5418 1158 5476 beati
1171 5418 1244 5475 Petri
1258 5425 1286 5473 et
1297 5432 1348 5473 sua
1364 5417 1542 5488 protectione
1553 5415 1673 5487 suscipit
1688 5411 1750 5468 illud

133 5521 215 5581 tioni
230 5521 263 5580 et
276 5519 431 5579 extremae
447 5521 621 5593 voluntati,
639 5522 694 5597 qui
708 5538 744 5583 se
758 5522 826 5582 illic
841 5537 932 5598 sepe·
1276 5505 1491 5563 ss¹0ssasleri¹¹1n·

131 5618 186 5678 liri
213 5616 493 5689 deliberaverint3
525 5619 590 5678 nisi
622 5619 705 5680 sorte
734 5634 930 5681 excommu-
1025 5617 1190 5679 Honorius
1201 5616 1387 5693 episcopus,
1398 5628 1696 5674 servasservornm
1709 5609 1773 5677 Dei,
