3802 6166
589 339 764 401 llONOItlI
786 339 831 400 111
853 338 1001 400 orbas.
1018 368 1056 383 -
1072 338 1304 401 SERMONES.

125 312 185 401 {3113

1710 341 1773 404 204

126 499 199 561 nuit
221 498 358 561 Beatam
387 498 529 561 Mariam
551 499 726 561 Dominam
754 499 924 562 nostramt
977 497 1171 560 orationem.
1185 497 1265 560 Inde
1274 497 1325 560 est
1339 496 1424 576 quod
1434 495 1470 559 ln
1483 495 1586 559 missa
1600 497 1775 561 incensum

125 598 165 675 Et
179 597 228 658 sic
247 595 418 659 Elisabeth
431 596 489 658 diu
505 597 630 660 sterilis
649 597 722 670 ruit,
745 600 779 659 et
796 596 925 676 peperit
977 594 1124 679 defertur
1137 595 1179 657 ad
1195 612 1319 668 omnes,
1336 597 1373 658 nt
1387 595 1579 658 ostendatur
1593 597 1679 675 quod
1695 613 1776 660 ora-

125 693 257 771 beatum
270 697 444 757 ioannem.
461 697 610 758 Ecclesia
620 696 768 773 gentium
783 697 840 757 din
853 712 925 773 per·
976 694 1022 756 tio
1042 693 1168 755 lactea
1192 693 1362 755 sacerdote
1383 694 1419 755 in
1442 695 1544 755 missa
1567 695 1712 771 pertinet
1733 697 1775 759 ad

126 793 250 855 mansit
270 794 406 865 sterilis,
434 795 467 855 et
488 794 618 871 peperit
635 794 791 872 populum
816 793 925 854 cllris-
977 806 1090 852 omnes
1105 790 1161 869 qui
1175 790 1315 853 audiunt
1329 791 1475 853 missam.
1492 791 1662 855 Zachariae
1683 810 1775 855 nun-

4 972 7 981 .
125 890 264 952 tianum.
286 893 461 968 synagoga
476 891 539 953 suit
555 892 719 964 loecunda,
735 891 813 969 quia
827 894 923 953 notus
976 890 1079 951 tiatur
1092 888 1133 950 ab
1155 889 1285 965 angelo,
1304 889 1401 962 idest,
1415 889 1582 952 revelatur
1604 907 1623 952 a
1646 891 1774 968 Spiritu

126 989 199 1049 erat
221 989 349 1050 tantum
371 988 406 1048 in
424 989 540 1050 Judaea
559 992 657 1050 Deus.
683 989 773 1061 Quod
795 989 925 1064 signiti-
977 990 1109 1060 Sancto,
1124 988 1210 1066 qnod
1234 988 1323 1048 tilius
1340 987 1372 1048 ei
1393 989 1438 1050 sit
1458 989 1657 1061 nasciturae,
1673 989 1770 1063 idest,

126 1089 236 1149 catum
251 1086 313 1148 init
327 1087 362 1147 in
376 1088 459 1148 Sara
468 1088 500 1149 et
511 1090 601 1163 agar
610 1087 732 1149 ancilla
743 1090 825 1164 ejus.
840 1089 923 1148 Sara
977 1085 1084 1146 tidelis
1092 1086 1232 1163 populus
1246 1085 1447 1148 christianus
1455 1102 1514 1164 per
1523 1086 1632 1164 ipsum
1643 1086 1776 1151 Christo

126 1185 214 1247 enim
245 1184 446 1260 significavit
468 1185 666 1259 Ecclesiam,
696 1202 769 1264 quae
796 1185 925 1264 peperit
976 1182 1021 1244 sit
1034 1183 1234 1245 crediturus.

32 1276 38 1283 '
127 1283 232 1357 illium
250 1282 287 1343 in
309 1282 489 1354 senectute,
514 1282 609 1354 idest,
627 1282 844 1344 christianum
864 1297 925 1360 po·
1016 1280 1073 1344 nst
1087 1281 1313 1344 sanctificatus
1327 1282 1363 1343 in
1382 1280 1488 1353 utero,
1504 1281 1582 1360 quia
1597 1281 1685 1345 sicut
1696 1284 1778 1347 bea-

126 1381 241 1457 pulum
256 1380 292 1441 in
306 1380 373 1441 tlne
389 1379 515 1441 mundi.
535 1383 625 1456 Agar
646 1380 847 1456 significavit
867 1396 925 1457 sy·
977 1381 1187 1441 tusJoannes
1199 1378 1262 1441 tuit
1282 1379 1508 1441 sanctificatus
1526 1381 1561 1441 in
1577 1381 1671 1444 utero
1690 1382 1778 1446 sicut

126 1494 289 1555 nagogam
302 1494 376 1557 qnae
390 1477 631 1554 genuitfilium,
653 1477 748 1550 idest,
768 1478 924 1555 populum
977 1477 1048 1555 ipse
1071 1478 1233 1539 testatur:
1251 1477 1445 1552 Antequam
1464 1481 1584 1540 emires
1601 1481 1642 1542 de
1660 1485 1775 1554 ardua,

124 1577 315 1642 iudaeorum
337 1576 373 1638 in
394 1576 568 1649 servitute,
593 1576 693 1648 idest,
721 1575 782 1636 sub
806 1577 924 1638 timore

125 1691 243 1753 poenae.
264 1674 442 1737 Dicebatur
455 1674 544 1736 enim
556 1674 681 1737 iudaeis
696 1675 732 1736 in
747 1673 820 1751 lege
837 1695 844 1735 ε
862 1675 925 1740 Oui

125 1779 187 1836 boe
200 1778 254 1838 oet
267 1774 360 1835 istud
377 1774 509 1848 fecerit,
524 1773 637 1835 ritorte
650 1774 836 1835 moriatur.

165 1871 923 1946 Elisabetbimpoetumesttempuspariendi...

125 1970 268 2044 Tempus
301 1969 415 2044 partus
450 1967 607 2029 Ecclesiae
644 1967 816 2045 impletum
855 1970 922 2040 est,

125 2066 257 2142 quando
286 2066 487 2143 praeceptum
510 2064 573 2128 tuit
600 2065 760 2143 apostolis
783 2087 791 2127 s
812 2066 865 2128 Ite
888 2069 925 2126 in

123 2168 328 2225 triticersum
353 2167 536 2235 mrtrrdum,
559 2165 748 2239 praedicate
771 2167 926 2242 Evange-

9 2306 12 2311 -
38 2300 42 2307 .
123 2263 207 2323 lium
234 2265 329 2324 omui
354 2263 542 2334 creaturas,
570 2262 782 2336 baptizantes
806 2276 863 2324 eos
887 2264 925 2323 in

75 2414 78 2419 4
124 2362 264 2421 nomine
277 2360 400 2421 Patris
414 2359 447 2421 et
458 2362 540 2421 Fiiit
553 2360 586 2421 et
600 2359 754 2434 Spiritus
767 2361 922 2421 Sancti...

125 2455 250 2535 (blare.
276 2472 344 2528 ενι,
374 2455 442 2535 15),
470 2457 548 2534 quia
579 2458 757 2534 antequam
784 2458 924 2534 apostoli

124 2554 362 2633 praedicassent
391 2555 606 2630 Evangelium
630 2555 720 2616 omni
749 2556 922 2627 creaturae,

8 2656 12 2667 '
125 2655 223 2714 notus
234 2653 306 2713 erat
319 2652 353 2713 in
363 2652 480 2714 iudaea
492 2654 579 2712 Deus
594 2652 733 2714 tantum.
749 2652 811 2714 Sed
827 2653 924 2715 modo

125 2764 184 2827 per
198 2749 340 2824 gratiam
350 2751 368 2811 J
371 2765 432 2810 esu
442 2748 576 2818 Christi,
591 2748 677 2811 sicut
692 2748 763 2827 ipse
778 2749 859 2812 dicit
866 2766 925 2828 per

125 2846 325 2908 Malachiam
338 2848 532 2925 prophetam
549 2868 556 2907 :
568 2850 617 2910 Ab
629 2848 710 2909 ortu
722 2851 803 2911 sotis
817 2864 924 2922 usque

125 2947 170 3007 act
198 2958 357 3009 occasum
383 2960 551 3023 anaprmm
578 2946 629 3008 est
654 2961 781 3009 rzornen
807 2961 924 3009 meran

125 3045 163 3107 iu
180 3044 337 3120 pentibus
356 3042 513 3123 (Malach.
529 3059 553 3116 1,
572 3043 636 3123 li),
650 3044 728 3122 quia
743 3043 777 3105 in
793 3059 922 3106 omnem

124 3142 248 3204 terram
274 3142 379 3203 exivit
398 3157 500 3203 sonus
522 3142 768 3219 praedicationis
790 3145 924 3220 aposto·

15 3290 19 3299 .
124 3239 244 3312 lorum,
260 3242 293 3301 et
309 3239 345 3300 in
358 3240 442 3301 dues
457 3238 547 3301 orbis
561 3241 660 3301 terrae
676 3239 778 3301 verba
795 3255 921 3301 eorum.

124 3339 165 3400 Iit
193 3337 323 3416 peperit
354 3337 475 3410 iillum,
514 3337 592 3414 quia
619 3353 679 3415 per
706 3338 922 3414 Evangellum

124 3438 158 3497 et
174 3437 379 3514 Baptismum
399 3435 620 3498 sanctificavit
637 3436 795 3515 populum
810 3436 922 3499 cbris-

8 3562 13 3567 ·
123 3534 261 3599 itanum.

164 3635 312 3705 Quatuor
336 3633 413 3693 sum
436 3630 634 3693 attendenda
663 3631 699 3694 in
726 3633 823 3695 Filio.
846 3634 923 3695 Pri-

124 3747 213 3791 mum
225 3729 311 3808 quod
333 3731 385 3790 est
405 3729 579 3791 nuntiatus
593 3727 635 3789 ab
654 3730 784 3807 angelo,
802 3746 924 3792 secun-

124 3827 203 3889 dum
218 3826 304 3905 quod
317 3827 368 3888 est
383 3825 608 3887 sanctificatus
623 3826 658 3887 in
673 3827 920 3900 utero,tertium

125 3923 210 4001 quod
226 3923 372 3985 nutritus
387 3923 437 3985 est
451 3922 524 3983 cibo
539 3938 652 4001 parco,
668 3925 822 4002 qllartum
835 3926 921 4002 quod

124 4023 175 4083 est
188 4036 328 4097 magnus
344 4035 455 4082 coram
468 4019 683 4082 Dominulist
696 4021 867 4084 nuntiatus
880 4022 920 4084 ab

124 4118 255 4195 angelo,
273 4117 360 4180 siout
371 4116 530 4194 scriptum
545 4116 616 4181 est:
632 4120 803 4194 Apparuit
814 4135 922 4198 anpe-

44 4252 48 4259 ·
123 4220 177 4280 ius
191 4218 330 4278 Dorrrint
343 4217 526 4278 Zacltartre
536 4216 635 4277 stans
648 4231 671 4277 a
682 4218 818 4279 deutris
832 4219 922 4280 atta-

46 4340 49 4345 ·
124 4317 176 4375 ris
190 4316 322 4374 incensi
333 4311 425 4392 (Luc.
442 4327 465 4385 1,
483 4311 546 4392 lt).
562 4313 740 4376 Zacharias
755 4314 921 4392 interpre-

123 4412 213 4474 tatur
236 4409 396 4471 memoria
418 4409 489 4480 Del,
517 4411 550 4471 et
575 4410 741 4488 significat
770 4411 919 4473 ordinem

123 4506 348 4587 praelatorum,
363 4506 441 4585 quia
456 4506 536 4568 ordo
552 4506 648 4569 debet
662 4507 785 4569 habere
800 4524 921 4571 memo·

122 4605 207 4668 riam
222 4605 281 4667 Dei
295 4605 330 4667 in
345 4621 392 4676 se,
408 4602 506 4676 idest,
522 4604 612 4666 intus
628 4605 663 4666 in
679 4605 787 4667 mente
800 4621 872 4678 sua,
887 4608 919 4668 et

123 4704 270 4782 quotidie
293 4703 404 4765 tacere
418 4702 613 4764 memoriam
631 4702 690 4763 Dei
705 4702 747 4763 ad
762 4703 918 4780 populum

122 4802 186 4864 sibi
199 4801 423 4874 commissum,
437 4802 471 4863 et
484 4801 525 4862 ad
548 4803 620 4879 ejus
643 4801 838 4863 memoriam
853 4817 918 4879 po-

122 4900 235 4978 pulum
256 4901 426 4963 reducere.
443 4899 633 4972 Zacharias,
648 4898 735 4964 sicut
758 4899 916 4972 diximus,

121 4997 287 5073 significat
310 4997 460 5059 ordinem
489 4997 713 5074 praelatorum.
740 4997 918 5061 Zacharias

120 5095 472 5172 ingrediturtemplnm
484 5095 696 5174 Dei,‹1nand0
707 5095 786 5157 ordo
797 5095 919 5173 praela-

120 5194 231 5258 torum
243 5192 443 5270 cogitatione
465 5193 497 5254 et
520 5193 685 5257 desiderio
701 5195 918 5257 conversatur

120 5291 157 5355 in
168 5290 262 5363 coelo,
275 5289 456 5353 secundum
469 5290 592 5352 dictum
603 5292 771 5368 Apostoli:
787 5293 918 5356 Nostra

120 5388 338 5453 corruersatto
352 5392 388 5450 in
400 5391 493 5450 coelis
507 5390 560 5450 est
566 5387 703 5467 (Philip,
712 5405 762 5462 111,
778 5388 843 5468 20).
856 5392 919 5451 Za·

120 5487 254 5552 charles
281 5484 375 5565 ponit
396 5485 570 5547 incensum
595 5486 629 5547 in
644 5488 824 5565 conspectu
846 5489 915 5550 Do·

119 5587 213 5659 mini,
231 5584 361 5664 quando
376 5583 457 5647 ordo
472 5583 686 5662 praelatorum
699 5587 772 5649 orat
783 5602 844 5664 pro
858 5602 917 5649 sa·

5 5716 11 5723 ·
120 5686 188 5751 luto
200 5684 301 5746 totins
324 5682 450 5762 populi,
466 5681 545 5762 qnia
564 5682 736 5747 incensum
752 5683 918 5762 significat

977 1576 1190 1649 sarmaticam
1203 1575 1236 1637 te
1252 1572 1333 1654 (ier.
1348 1591 1371 1647 1,
1387 1573 1433 1653 5),
1450 1576 1497 1637 ita
1511 1576 1652 1654 populus
1668 1577 1778 1638 chris-

977 1672 1088 1735 tianus
1103 1672 1165 1735 tuit
1183 1672 1409 1735 sanctificatus
1429 1673 1464 1734 in
1478 1672 1654 1750 baptismo.
1671 1676 1710 1736 iit
1724 1675 1776 1735 si-

978 1772 1034 1832 cut
1053 1769 1170 1833 beatus
1183 1772 1329 1833 loannes
1345 1770 1406 1832 luit
1416 1770 1594 1833 mundatus
1609 1772 1776 1834 aCbristo

978 1867 1019 1928 ab
1040 1867 1130 1929 omni
1156 1868 1302 1946 peccato,
1330 1868 1377 1930 ita
1404 1868 1545 1946 populus
1567 1868 1773 1931 christianus

970 1965 1040 2027 ,tuit
1054 1965 1232 2027 mundatus
1254 1964 1296 2026 ab
1313 1964 1403 2029 omni
1418 1966 1552 2043 peccate
1576 1983 1636 2045 per
1655 1983 1775 2046 aquam

978 2067 1011 2125 ei
1023 2063 1181 2140 Spiritum
1206 2064 1362 2125 Sanctum
1384 2079 1426 2124 ex
1441 2066 1535 2126 utero
1557 2065 1774 2127 matrissuae.

979 2162 1099 2223 uterus
1114 2160 1231 2223 matris
1249 2161 1416 2238 significat
1438 2159 1637 2239 baptismum
1653 2162 1772 2225 Eccle-

979 2259 1048 2321 siae.
1063 2259 1148 2332 Quia
1162 2258 1248 2322 sicnl
1262 2274 1345 2338 puer
1359 2259 1528 2336 egreditur
1539 2260 1685 2322 deutero
1698 2278 1775 2323 ma·

977 2357 1039 2420 tris
1067 2357 1102 2418 in
1128 2356 1280 2420 libertate
1303 2357 1429 2431 mundi,
1455 2357 1502 2420 ita
1531 2360 1564 2421 et
1587 2356 1773 2436 baptizatus

979 2454 1117 2532 quisque
1156 2454 1327 2531 egreditur
1366 2454 1401 2515 in
1439 2454 1592 2518 libertate
1632 2456 1776 2533 Spiritus

979 2551 1104 2614 Sancti.
1128 2551 1222 2614 Unde
1250 2553 1286 2613 ln
1320 2552 1534 2629 Evangelio:
1562 2554 1609 2615 Et
1640 2556 1777 2629 Spiritu

977 2649 1774 2730 Sanctorepletuseacuteromatrissuae(Lucu,

979 2745 1043 2826 15).
1061 2748 1171 2825 Usque
1189 2745 1231 2807 ad
1244 2746 1407 2811 ioannem
1422 2748 1644 2811 nascebantur
1661 2749 1774 2812 bomi-

978 2860 1036 2906 nes
1066 2844 1247 2907 secundum
1275 2847 1429 2907 naturam
1457 2862 1500 2909 ex
1532 2862 1643 2920 carne,
1671 2847 1728 2909 sed
1754 2864 1774 2910 a

976 2945 1104 3006 loanne
1125 2945 1347 3006 renascuntur
1365 2944 1516 3006 homines
1541 2960 1584 3007 ex
1607 2961 1693 3023 aqua
1715 2963 1776 3025 per

978 3041 1135 3119 Spiritum
1166 3042 1333 3104 Sanctum.
1364 3042 1447 3116 Quia
1475 3043 1561 3105 sicut
1588 3042 1711 3120 legitur
1737 3046 1773 3106 iu

977 3139 1157 3216 Evangelio
1183 3161 1191 3200 s
1217 3142 1296 3202 Nisi
1321 3142 1398 3214 quis
1424 3141 1570 3203 renatus
1589 3143 1699 3216 licerit
1726 3159 1774 3205 ex

976 3252 1067 3311 aqua
1090 3238 1124 3298 et
1148 3236 1283 3313 Spiritu
1301 3238 1438 3306 Sancto,
1461 3253 1529 3299 raon
1563 3240 1707 3301 intrabit
1737 3244 1774 3302 in

976 3350 1124 3412 regnum
1146 3339 1321 3397 coeiomnu.
1339 3337 1432 3401 Quod
1451 3336 1570 3397 aretem
1583 3337 1705 3398 ructum
1722 3338 1774 3400 est

976 3445 1257 3504 excurrerem
1275 3432 1344 3504 est;
1360 3432 1393 3494 et
1412 3435 1500 3506 qttod
1514 3434 1636 3495 natum
1656 3435 1708 3497 est
1727 3451 1774 3498 ea

975 3530 1114 3606 spiritu,
1130 3530 1277 3605 spiritus
1290 3529 1342 3591 est
1356 3527 1390 3608 (J
1392 3545 1467 3591 oan.
1484 3546 1534 3604 111,
1548 3529 1594 3610 ὅ).

1016 3627 1074 3689 fist
1094 3626 1239 3690 nutritus
1270 3626 1344 3690 cibo
1366 3643 1479 3705 parco,
1498 3630 1531 3690 et
1558 3629 1609 3691 est
1632 3630 1773 3692 vestitus

975 3724 1052 3802 pilis
1071 3724 1285 3797 camelorum,
1302 3722 1389 3786 siout
1407 3725 1531 3788 dictum
1549 3727 1600 3788 θεῖ
1620 3748 1627 3787 :
1649 3730 1774 3790 Vinum

975 3822 1009 3884 et
1029 3826 1179 3885 siceram
1199 3836 1269 3884 non
1288 3823 1374 3884 bidei
1393 3821 1487 3902 (Luc.
1503 3838 1527 3897 1,
1540 3823 1604 3903 15).
1623 3825 1773 3888 Siceram

974 3920 1095 3983 uocant
1114 3918 1246 3981 Hebraei
1275 3935 1373 3981 omne
1400 3921 1566 3998 poculum,
1585 3922 1672 4000 quod
1695 3923 1771 3985 ine-

974 4015 1085 4079 briare
1106 4015 1223 4095 potest,
1244 4016 1316 4079 sive
1335 4017 1376 4079 da
1399 4016 1549 4095 frugibus
1570 4019 1642 4082 sive
1657 4020 1698 4081 de
1714 4037 1774 4099 pc-

974 4115 1047 4176 mis.
1065 4118 1130 4177 Per
1143 4115 1259 4178 vinnm
1269 4116 1302 4177 ei
1316 4115 1457 4177 siceram
1472 4116 1692 4194 intelligimus
1701 4136 1772 4181 car·

974 4213 1063 4274 nalia
1089 4212 1212 4290 gaudia
1237 4212 1270 4274 et
1293 4213 1468 4275 saecularia
1489 4214 1667 4277 desideria.
1687 4217 1772 4289 Quia

973 4311 1060 4373 sicui
1086 4311 1201 4372 vinum
1230 4312 1264 4372 et
1289 4311 1397 4373 sicera
1423 4311 1499 4373 illos
1529 4329 1612 4389 quos
1641 4314 1772 4378 ebriant

973 4408 1121 4470 alienant
1140 4425 1161 4470 a
1188 4409 1328 4482 ratione,
1352 4410 1401 4481 ita
1423 4410 1572 4471 carnalia
1599 4412 1723 4488 gaudia
1740 4415 1773 4475 et

974 4506 1149 4569 saecularia
1161 4504 1326 4569 desideria
1337 4506 1485 4570 alienant
1497 4507 1649 4570 homines
1662 4513 1770 4573 aDeo.

973 4605 1064 4677 Quod
1080 4603 1403 4683 cavebatdpostolus
1414 4622 1488 4668 cum
1499 4606 1643 4669 diceret:
1659 4612 1773 4672 Abne-

971 4703 1095 4780 pantes
1109 4703 1323 4779 impietatem
1341 4704 1375 4765 et
1386 4709 1570 4767 secretaria
1584 4708 1769 4781 desideria,

971 4805 1083 4863 sobrie
1102 4802 1137 4863 et
1150 4802 1248 4874 juste
1263 4802 1298 4863 et
1310 4805 1367 4877 pie
1384 4805 1543 4865 vivamus
1562 4808 1599 4865 in
1623 4809 1686 4866 boc
1699 4821 1769 4868 sce·

970 4904 1045 4961 cauo
1055 4897 1132 4978 (Tit.
1146 4913 1182 4972 11,
1192 4895 1256 4976 12).
1270 4898 1309 4961 iit
1319 4900 1392 4961 erat
1405 4899 1544 4964 vestitus
1558 4901 1637 4979 pilis
1652 4919 1770 4965 came-

972 4995 1090 5057 lorum.
1105 4994 1170 5058 Pili
1185 4995 1303 5057 cameli
1316 4996 1392 5058 sunt
1407 4999 1542 5074 peccata
1557 4999 1682 5076 populi,
1695 5002 1772 5078 qni·

971 5093 1032 5155 bus
1056 5096 1204 5157 ioannes
1228 5095 1368 5155 restitus
1392 5096 1483 5168 erat,
1507 5095 1585 5175 quia
1610 5114 1671 5175 pro
1700 5099 1769 5160 illis

971 5196 1106 5257 assidue
1128 5194 1364 5269 intercedebat,
1385 5197 1418 5259 θῖ
1440 5201 1576 5274 peccata
1597 5214 1657 5277 per
1678 5202 1768 5262 assi-

971 5293 1069 5355 duam
1091 5292 1275 5358 doctrinam
1296 5293 1330 5355 in
1352 5293 1401 5356 eis
1416 5293 1558 5357 delebat.
1574 5297 1768 5361 sicutenim

971 5391 1202 5454 vestimentum
1217 5392 1267 5455 θεῖ
1289 5391 1529 5456 munimentum
1544 5395 1705 5473 corporis,
1721 5397 1769 5459 sic

971 5488 1108 5550 humilis
1122 5489 1175 5551 sui
1190 5489 1403 5552 accusatione
1416 5490 1576 5554 virtutum
1588 5494 1640 5558 est
1656 5495 1768 5557 custos

970 5587 1070 5666 atque
1101 5586 1275 5666 protectio.
1308 5587 1401 5651 Unde
1434 5588 1590 5652 Salomon
1612 5610 1620 5652 ε
1645 5593 1769 5656 Jrrstus

970 5688 1008 5747 tn
1029 5687 1204 5764 principio
1228 5689 1400 5750 sermome
1427 5687 1609 5752 acuuntur
1634 5687 1687 5753 est
1713 5691 1769 5755 sui
