3802 6166
119 188 179 275 sss

122 344 392 425 13313133133133
405 344 586 419 intellecta,
602 344 697 408 vobis
711 346 868 425 injunxit,
883 348 920 410 ut

120 446 261 511 nuncios
275 449 309 508 et
323 446 554 524 procuratores
576 443 723 517 idoneos,
745 445 800 523 qui
822 462 920 507 man-

121 548 198 609 data
213 548 324 608 nostra
341 545 537 621 reciperent,
554 543 596 604 ad
609 544 758 605 nostram
771 561 920 621 praeseu-

119 646 201 708 tiam
217 644 401 715 mitteretis,
414 644 447 703 31
460 643 531 720 1333
545 643 751 720 postmodum
765 643 806 703 ad
818 646 920 721 Apos-

121 744 255 806 tolicam
284 741 401 802 sedem
424 740 569 813 rediens,
586 741 682 803 nobis
706 743 740 804 31
762 740 919 803 1331311333

122 842 245 903 3331313
260 840 415 916 exposuit
430 840 526 916 plene
537 856 577 900 ac
589 840 733 903 ildeliter
746 840 918 901 universa.

121 940 307 1015 1133131133
329 941 477 1015 pereJus
501 939 631 999 fidelem
655 939 819 1001 rationem
844 940 919 1001 ins-

123 1038 233 1109 tructi,
264 1038 396 1097 nunciis
427 1040 459 1098 et
485 1038 756 1114 procuratoribus
783 1038 917 1107 3331313,

120 1137 279 1199 videlicet
292 1135 459 1197 nobilibus
481 1135 563 1197 viris
577 1135 729 1198 Gisberto
744 1136 874 1212 Albigo,
889 1137 921 1197 et

122 1240 212 1300 Leon
238 1252 298 1313 pro
324 1234 418 1297 vobis
447 1235 591 1307 Pisanis,
618 1236 822 1322 etiluborto
846 1234 922 1313 Spi-

122 1336 221 1407 nulac,
249 1334 385 1395 Fulcoui
408 1334 554 1407 Castelli,
584 1334 720 1396 Daniele
744 1334 866 1403 1133133,
889 1332 922 1395 31

122 1438 262 1509 Hugone
277 1431 478 1493 cancellario
502 1449 561 1509 pro
585 1432 678 1493 uobis
698 1432 921 1494 Januensibus

122 1533 163 1595 ad
177 1548 238 1593 nos
253 1546 353 1607 super
366 1530 409 1590 iis
419 1532 563 1607 exparte
576 1532 686 1591 333133
702 1530 919 1602 transmissio,

122 1632 158 1694 in
182 1632 295 1692 nostra
322 1629 500 1706 praesentia
521 1628 721 1698 constitutis,
744 1628 837 1689 uobis
862 1627 921 1689 sub

123 1728 234 1791 debito
251 1726 433 1805 juramenti
449 1726 489 1787 de
504 1727 669 1787 communi
685 1726 823 1789 fratrum
839 1742 920 1787 nos-

123 1830 250 1890 trorum
263 1824 401 1887 consilio
413 1824 634 1901 praecipimus,
643 1840 716 1902 quae
727 1825 920 1902 sequuntur.

123 1929 191 1987 Vos
228 1925 350 2001 itaque,
375 1926 577 1993 Janueuses,
606 1925 779 2000 postquam
809 1922 922 1983 nuncii

123 2024 226 2087 333131
241 2023 283 2084 ad
299 2022 432 2099 propria
452 2021 646 2083 remeabunt
668 2022 754 2083 13133
777 2036 922 2082 mensem

124 2121 308 2185 custodiam
319 2120 755 2191 CastriBonilaciiuobis,et
766 2123 923 2181 Romanae

124 2220 283 2282 Ecclesiae
299 2218 488 2295 assignetis
502 2219 632 2279 teueruli
647 2234 751 2296 usque
766 2218 807 2280 ad
822 2218 925 2279 bene-

123 2318 281 2399 placitum
308 2319 455 2379 nostrum
484 2332 543 2394 333
570 2334 648 2388 333,
678 2334 760 2395 quos
790 2316 832 2379 ad
862 2317 923 2378 hoc

123 2416 317 2479 duxerimus
340 2415 556 2492 deputandos,
572 2415 618 2477 ita
644 2419 680 2478 ut
693 2432 753 2493 per
770 2414 926 2478 1333331-

124 2514 193 2576 lam
209 2518 367 2578 Romanae
390 2514 547 2575 Ecclesiae
567 2514 797 2591 3333131131333
817 2529 924 2589 gene-

126 2615 230 2686 retur,
247 2615 280 2675 et
301 2628 361 2674 vos
377 2610 424 2691 (1)
436 2612 634 2673 Pisanorum
651 2612 817 2689 praedictis
833 2628 924 2672 nun-

123 2712 186 2774 ciis
199 2714 341 2774 Janueu.
365 2725 425 2787 pro
446 2710 607 2772 Januensi
628 2710 772 2781 31311313,
796 2710 829 2771 31
853 2726 926 2771 om-

124 2811 222 2873 nibus
237 2809 365 2872 ciuibus
375 2809 610 2879 Januensibus,
628 2811 660 2870 et
674 2824 733 2885 pro
745 2809 922 2881 universis,

125 2911 181 2987 qui
195 2910 271 2970 sunt
285 2908 324 2968 de
339 2923 453 2968 eorum
467 2906 663 2969 districtum
677 2907 767 2968 terra
782 2909 815 2969 et
827 2907 923 2979 mari,

125 3011 159 3071 et
172 3023 232 3069 sos
247 3006 362 3068 Pisani
381 3005 550 3083 pronubis
568 3008 601 3067 et
620 3007 740 3068 3331313
761 3006 923 3077 omnibus,

125 3107 299 3183 postquam
314 3103 427 3165 nuncii
443 3104 546 3165 uestri
568 3102 738 3165 redierint.
751 3104 926 3167 Januensi-

126 3203 218 3266 sibns
230 3204 264 3264 et
275 3202 345 3264 suis
359 3202 512 3263 omuibus
526 3218 651 3272 reram,
668 3203 800 3279 plenam
816 3206 848 3264 et
863 3202 925 3263 113-

126 3318 212 3363 mam
226 3317 340 3378 pacem
356 3300 502 3362 reddatis
517 3302 549 3362 et
565 3301 780 3377 inposterum
795 3317 926 3362 consen

125 3401 224 3473 33113,
254 3401 287 3462 31
315 3399 377 3461 1333
405 3399 629 3477 praecipimus,
652 3400 754 3460 331313
774 3400 926 3461 omnibus

126 3500 205 3561 aliis
220 3498 385 3559 mandatis
400 3498 522 3559 nostris
535 3513 635 3576 super
653 3498 706 3570 113,
722 3514 794 3577 quae
811 3497 851 3559 ad
866 3515 928 3575 pa-

127 3614 199 3659 cem
214 3597 325 3658 133333
336 3596 586 3672 dignoscuntur,
601 3597 637 3658 ut
647 3612 706 3673 per
718 3612 778 3657 nos
792 3597 929 3658 331333-

127 3697 174 3757 sis
185 3696 316 3757 demum
327 3694 503 3756 discordiis
516 3693 601 3756 13133
614 3697 742 3771 tempus
758 3696 928 3773 praefigen-

126 3796 205 3855 dum
220 3809 239 3854 a
252 3793 349 3855 uobis
361 3794 500 3854 llonrino
511 3796 711 3870 cooperante
724 3794 851 3871 sopitis,
862 3811 928 3871 pax

126 3893 215 3955 inter
229 3908 288 3953 333
302 3894 460 3968 33333133
475 3892 586 3953 331331
604 3891 808 3963 3333333331,
820 3895 853 3953 31
867 3908 927 3953 333

127 3991 243 4051 Ρ13331
259 4004 374 4065 pacem
392 3989 540 4049 eamdem
563 3989 715 4050 omnibus
731 3990 849 4051 uestris
864 4007 927 4051 cu-

126 4088 208 4149 retis
244 4087 368 4163 absque
408 4102 509 4147 morae
537 4086 712 4163 dispendio
750 4088 926 4161 nuntiare,

127 4201 252 4263 vosque
278 4188 464 4247 Janueuses
493 4183 607 4244 nuncii
628 4185 761 4246 nomine
780 4186 928 4247 omnium

126 4283 346 4348 Janueusium
370 4281 466 4345 dietis
486 4282 684 4345 Pisanorum
714 4284 845 4345 nunciis
869 4301 928 4361 pro

127 4382 262 4445 31311313
276 4382 399 4443 Ρ13333
411 4380 555 4453 Ρ133313,
574 4383 607 4443 31
627 4381 780 4442 omnibus
798 4383 879 4455 suis,
897 4385 930 4444 et

127 4498 187 4544 vos
209 4484 394 4543 Janueuses
422 4496 481 4556 pro
502 4479 608 4551 robis,
632 4482 665 4541 et
684 4481 805 4542 vestris
821 4482 930 4543 omni-

127 4580 201 4651 bus,
214 4580 301 4640 sicut
316 4578 349 4638 in
363 4578 496 4639 Pisanis
509 4579 558 4639 est
569 4576 861 4651 dictum‚eamdem
871 4596 930 4656 per

129 4680 241 4741 omnia
264 4677 406 4739 faciatis.
430 4677 479 4738 nd
501 4677 572 4737 baec
596 4678 809 4754 praecipimus
836 4678 929 4739 331313

129 4778 274 4844 Pisanis,
303 4778 339 4838 ut
367 4774 470 4837 nobili
496 4776 569 4837 viro
589 4773 696 4851 judici
721 4776 869 4838 Turitan.
897 4778 930 4839 et

129 4879 158 4953 ej
164 4894 201 4936 us
217 4875 285 4935 tilio
298 4874 462 4951 rebusque
477 4875 625 4952 ipsorum
635 4874 671 4934 in
683 4876 771 4936 terra
784 4877 817 4938 et
831 4875 927 4947 mari,

128 4990 253 5045 veram,
272 4974 411 5043 llrmam,
429 4975 461 5034 et
483 4972 614 5050 plenam
636 4988 750 5049 pacem
769 4972 927 5045 reddatis,

129 5074 228 5148 atque
243 5071 394 5133 servetis.
411 5071 528 5131 Omnia
544 5086 635 5144 vero,
654 5087 762 5148 quasa
783 5074 929 5150 tempore

129 5168 225 5230 nobis
260 5168 400 5244 praestiti
428 5169 611 5245 jnramenti
643 5171 720 5232 sunt
748 5169 929 5231 hincinde

130 5266 252 5336 ablata,
285 5266 338 5327 vel
373 5266 529 5343 deinceps
567 5266 693 5328 auferri
733 5267 927 5344 contigerit,

128 5366 304 5427 restituere
320 5380 378 5425 vos
392 5364 506 5426 Pisani
520 5366 553 5427 et
565 5369 583 5428 J
586 5382 752 5427 anueuses
774 5365 930 5427 damnum

166 5496 206 5566 (1)
220 5494 376 5566 legendam
391 5494 558 5551 crediderim
572 5498 626 5554 :Et
639 5499 821 5555 3331331133.
834 5497 930 5555 333311

129 5569 226 5627 statim
242 5565 359 5624 nomine
371 5566 500 5623 omniurn
516 5568 637 5625 tanuen.
659 5568 801 5641 predictis
818 5568 931 5627 nunciis

735 172 910 247 3333331
932 184 1165 251 3133333..

1710 192 1766 255 518

972 347 1081 425 333313
1106 348 1140 409 31
1165 344 1365 425 patientibus
1391 350 1590 427 3333333113,
1621 352 1717 415 etad
1739 352 1771 416 id

973 445 1773 529 pleniusexsequendumpostsusceptionemprae

973 544 1226 617 sentium,inlra
1238 562 1384 607 mensem
1395 563 1454 607 vos
1466 548 1676 611 Pisauiduos
1687 551 1772 612 31333

972 644 1773 716 Janueuses,etv0sJanueusestotidemPisanos

974 741 1772 822 3331333313333(113333133313333113331133113,

975 855 1056 917 quos
1080 843 1154 917 post
1172 856 1286 902 eorum
1299 842 1496 904 electionem
1511 842 1601 904 13133
1617 844 1772 917 triduum

975 937 1060 1015 quod
1075 938 1115 1000 de
1131 940 1316 1001 manifestis
1331 939 1417 1001 13133
1433 941 1670 1018 quadraginta,
1691 947 1724 1005 31
1737 945 1774 1006 13

975 1036 1084 1098 dubiis
1095 1053 1175 1098 3333
1188 1038 1262 1115 3331
1276 1038 1445 1115 querelam
1461 1041 1667 1117 propositam
1691 1042 1775 1104 13133

975 1136 1150 1211 sexaginta
1177 1135 1248 1197 dies
1274 1137 1505 1213 pronuncient,
1531 1140 1565 1201 31
1584 1142 1774 1217 potestates.

975 1234 1132 1306 rectores,
1150 1250 1209 1295 seu
1222 1235 1374 1296 consules
1389 1237 1605 1329 3331333331
1625 1256 1685 1315 333
1701 1242 1777 1300 tem-

976 1348 1055 1411 pore
1074 1332 1211 1404 sueriut,
1240 1336 1276 1394 ut
1298 1334 1330 1395 id
1351 1335 1436 1411 qnod
1468 1334 1509 1396 ab
1534 1336 1603 1397 illis
1624 1354 1776 1414 pronun-

976 1432 1098 1492 ciatum
1114 1429 1214 1493 tuerit
1228 1430 1363 1505 1331331,
1379 1436 1452 1510 3331
1470 1436 1775 1510 pronuntiationem

976 1529 1062 1590 inira
1089 1529 1206 1605 3131311
1227 1529 1297 1591 dies
1321 1532 1509 1593 executioni
1531 1533 1696 1605 mandari,
1719 1551 1775 1594 as-

976 1628 1131 1703 tringatis
1161 1627 1294 1689 vinculo
1328 1631 1521 1706 juramenti.
1554 1634 1635 1693 Haec
1669 1635 1777 1693 autem

976 1727 1070 1789 uobis
1083 1727 1124 1788 ad
1139 1742 1298 1803 praeseus,
1311 1728 1413 1789 salsis
1428 1728 1582 1789 omnibus
1598 1730 1676 1793 aliis
1690 1746 1777 1793 man·

977 1825 1062 1887 datis
1076 1824 1209 1898 nostris,
1220 1824 1376 1887 duximus
1393 1825 1777 1904 injuugcrrda.Volumus

978 1924 1077 1986 etiam
1091 1922 1186 1984 vobis
1201 1924 1423 1987 Januensibus
1439 1929 1494 2003 jus
1516 1927 1679 2004 pignoris,
1694 1927 1776 2005 quud

978 2023 1013 2083 ln
1030 2020 1181 2100 jndicatu
1201 2021 1350 2083 arboreae
1366 2040 1424 2085 333
1441 2024 1564 2086 babere
1580 2026 1774 2102 proponitis,

979 2121 1107 2182 saluum
1119 2119 1200 2192 1333,
1218 2120 1264 2182 113
1278 2122 1314 2183 31
1326 2121 1410 2182 311311
1425 2124 1678 2201 consequamini
1694 2123 1775 2184 ultra

979 2222 1112 2290 sortem,
1128 2221 1162 2281 et
1173 2234 1212 2280 ea
1224 2223 1378 2297 percepta
1391 2222 1444 2282 331
1459 2221 1486 2282 31
1498 2224 1568 2299 jam
1584 2222 1775 2300 percepistis

979 2318 1191 2390 3333133331
1214 2333 1254 2379 ea
1280 2322 1435 2397 percepta
1456 2320 1507 2381 331
1531 2321 1559 2381 31
1571 2324 1643 2399 jam
1663 2337 1777 2399 perce-

979 2417 1075 2495 pistis
1091 2416 1251 2487 eamdem,
1269 2416 1340 2493 ipsa
1354 2417 1497 2480 contenti
1516 2419 1640 2482 dictum
1660 2420 1775 2496 pignus

979 2515 1166 2577 absolutum
1182 2514 1306 2592 absque
1321 2516 1516 2580 difficultate
1535 2517 1649 2595 aliqua
1662 2518 1773 2579 ‹limit-

978 2615 1069 2678 13113.

1019 2712 1111 2774 Ν3111
1125 2728 1204 2788 3333
1218 2713 1353 2774 omuino
1369 2714 1539 2775 bominum
1564 2714 1665 2776 liceat
1679 2715 1773 2791 lmjus

980 2811 1084 2873 nostri
1106 2812 1262 2889 praecepti
1279 2812 1432 2888 paginam
1455 2812 1650 2889 infringere,
1673 2812 1772 2874 33131

980 2927 1064 2971 3333
1074 2909 1252 2971 temerario
1264 2911 1442 2972 contraire.
1460 2911 1493 2973 Si
1508 2911 1581 2988 quis
1591 2912 1700 2973 autem
1715 2912 1770 2971 buc

980 3010 1144 3071 attentare
1158 3009 1417 3086 praesumpserit,
1434 3008 1697 3086 indignationem
1712 3025 1770 3069 om·

981 3106 1160 3185 3133133113
1189 3106 1248 3167 Dei
1270 3122 1309 3168 ac
1328 3106 1499 3168 beatorum
1521 3108 1612 3169 Petri
1634 3108 1668 3169 et
1682 3106 1768 3168 Pauli

981 3207 1204 3283 apostolorum
1220 3208 1292 3283 ejus
1308 3222 1343 3266 se
1358 3206 1489 3268 noverit
1505 3207 1724 3267 incursurum.

1021 3304 1139 3366 Datum
1150 3304 1317 3376 Laterani,
1330 3304 1482 3366 kalendis
1492 3305 1688 3377 decembris,
1701 3320 1766 3382 pou·

982 3403 1125 3464 tilicatus
1139 3402 1244 3463 nostri
1257 3418 1344 3463 anuo
1360 3403 1517 3465 secunda.

1330 3571 1432 3658 LXX

982 3729 1034 3789 Aa
1048 3725 1195 3787 Petram
1208 3724 1361 3787 abbatem
1377 3728 1412 3787 S.
1428 3727 1763 3802 [133113111133333313.

1284 3846 1379 3906 23133.
1397 3849 1476 3906 tarr.

999 3965 1098 4030 [varim
1109 3963 1232 4014 Arcbires
1244 3963 1462 4013 administratives
1476 3964 1507 4013 dc
1521 3963 1617 4021 Rcims,
1628 3964 1647 4015 1.
1660 3980 1687 4015 u.
1696 3961 1754 4025 1101]

984 4075 1017 4132 Εἰ
1033 4072 1171 4147 indulget,
1183 4078 1213 4129 31
1232 4071 1419 4129 alienationes
1432 4086 1503 4144 quas
1518 4074 1549 4130 P.
1563 4080 1592 4128 ct
1605 4073 1720 4145 quidam
1731 4066 1767 4128 alii

1019 4161 1244 4235 praedecessores
1259 4162 1288 4217 in
1301 4162 1390 4233 ipsius
1401 4161 1568 4218 monasterii
1578 4161 1767 4219 detrimentum

1019 4252 1157 4321 lecerunt,
1171 4250 1300 4324 legitime
1310 4264 1446 4307 33333333
1460 4250 1560 4323 possit.

1024 4379 1191 4441 Honorius
1201 4377 1386 4455 episcopus,
1397 4393 1512 4438 seruus
1522 4394 1699 4440 servorum
1710 4375 1767 4441 bei,

984 4478 1103 4540 dilecto
1114 4476 1183 4538 tilio
1197 4475 1309 4538 abbati
1325 4478 1358 4537 S.
1376 4476 1519 4551 Remigii
1530 4466 1716 4547 Remeusis‚
1732 4489 1770 4535 sa·

984 4577 1085 4639 lutem
1100 4577 1133 4638 et
1147 4573 1682 4652 apostolicambenedictionem...

1024 4678 1073 4736 Es
1084 4676 1141 4737 tua
1157 4689 1238 4735 sane
1248 4672 1409 4734 relatione
1424 4672 1615 4749 accepimus
1629 4675 1714 4750 quod
1730 4674 1769 4737 Pa

984 4775 1016 4836 et
1031 4772 1164 4851 quidam
1184 4772 1243 4833 alii
1262 4770 1525 4848 praedecessores
1548 4771 1609 4844 tui,
1633 4772 1772 4849 quaedam

983 4872 1069 4933 bona
1092 4869 1285 4932 monasterii
1308 4872 1341 4930 S.
1369 4869 1511 4945 Remigii
1537 4870 1724 4940 Remensis‚
1747 4868 1772 4929 13

984 4985 1086 5046 grave
1107 4969 1211 5045 ipsius
1240 4966 1430 5029 alienarunt
1458 4968 1657 5028 monasterii
1677 4966 1772 5029 detri-

984 5067 1142 5129 mentum.
1159 5068 1204 5127 Ea
1221 5068 1365 5143 propter,
1384 5064 1504 5125 dilecte
1518 5064 1554 5125 in
1569 5064 1772 5131 1133313311Ιί,

984 5166 1050 5228 1313
1074 5164 1227 5242 precibus
1251 5165 1345 5239 grato
1365 5164 1603 5225 concurrentes
1633 5178 1772 5230 assensu,

986 5264 1183 5325 auctoritate
1197 5262 1256 5324 tibi
1274 5261 1485 5338 praesentium
1502 5260 1725 5337 indulgemus,
1745 5258 1775 5319 31

985 5360 1205 5424 alienationes
1230 5360 1406 5437 praedictas
1432 5358 1494 5421 tibi
1516 5359 1629 5431 liceat,
1656 5360 1774 5421 sublato

986 5494 1153 5553 Pisanorum
1170 5508 1221 5566 pro
1232 5492 1335 5550 Pisana
1355 5493 1469 5551 civitate
1484 5498 1513 5549 31
1525 5491 1664 5550 ornatibus
1676 5490 1773 5552 risibus

987 5565 1108 5623 Pisanis.
1126 5564 1331 5637 (1133311333.)

1022 5653 1503 5810 ΑΔ
