<?xml version="1.0" encoding="UTF-8"?>
<!DOCTYPE html PUBLIC "-//W3C//DTD XHTML 1.0 Transitional//EN"
    "http://www.w3.org/TR/xhtml1/DTD/xhtml1-transitional.dtd">
<html xmlns="http://www.w3.org/1999/xhtml" xml:lang="en" lang="en">
 <head>
  <title>
</title>
<meta http-equiv="Content-Type" content="text/html;charset=utf-8" />
  <meta name='ocr-system' content='tesseract 3.04.00' />
  <meta name='ocr-capabilities' content='ocr_page ocr_carea ocr_par ocr_line ocrx_word'/>
</head>
<body>
  <div class='ocr_page' id='page_1' title='image "./mediiaevibiblio02horogoog_0437.png"; bbox 0 0 3802 6166; ppageno 0'>
   <div class='ocr_carea' id='block_1_1' title="bbox 120 306 1778 375">
    <p class='ocr_par' dir='ltr' id='par_1_1' title="bbox 120 306 1778 375">
     <span class='ocr_line' id='line_1_1' title="bbox 120 306 1778 375; baseline 0.005 -9"><span class='ocrx_word' id='word_1_1' title='bbox 120 306 178 367; x_wconf 78' lang='lat' dir='ltr'>aul</span> <span class='ocrx_word' id='word_1_2' title='bbox 743 306 919 369; x_wconf 69' lang='lat' dir='ltr'>hoxoalf</span> <span class='ocrx_word' id='word_1_3' title='bbox 940 306 986 369; x_wconf 92' lang='lat'>111</span> <span class='ocrx_word' id='word_1_4' title='bbox 1007 306 1157 373; x_wconf 68' lang='lat' dir='ltr'>oralia.</span> <span class='ocrx_word' id='word_1_5' title='bbox 1715 310 1778 375; x_wconf 72' lang='lat'>³02</span> 
     </span>
    </p>
   </div>
   <div class='ocr_carea' id='block_1_2' title="bbox 120 465 1779 3677">
    <p class='ocr_par' dir='ltr' id='par_1_2' title="bbox 120 465 1779 3182">
     <span class='ocr_line' id='line_1_2' title="bbox 122 465 1779 546; baseline 0.004 -17"><span class='ocrx_word' id='word_1_6' title='bbox 122 466 392 546; x_wconf 87' lang='lat' dir='ltr'>quasdamrlllas</span> <span class='ocrx_word' id='word_1_7' title='bbox 409 466 563 528; x_wconf 89' lang='lat' dir='ltr'>incendio</span> <span class='ocrx_word' id='word_1_8' title='bbox 578 465 771 539; x_wconf 82' lang='lat' dir='ltr'>devastarit,</span> <span class='ocrx_word' id='word_1_9' title='bbox 785 469 818 529; x_wconf 94' lang='lat' dir='ltr'>et</span> <span class='ocrx_word' id='word_1_10' title='bbox 832 482 922 529; x_wconf 87' lang='lat' dir='ltr'>mer-</span> <span class='ocrx_word' id='word_1_11' title='bbox 975 468 1085 530; x_wconf 89' lang='lat' dir='ltr'>cordis</span> <span class='ocrx_word' id='word_1_12' title='bbox 1111 468 1323 541; x_wconf 89' lang='lat' dir='ltr'>intrinsecus,</span> <span class='ocrx_word' id='word_1_13' title='bbox 1348 470 1383 531; x_wconf 89' lang='lat' dir='ltr'>el</span> <span class='ocrx_word' id='word_1_14' title='bbox 1416 469 1457 533; x_wconf 93' lang='lat' dir='ltr'>de</span> <span class='ocrx_word' id='word_1_15' title='bbox 1493 472 1587 534; x_wconf 91' lang='lat' dir='ltr'>tanto</span> <span class='ocrx_word' id='word_1_16' title='bbox 1616 468 1779 535; x_wconf 87' lang='lat' dir='ltr'>scandalo</span> 
     </span>
     <span class='ocr_line' id='line_1_3' title="bbox 121 564 1779 647; baseline 0.004 -20"><span class='ocrx_word' id='word_1_17' title='bbox 121 566 253 627; x_wconf 89' lang='lat' dir='ltr'>catores</span> <span class='ocrx_word' id='word_1_18' title='bbox 272 566 389 626; x_wconf 72' lang='lat' dir='ltr'>erentes</span> <span class='ocrx_word' id='word_1_19' title='bbox 412 564 453 626; x_wconf 88' lang='lat' dir='ltr'>ad</span> <span class='ocrx_word' id='word_1_20' title='bbox 477 564 644 637; x_wconf 74' lang='lat' dir='ltr'>nundinas</span> <span class='ocrx_word' id='word_1_21' title='bbox 669 564 828 627; x_wconf 90' lang='lat' dir='ltr'>instrata</span> <span class='ocrx_word' id='word_1_22' title='bbox 852 583 919 643; x_wconf 91' lang='lat' dir='ltr'>pu·</span> <span class='ocrx_word' id='word_1_23' title='bbox 975 568 1105 627; x_wconf 89' lang='lat' dir='ltr'>urimur</span> <span class='ocrx_word' id='word_1_24' title='bbox 1129 568 1358 642; x_wconf 66' lang='lat' dir='ltr'>vehementem</span> <span class='ocrx_word' id='word_1_25' title='bbox 1383 568 1653 641; x_wconf 83' lang='lat' dir='ltr'>illiusrolentes,</span> <span class='ocrx_word' id='word_1_26' title='bbox 1679 574 1779 647; x_wconf 87' lang='lat' dir='ltr'>prout</span> 
     </span>
     <span class='ocr_line' id='line_1_4' title="bbox 120 662 1779 743; baseline 0.002 -18"><span class='ocrx_word' id='word_1_27' title='bbox 120 664 209 725; x_wconf 92' lang='lat' dir='ltr'>blica</span> <span class='ocrx_word' id='word_1_28' title='bbox 224 663 324 724; x_wconf 91' lang='lat' dir='ltr'>fuerit</span> <span class='ocrx_word' id='word_1_29' title='bbox 351 662 571 740; x_wconf 87' lang='lat' dir='ltr'>depraedatus,</span> <span class='ocrx_word' id='word_1_30' title='bbox 592 662 744 725; x_wconf 88' lang='lat' dir='ltr'>eumdem</span> <span class='ocrx_word' id='word_1_31' title='bbox 765 664 919 725; x_wconf 90' lang='lat' dir='ltr'>comitem</span> <span class='ocrx_word' id='word_1_32' title='bbox 974 665 1014 724; x_wconf 89' lang='lat' dir='ltr'>ad</span> <span class='ocrx_word' id='word_1_33' title='bbox 1039 668 1187 727; x_wconf 89' lang='lat' dir='ltr'>nostrum</span> <span class='ocrx_word' id='word_1_34' title='bbox 1211 665 1357 727; x_wconf 84' lang='lat' dir='ltr'>officium</span> <span class='ocrx_word' id='word_1_35' title='bbox 1370 668 1524 743; x_wconf 73' lang='lat' dir='ltr'>pertinet,</span> <span class='ocrx_word' id='word_1_36' title='bbox 1540 668 1705 729; x_wconf 79' lang='lat' dir='ltr'>versutiis</span> <span class='ocrx_word' id='word_1_37' title='bbox 1718 668 1779 729; x_wconf 92' lang='lat' dir='ltr'>oh-</span> 
     </span>
     <span class='ocr_line' id='line_1_5' title="bbox 121 760 1776 839; baseline 0.002 -15"><span class='ocrx_word' id='word_1_38' title='bbox 121 764 154 824; x_wconf 94' lang='lat' dir='ltr'>et</span> <span class='ocrx_word' id='word_1_39' title='bbox 188 763 311 823; x_wconf 91' lang='lat' dir='ltr'>terram</span> <span class='ocrx_word' id='word_1_40' title='bbox 345 777 440 822; x_wconf 92' lang='lat' dir='ltr'>suam</span> <span class='ocrx_word' id='word_1_41' title='bbox 466 760 625 822; x_wconf 90' lang='lat' dir='ltr'>infestare</span> <span class='ocrx_word' id='word_1_42' title='bbox 664 776 731 822; x_wconf 98' lang='lat' dir='ltr'>non</span> <span class='ocrx_word' id='word_1_43' title='bbox 764 777 917 834; x_wconf 92' lang='lat' dir='ltr'>cessans,</span> <span class='ocrx_word' id='word_1_44' title='bbox 974 762 1068 822; x_wconf 76' lang='lat' dir='ltr'>viare</span> <span class='ocrx_word' id='word_1_45' title='bbox 1093 763 1149 839; x_wconf 94' lang='lat' dir='ltr'>qui</span> <span class='ocrx_word' id='word_1_46' title='bbox 1179 762 1311 824; x_wconf 87' lang='lat' dir='ltr'>laetatur</span> <span class='ocrx_word' id='word_1_47' title='bbox 1334 780 1410 825; x_wconf 89' lang='lat' dir='ltr'>cum</span> <span class='ocrx_word' id='word_1_48' title='bbox 1435 764 1522 825; x_wconf 89' lang='lat' dir='ltr'>male</span> <span class='ocrx_word' id='word_1_49' title='bbox 1548 764 1668 826; x_wconf 88' lang='lat' dir='ltr'>fecerit</span> <span class='ocrx_word' id='word_1_50' title='bbox 1685 770 1718 826; x_wconf 88' lang='lat' dir='ltr'>et</span> <span class='ocrx_word' id='word_1_51' title='bbox 1743 768 1776 827; x_wconf 93' lang='lat' dir='ltr'>in</span> 
     </span>
     <span class='ocr_line' id='line_1_6' title="bbox 121 857 1777 939; baseline 0.002 -19"><span class='ocrx_word' id='word_1_52' title='bbox 121 874 320 937; x_wconf 87' lang='lat' dir='ltr'>quamquam</span> <span class='ocrx_word' id='word_1_53' title='bbox 335 857 456 920; x_wconf 91' lang='lat' dir='ltr'>dilecta</span> <span class='ocrx_word' id='word_1_54' title='bbox 477 860 513 919; x_wconf 91' lang='lat' dir='ltr'>in</span> <span class='ocrx_word' id='word_1_55' title='bbox 532 859 664 920; x_wconf 84' lang='lat' dir='ltr'>Christo</span> <span class='ocrx_word' id='word_1_56' title='bbox 683 859 753 921; x_wconf 90' lang='lat' dir='ltr'>fllia</span> <span class='ocrx_word' id='word_1_57' title='bbox 772 859 919 920; x_wconf 89' lang='lat' dir='ltr'>Blancha</span> <span class='ocrx_word' id='word_1_58' title='bbox 974 860 1128 936; x_wconf 77' lang='lat' dir='ltr'>pessimis</span> <span class='ocrx_word' id='word_1_59' title='bbox 1140 860 1240 923; x_wconf 91' lang='lat' dir='ltr'>rehus</span> <span class='ocrx_word' id='word_1_60' title='bbox 1256 862 1394 934; x_wconf 84' lang='lat' dir='ltr'>exultat,</span> <span class='ocrx_word' id='word_1_61' title='bbox 1411 878 1453 923; x_wconf 90' lang='lat' dir='ltr'>ne</span> <span class='ocrx_word' id='word_1_62' title='bbox 1468 862 1599 923; x_wconf 91' lang='lat' dir='ltr'>modico</span> <span class='ocrx_word' id='word_1_63' title='bbox 1616 864 1777 939; x_wconf 77' lang='lat' dir='ltr'>maligni-</span> 
     </span>
     <span class='ocr_line' id='line_1_7' title="bbox 124 956 1777 1039; baseline 0.003 -22"><span class='ocrx_word' id='word_1_64' title='bbox 124 957 306 1027; x_wconf 87' lang='lat' dir='ltr'>comitissa,</span> <span class='ocrx_word' id='word_1_65' title='bbox 322 957 430 1017; x_wconf 92' lang='lat' dir='ltr'>mater</span> <span class='ocrx_word' id='word_1_66' title='bbox 449 956 555 1033; x_wconf 92' lang='lat' dir='ltr'>ipsius</span> <span class='ocrx_word' id='word_1_67' title='bbox 577 956 718 1028; x_wconf 89' lang='lat' dir='ltr'>comitis,</span> <span class='ocrx_word' id='word_1_68' title='bbox 747 973 820 1033; x_wconf 86' lang='lat' dir='ltr'>quae</span> <span class='ocrx_word' id='word_1_69' title='bbox 842 956 918 1017; x_wconf 92' lang='lat' dir='ltr'>hal·</span> <span class='ocrx_word' id='word_1_70' title='bbox 973 958 1051 1019; x_wconf 88' lang='lat' dir='ltr'>tatis</span> <span class='ocrx_word' id='word_1_71' title='bbox 1080 958 1242 1021; x_wconf 90' lang='lat' dir='ltr'>fermento</span> <span class='ocrx_word' id='word_1_72' title='bbox 1269 960 1336 1021; x_wconf 90' lang='lat' dir='ltr'>tota</span> <span class='ocrx_word' id='word_1_73' title='bbox 1364 976 1474 1021; x_wconf 87' lang='lat' dir='ltr'>massa</span> <span class='ocrx_word' id='word_1_74' title='bbox 1506 976 1625 1022; x_wconf 94' lang='lat' dir='ltr'>eorum</span> <span class='ocrx_word' id='word_1_75' title='bbox 1653 962 1712 1039; x_wconf 94' lang='lat' dir='ltr'>qui</span> <span class='ocrx_word' id='word_1_76' title='bbox 1738 962 1777 1023; x_wconf 92' lang='lat' dir='ltr'>de</span> 
     </span>
     <span class='ocr_line' id='line_1_8' title="bbox 122 1054 1774 1135; baseline 0.002 -18"><span class='ocrx_word' id='word_1_77' title='bbox 122 1056 205 1119; x_wconf 92' lang='lat' dir='ltr'>lium</span> <span class='ocrx_word' id='word_1_78' title='bbox 231 1054 318 1131; x_wconf 78' lang='lat' dir='ltr'>gerit</span> <span class='ocrx_word' id='word_1_79' title='bbox 345 1054 505 1131; x_wconf 89' lang='lat' dir='ltr'>ejusdem,</span> <span class='ocrx_word' id='word_1_80' title='bbox 533 1056 650 1131; x_wconf 88' lang='lat' dir='ltr'>parata</span> <span class='ocrx_word' id='word_1_81' title='bbox 670 1055 714 1115; x_wconf 90' lang='lat' dir='ltr'>sit</span> <span class='ocrx_word' id='word_1_82' title='bbox 738 1054 919 1116; x_wconf 91' lang='lat' dir='ltr'>secundum</span> <span class='ocrx_word' id='word_1_83' title='bbox 973 1071 1078 1131; x_wconf 80' lang='lat' dir='ltr'>regno</span> <span class='ocrx_word' id='word_1_84' title='bbox 1097 1057 1248 1117; x_wconf 79' lang='lat' dir='ltr'>Franciae</span> <span class='ocrx_word' id='word_1_85' title='bbox 1262 1057 1303 1116; x_wconf 89' lang='lat' dir='ltr'>ad</span> <span class='ocrx_word' id='word_1_86' title='bbox 1333 1056 1525 1135; x_wconf 81' lang='lat' dir='ltr'><strong>obsequium</strong></span> <span class='ocrx_word' id='word_1_87' title='bbox 1540 1060 1625 1120; x_wconf 89' lang='lat' dir='ltr'>Jesu</span> <span class='ocrx_word' id='word_1_88' title='bbox 1651 1058 1774 1121; x_wconf 77' lang='lat' dir='ltr'>Christi</span> 
     </span>
     <span class='ocr_line' id='line_1_9' title="bbox 120 1152 1775 1232; baseline 0.001 -17"><span class='ocrx_word' id='word_1_89' title='bbox 120 1153 338 1231; x_wconf 81' lang='lat' dir='ltr'><strong>approbatam</strong></span> <span class='ocrx_word' id='word_1_90' title='bbox 362 1153 457 1229; x_wconf 79' lang='lat' dir='ltr'>regni</span> <span class='ocrx_word' id='word_1_91' title='bbox 472 1153 626 1214; x_wconf 80' lang='lat' dir='ltr'>Franciae</span> <span class='ocrx_word' id='word_1_92' title='bbox 646 1153 919 1215; x_wconf 81' lang='lat' dir='ltr'>consuetudinem</span> <span class='ocrx_word' id='word_1_93' title='bbox 974 1152 1060 1213; x_wconf 89' lang='lat' dir='ltr'>facta</span> <span class='ocrx_word' id='word_1_94' title='bbox 1085 1157 1147 1225; x_wconf 88' lang='lat' dir='ltr'>est,</span> <span class='ocrx_word' id='word_1_95' title='bbox 1164 1155 1258 1231; x_wconf 86' lang='lat' dir='ltr'>quasi</span> <span class='ocrx_word' id='word_1_96' title='bbox 1282 1170 1367 1215; x_wconf 82' lang='lat' dir='ltr'>nora</span> <span class='ocrx_word' id='word_1_97' title='bbox 1398 1157 1592 1232; x_wconf 80' lang='lat' dir='ltr'>conspersio</span> <span class='ocrx_word' id='word_1_98' title='bbox 1620 1172 1775 1218; x_wconf 91' lang='lat' dir='ltr'>corrum-</span> 
     </span>
     <span class='ocr_line' id='line_1_10' title="bbox 123 1252 1776 1330; baseline 0.002 -19"><span class='ocrx_word' id='word_1_99' title='bbox 123 1257 213 1315; x_wconf 86' lang='lat' dir='ltr'>stare</span> <span class='ocrx_word' id='word_1_100' title='bbox 234 1252 327 1329; x_wconf 90' lang='lat' dir='ltr'>juri;</span> <span class='ocrx_word' id='word_1_101' title='bbox 355 1267 415 1312; x_wconf 76' lang='lat' dir='ltr'>ros</span> <span class='ocrx_word' id='word_1_102' title='bbox 447 1252 581 1320; x_wconf 91' lang='lat' dir='ltr'>tamen,</span> <span class='ocrx_word' id='word_1_103' title='bbox 616 1253 684 1312; x_wconf 90' lang='lat' dir='ltr'>fam</span> <span class='ocrx_word' id='word_1_104' title='bbox 718 1254 919 1328; x_wconf 78' lang='lat' dir='ltr'>praeceptum</span> <span class='ocrx_word' id='word_1_105' title='bbox 973 1253 1081 1327; x_wconf 91' lang='lat' dir='ltr'>patur,</span> <span class='ocrx_word' id='word_1_106' title='bbox 1098 1252 1154 1312; x_wconf 89' lang='lat' dir='ltr'>sed</span> <span class='ocrx_word' id='word_1_107' title='bbox 1170 1253 1206 1312; x_wconf 95' lang='lat' dir='ltr'>in</span> <span class='ocrx_word' id='word_1_108' title='bbox 1220 1255 1346 1330; x_wconf 72' lang='lat' dir='ltr'>azymis</span> <span class='ocrx_word' id='word_1_109' title='bbox 1360 1254 1563 1315; x_wconf 85' lang='lat' dir='ltr'>sinceritatis</span> <span class='ocrx_word' id='word_1_110' title='bbox 1576 1256 1610 1315; x_wconf 92' lang='lat' dir='ltr'>ef</span> <span class='ocrx_word' id='word_1_111' title='bbox 1624 1255 1776 1317; x_wconf 79' lang='lat' dir='ltr'>raritatis</span> 
     </span>
     <span class='ocr_line' id='line_1_11' title="bbox 122 1349 1771 1428; baseline 0.001 -16"><span class='ocrx_word' id='word_1_112' title='bbox 122 1350 269 1428; x_wconf 76' lang='lat' dir='ltr'>eJusdem</span> <span class='ocrx_word' id='word_1_113' title='bbox 294 1349 548 1425; x_wconf 80' lang='lat' dir='ltr'>praedecessoris</span> <span class='ocrx_word' id='word_1_114' title='bbox 575 1350 681 1411; x_wconf 80' lang='lat' dir='ltr'>nostri</span> <span class='ocrx_word' id='word_1_115' title='bbox 707 1350 742 1410; x_wconf 89' lang='lat' dir='ltr'>et</span> <span class='ocrx_word' id='word_1_116' title='bbox 769 1352 919 1411; x_wconf 89' lang='lat' dir='ltr'>nostrum</span> <span class='ocrx_word' id='word_1_117' title='bbox 975 1350 1083 1425; x_wconf 88' lang='lat' dir='ltr'>potius</span> <span class='ocrx_word' id='word_1_118' title='bbox 1110 1350 1276 1426; x_wconf 91' lang='lat' dir='ltr'>epulando</span> <span class='ocrx_word' id='word_1_119' title='bbox 1291 1350 1407 1413; x_wconf 89' lang='lat' dir='ltr'>reddat</span> <span class='ocrx_word' id='word_1_120' title='bbox 1432 1353 1572 1412; x_wconf 86' lang='lat' dir='ltr'>Domino</span> <span class='ocrx_word' id='word_1_121' title='bbox 1601 1356 1681 1413; x_wconf 78' lang='lat' dir='ltr'>rota</span> <span class='ocrx_word' id='word_1_122' title='bbox 1699 1370 1771 1423; x_wconf 87' lang='lat' dir='ltr'>sua,</span> 
     </span>
     <span class='ocr_line' id='line_1_12' title="bbox 123 1446 1773 1528; baseline 0.002 -20"><span class='ocrx_word' id='word_1_123' title='bbox 123 1464 222 1526; x_wconf 90' lang='lat' dir='ltr'>quam</span> <span class='ocrx_word' id='word_1_124' title='bbox 233 1448 502 1509; x_wconf 90' lang='lat' dir='ltr'>constitutionem</span> <span class='ocrx_word' id='word_1_125' title='bbox 518 1447 648 1524; x_wconf 91' lang='lat' dir='ltr'>praefati</span> <span class='ocrx_word' id='word_1_126' title='bbox 660 1447 793 1507; x_wconf 89' lang='lat' dir='ltr'>concilii</span> <span class='ocrx_word' id='word_1_127' title='bbox 809 1448 920 1507; x_wconf 90' lang='lat' dir='ltr'>surdis</span> <span class='ocrx_word' id='word_1_128' title='bbox 971 1446 1174 1525; x_wconf 87' lang='lat' dir='ltr'>fraternitati</span> <span class='ocrx_word' id='word_1_129' title='bbox 1202 1451 1323 1509; x_wconf 81' lang='lat' dir='ltr'>restrae</span> <span class='ocrx_word' id='word_1_130' title='bbox 1348 1464 1409 1526; x_wconf 91' lang='lat' dir='ltr'>per</span> <span class='ocrx_word' id='word_1_131' title='bbox 1434 1450 1619 1526; x_wconf 87' lang='lat' dir='ltr'>apostolica</span> <span class='ocrx_word' id='word_1_132' title='bbox 1651 1452 1773 1528; x_wconf 90' lang='lat' dir='ltr'>scripta</span> 
     </span>
     <span class='ocr_line' id='line_1_13' title="bbox 122 1543 1773 1625; baseline 0.001 -18"><span class='ocrx_word' id='word_1_133' title='bbox 122 1545 260 1607; x_wconf 89' lang='lat' dir='ltr'>auribus</span> <span class='ocrx_word' id='word_1_134' title='bbox 284 1546 507 1617; x_wconf 87' lang='lat' dir='ltr'>transeuntes,</span> <span class='ocrx_word' id='word_1_135' title='bbox 537 1561 603 1606; x_wconf 94' lang='lat' dir='ltr'>non</span> <span class='ocrx_word' id='word_1_136' title='bbox 626 1546 755 1607; x_wconf 91' lang='lat' dir='ltr'>tantum</span> <span class='ocrx_word' id='word_1_137' title='bbox 771 1545 918 1622; x_wconf 71' lang='lat' dir='ltr'>praedicti</span> <span class='ocrx_word' id='word_1_138' title='bbox 974 1543 1114 1605; x_wconf 89' lang='lat' dir='ltr'>firmiter</span> <span class='ocrx_word' id='word_1_139' title='bbox 1139 1545 1361 1623; x_wconf 87' lang='lat' dir='ltr'>praecipiendo</span> <span class='ocrx_word' id='word_1_140' title='bbox 1382 1546 1578 1607; x_wconf 88' lang='lat' dir='ltr'>mandamus</span> <span class='ocrx_word' id='word_1_141' title='bbox 1604 1549 1773 1625; x_wconf 84' lang='lat' dir='ltr'>quatinus,</span> 
     </span>
     <span class='ocr_line' id='line_1_14' title="bbox 121 1641 1773 1721; baseline -0.001 -14"><span class='ocrx_word' id='word_1_142' title='bbox 121 1644 241 1707; x_wconf 84' lang='lat' dir='ltr'>Erardi</span> <span class='ocrx_word' id='word_1_143' title='bbox 267 1646 301 1705; x_wconf 88' lang='lat' dir='ltr'>et</span> <span class='ocrx_word' id='word_1_144' title='bbox 325 1642 492 1704; x_wconf 89' lang='lat' dir='ltr'>fautorum</span> <span class='ocrx_word' id='word_1_145' title='bbox 518 1643 625 1719; x_wconf 92' lang='lat' dir='ltr'>ipsius</span> <span class='ocrx_word' id='word_1_146' title='bbox 649 1643 870 1704; x_wconf 87' lang='lat' dir='ltr'>temeritatem</span> <span class='ocrx_word' id='word_1_147' title='bbox 887 1643 920 1704; x_wconf 92' lang='lat' dir='ltr'>et</span> <span class='ocrx_word' id='word_1_148' title='bbox 974 1643 1076 1701; x_wconf 84' lang='lat' dir='ltr'>Deum</span> <span class='ocrx_word' id='word_1_149' title='bbox 1092 1641 1252 1703; x_wconf 89' lang='lat' dir='ltr'>hahentes</span> <span class='ocrx_word' id='word_1_150' title='bbox 1273 1660 1342 1720; x_wconf 73' lang='lat' dir='ltr'>prae</span> <span class='ocrx_word' id='word_1_151' title='bbox 1365 1644 1484 1715; x_wconf 89' lang='lat' dir='ltr'>oculis,</span> <span class='ocrx_word' id='word_1_152' title='bbox 1498 1645 1622 1721; x_wconf 73' lang='lat' dir='ltr'>gratia,</span> <span class='ocrx_word' id='word_1_153' title='bbox 1639 1646 1720 1706; x_wconf 92' lang='lat' dir='ltr'>odio</span> <span class='ocrx_word' id='word_1_154' title='bbox 1737 1662 1773 1706; x_wconf 91' lang='lat' dir='ltr'>ac</span> 
     </span>
     <span class='ocr_line' id='line_1_15' title="bbox 121 1738 1773 1817; baseline 0.001 -14"><span class='ocrx_word' id='word_1_155' title='bbox 121 1740 296 1812; x_wconf 91' lang='lat' dir='ltr'>malitiam,</span> <span class='ocrx_word' id='word_1_156' title='bbox 325 1740 414 1802; x_wconf 89' lang='lat' dir='ltr'>sicut</span> <span class='ocrx_word' id='word_1_157' title='bbox 444 1740 584 1812; x_wconf 90' lang='lat' dir='ltr'>dicitur,</span> <span class='ocrx_word' id='word_1_158' title='bbox 613 1755 824 1817; x_wconf 91' lang='lat' dir='ltr'>compescere</span> <span class='ocrx_word' id='word_1_159' title='bbox 852 1756 919 1802; x_wconf 96' lang='lat' dir='ltr'>non</span> <span class='ocrx_word' id='word_1_160' title='bbox 973 1738 1091 1799; x_wconf 88' lang='lat' dir='ltr'>timore</span> <span class='ocrx_word' id='word_1_161' title='bbox 1104 1740 1306 1817; x_wconf 86' lang='lat' dir='ltr'>postpositis,</span> <span class='ocrx_word' id='word_1_162' title='bbox 1319 1742 1433 1803; x_wconf 87' lang='lat' dir='ltr'>contra</span> <span class='ocrx_word' id='word_1_163' title='bbox 1446 1742 1642 1803; x_wconf 87' lang='lat' dir='ltr'>eorumdem</span> <span class='ocrx_word' id='word_1_164' title='bbox 1657 1743 1773 1804; x_wconf 85' lang='lat' dir='ltr'>Erardi</span> 
     </span>
     <span class='ocr_line' id='line_1_16' title="bbox 120 1836 1772 1918; baseline 0.001 -18"><span class='ocrx_word' id='word_1_165' title='bbox 120 1839 258 1911; x_wconf 90' lang='lat' dir='ltr'>curatis,</span> <span class='ocrx_word' id='word_1_166' title='bbox 275 1839 331 1899; x_wconf 93' lang='lat' dir='ltr'>sed</span> <span class='ocrx_word' id='word_1_167' title='bbox 347 1838 381 1898; x_wconf 91' lang='lat' dir='ltr'>et</span> <span class='ocrx_word' id='word_1_168' title='bbox 394 1837 528 1915; x_wconf 89' lang='lat' dir='ltr'>quidam</span> <span class='ocrx_word' id='word_1_169' title='bbox 548 1840 704 1905; x_wconf 86' lang='lat' dir='ltr'>restrum,</span> <span class='ocrx_word' id='word_1_170' title='bbox 719 1837 804 1915; x_wconf 92' lang='lat' dir='ltr'>quod</span> <span class='ocrx_word' id='word_1_171' title='bbox 818 1852 919 1913; x_wconf 80' lang='lat' dir='ltr'>grave</span> <span class='ocrx_word' id='word_1_172' title='bbox 974 1836 1772 1918; x_wconf 67' lang='lat' dir='ltr'>etPhilippaepresumptionemmalignamjnxta</span> 
     </span>
     <span class='ocr_line' id='line_1_17' title="bbox 122 1934 1772 2012; baseline 0.001 -15"><span class='ocrx_word' id='word_1_173' title='bbox 122 1938 269 2011; x_wconf 73' lang='lat' dir='ltr'>perimus</span> <span class='ocrx_word' id='word_1_174' title='bbox 297 1936 330 1997; x_wconf 90' lang='lat' dir='ltr'>et</span> <span class='ocrx_word' id='word_1_175' title='bbox 358 1936 545 2001; x_wconf 80' lang='lat' dir='ltr'>molestum.</span> <span class='ocrx_word' id='word_1_176' title='bbox 573 1935 696 1997; x_wconf 90' lang='lat' dir='ltr'>omissa</span> <span class='ocrx_word' id='word_1_177' title='bbox 719 1934 919 2012; x_wconf 87' lang='lat' dir='ltr'>pontificalis</span> <span class='ocrx_word' id='word_1_178' title='bbox 975 1934 1230 2010; x_wconf 89' lang='lat' dir='ltr'>praedecessoris</span> <span class='ocrx_word' id='word_1_179' title='bbox 1243 1938 1346 1997; x_wconf 93' lang='lat' dir='ltr'>nostri</span> <span class='ocrx_word' id='word_1_180' title='bbox 1357 1937 1548 1998; x_wconf 88' lang='lat' dir='ltr'>mandatum</span> <span class='ocrx_word' id='word_1_181' title='bbox 1560 1940 1595 1999; x_wconf 90' lang='lat' dir='ltr'>et</span> <span class='ocrx_word' id='word_1_182' title='bbox 1610 1942 1772 2009; x_wconf 87' lang='lat' dir='ltr'>nostrum,</span> 
     </span>
     <span class='ocr_line' id='line_1_18' title="bbox 122 2032 1772 2114; baseline 0.001 -18"><span class='ocrx_word' id='word_1_183' title='bbox 122 2034 225 2096; x_wconf 89' lang='lat' dir='ltr'>offleii</span> <span class='ocrx_word' id='word_1_184' title='bbox 239 2034 415 2109; x_wconf 78' lang='lat' dir='ltr'>gravitate,</span> <span class='ocrx_word' id='word_1_185' title='bbox 429 2033 637 2095; x_wconf 88' lang='lat' dir='ltr'>ambulantes</span> <span class='ocrx_word' id='word_1_186' title='bbox 649 2032 829 2094; x_wconf 89' lang='lat' dir='ltr'>secundum</span> <span class='ocrx_word' id='word_1_187' title='bbox 844 2050 921 2095; x_wconf 90' lang='lat' dir='ltr'>car·</span> <span class='ocrx_word' id='word_1_188' title='bbox 973 2032 1085 2093; x_wconf 87' lang='lat' dir='ltr'>taliter</span> <span class='ocrx_word' id='word_1_189' title='bbox 1096 2033 1168 2093; x_wconf 90' lang='lat' dir='ltr'>sine</span> <span class='ocrx_word' id='word_1_190' title='bbox 1183 2049 1285 2094; x_wconf 87' lang='lat' dir='ltr'>morae</span> <span class='ocrx_word' id='word_1_191' title='bbox 1296 2034 1469 2111; x_wconf 89' lang='lat' dir='ltr'>dispendio</span> <span class='ocrx_word' id='word_1_192' title='bbox 1477 2036 1680 2112; x_wconf 86' lang='lat' dir='ltr'>procedatis,</span> <span class='ocrx_word' id='word_1_193' title='bbox 1691 2036 1772 2114; x_wconf 89' lang='lat' dir='ltr'>quod</span> 
     </span>
     <span class='ocr_line' id='line_1_19' title="bbox 121 2129 1773 2209; baseline -0.001 -15"><span class='ocrx_word' id='word_1_194' title='bbox 121 2149 210 2203; x_wconf 79' lang='lat' dir='ltr'>rtem,</span> <span class='ocrx_word' id='word_1_195' title='bbox 224 2133 257 2194; x_wconf 90' lang='lat' dir='ltr'>et</span> <span class='ocrx_word' id='word_1_196' title='bbox 271 2132 395 2193; x_wconf 93' lang='lat' dir='ltr'>luctum</span> <span class='ocrx_word' id='word_1_197' title='bbox 409 2132 542 2193; x_wconf 77' lang='lat' dir='ltr'>riarum</span> <span class='ocrx_word' id='word_1_198' title='bbox 570 2132 650 2193; x_wconf 88' lang='lat' dir='ltr'>Sion</span> <span class='ocrx_word' id='word_1_199' title='bbox 678 2131 837 2193; x_wconf 88' lang='lat' dir='ltr'>ducentes</span> <span class='ocrx_word' id='word_1_200' title='bbox 860 2148 920 2209; x_wconf 90' lang='lat' dir='ltr'>pro</span> <span class='ocrx_word' id='word_1_201' title='bbox 972 2129 1079 2190; x_wconf 86' lang='lat' dir='ltr'>zelum</span> <span class='ocrx_word' id='word_1_202' title='bbox 1103 2130 1226 2192; x_wconf 87' lang='lat' dir='ltr'>hahere</span> <span class='ocrx_word' id='word_1_203' title='bbox 1236 2132 1415 2192; x_wconf 84' lang='lat' dir='ltr'>rideamini</span> <span class='ocrx_word' id='word_1_204' title='bbox 1430 2135 1542 2194; x_wconf 79' lang='lat' dir='ltr'>Terrae</span> <span class='ocrx_word' id='word_1_205' title='bbox 1558 2136 1705 2207; x_wconf 73' lang='lat' dir='ltr'>Sanctae,</span> <span class='ocrx_word' id='word_1_206' title='bbox 1719 2151 1773 2197; x_wconf 93' lang='lat' dir='ltr'>cu-</span> 
     </span>
     <span class='ocr_line' id='line_1_20' title="bbox 122 2228 1771 2309; baseline 0 -17"><span class='ocrx_word' id='word_1_207' title='bbox 122 2230 241 2299; x_wconf 90' lang='lat' dir='ltr'>nihilo,</span> <span class='ocrx_word' id='word_1_208' title='bbox 258 2231 365 2291; x_wconf 88' lang='lat' dir='ltr'>eidem</span> <span class='ocrx_word' id='word_1_209' title='bbox 380 2230 543 2291; x_wconf 81' lang='lat' dir='ltr'>atrxilium</span> <span class='ocrx_word' id='word_1_210' title='bbox 557 2229 707 2291; x_wconf 90' lang='lat' dir='ltr'>trihuunt</span> <span class='ocrx_word' id='word_1_211' title='bbox 717 2229 918 2295; x_wconf 83' lang='lat' dir='ltr'>attererem.</span> <span class='ocrx_word' id='word_1_212' title='bbox 969 2228 1026 2304; x_wconf 91' lang='lat' dir='ltr'>jus</span> <span class='ocrx_word' id='word_1_213' title='bbox 1041 2244 1083 2288; x_wconf 87' lang='lat' dir='ltr'>ex</span> <span class='ocrx_word' id='word_1_214' title='bbox 1094 2228 1283 2305; x_wconf 89' lang='lat' dir='ltr'>hujusmodi</span> <span class='ocrx_word' id='word_1_215' title='bbox 1291 2231 1477 2292; x_wconf 89' lang='lat' dir='ltr'>temeritate</span> <span class='ocrx_word' id='word_1_216' title='bbox 1489 2232 1655 2292; x_wconf 81' lang='lat' dir='ltr'>auxilium</span> <span class='ocrx_word' id='word_1_217' title='bbox 1667 2233 1771 2309; x_wconf 88' lang='lat' dir='ltr'>impe-</span> 
     </span>
     <span class='ocr_line' id='line_1_21' title="bbox 123 2325 1770 2407; baseline 0 -18"><span class='ocrx_word' id='word_1_218' title='bbox 123 2328 191 2407; x_wconf 93' lang='lat' dir='ltr'>qui,</span> <span class='ocrx_word' id='word_1_219' title='bbox 216 2331 253 2390; x_wconf 89' lang='lat' dir='ltr'>ut</span> <span class='ocrx_word' id='word_1_220' title='bbox 280 2328 321 2388; x_wconf 93' lang='lat' dir='ltr'>de</span> <span class='ocrx_word' id='word_1_221' title='bbox 346 2327 516 2405; x_wconf 85' lang='lat' dir='ltr'>praedicfis</span> <span class='ocrx_word' id='word_1_222' title='bbox 530 2327 717 2389; x_wconf 88' lang='lat' dir='ltr'>rationibus</span> <span class='ocrx_word' id='word_1_223' title='bbox 736 2329 917 2395; x_wconf 88' lang='lat' dir='ltr'>taceamus,</span> <span class='ocrx_word' id='word_1_224' title='bbox 974 2325 1116 2395; x_wconf 89' lang='lat' dir='ltr'>ditur,et</span> <span class='ocrx_word' id='word_1_225' title='bbox 1127 2327 1280 2403; x_wconf 85' lang='lat' dir='ltr'>expiasse</span> <span class='ocrx_word' id='word_1_226' title='bbox 1290 2328 1770 2391; x_wconf 87' lang='lat' dir='ltr'>nihilominusinobedientiam</span> 
     </span>
     <span class='ocr_line' id='line_1_22' title="bbox 122 2422 1769 2503; baseline 0 -15"><span class='ocrx_word' id='word_1_227' title='bbox 122 2426 252 2489; x_wconf 87' lang='lat' dir='ltr'>ratione</span> <span class='ocrx_word' id='word_1_228' title='bbox 265 2426 411 2501; x_wconf 79' lang='lat' dir='ltr'>homagii</span> <span class='ocrx_word' id='word_1_229' title='bbox 423 2425 509 2503; x_wconf 91' lang='lat' dir='ltr'>quod</span> <span class='ocrx_word' id='word_1_230' title='bbox 524 2426 722 2503; x_wconf 91' lang='lat' dir='ltr'>receperunt</span> <span class='ocrx_word' id='word_1_231' title='bbox 735 2425 777 2486; x_wconf 91' lang='lat' dir='ltr'>ah</span> <span class='ocrx_word' id='word_1_232' title='bbox 792 2442 842 2497; x_wconf 94' lang='lat' dir='ltr'>eo,</span> <span class='ocrx_word' id='word_1_233' title='bbox 855 2424 919 2486; x_wconf 88' lang='lat' dir='ltr'>de·</span> <span class='ocrx_word' id='word_1_234' title='bbox 974 2438 1047 2499; x_wconf 85' lang='lat' dir='ltr'>quae</span> <span class='ocrx_word' id='word_1_235' title='bbox 1076 2422 1198 2484; x_wconf 90' lang='lat' dir='ltr'>dicitur</span> <span class='ocrx_word' id='word_1_236' title='bbox 1224 2426 1445 2501; x_wconf 74' lang='lat' dir='ltr'>praecessisse,</span> <span class='ocrx_word' id='word_1_237' title='bbox 1462 2442 1522 2502; x_wconf 92' lang='lat' dir='ltr'>per</span> <span class='ocrx_word' id='word_1_238' title='bbox 1549 2427 1769 2488; x_wconf 88' lang='lat' dir='ltr'>obedientiam</span> 
     </span>
     <span class='ocr_line' id='line_1_23' title="bbox 124 2520 1768 2600; baseline -0.001 -15"><span class='ocrx_word' id='word_1_239' title='bbox 124 2523 920 2600; x_wconf 79' lang='lat' dir='ltr'>herculeumdemcomitemdefensare.hdjunxit</span> <span class='ocrx_word' id='word_1_240' title='bbox 974 2520 1195 2589; x_wconf 85' lang='lat' dir='ltr'>subsecutam,</span> <span class='ocrx_word' id='word_1_241' title='bbox 1215 2538 1255 2582; x_wconf 88' lang='lat' dir='ltr'>ac</span> <span class='ocrx_word' id='word_1_242' title='bbox 1277 2539 1338 2583; x_wconf 93' lang='lat' dir='ltr'>nos</span> <span class='ocrx_word' id='word_1_243' title='bbox 1361 2523 1455 2585; x_wconf 82' lang='lat' dir='ltr'>vohis</span> <span class='ocrx_word' id='word_1_244' title='bbox 1483 2523 1634 2585; x_wconf 87' lang='lat' dir='ltr'>scrihere</span> <span class='ocrx_word' id='word_1_245' title='bbox 1657 2525 1768 2586; x_wconf 86' lang='lat' dir='ltr'>durius</span> 
     </span>
     <span class='ocr_line' id='line_1_24' title="bbox 123 2620 1767 2699; baseline -0.001 -16"><span class='ocrx_word' id='word_1_246' title='bbox 123 2623 224 2684; x_wconf 87' lang='lat' dir='ltr'>etiarn</span> <span class='ocrx_word' id='word_1_247' title='bbox 240 2620 920 2698; x_wconf 79' lang='lat' dir='ltr'>idemdunquod,nisihuicmorhocitius</span> <span class='ocrx_word' id='word_1_248' title='bbox 975 2632 1040 2677; x_wconf 93' lang='lat' dir='ltr'>non</span> <span class='ocrx_word' id='word_1_249' title='bbox 1072 2633 1248 2693; x_wconf 76' lang='lat' dir='ltr'>cogamur,</span> <span class='ocrx_word' id='word_1_250' title='bbox 1290 2621 1345 2697; x_wconf 88' lang='lat' dir='ltr'>qui</span> <span class='ocrx_word' id='word_1_251' title='bbox 1368 2620 1528 2682; x_wconf 90' lang='lat' dir='ltr'>hahemus</span> <span class='ocrx_word' id='word_1_252' title='bbox 1554 2624 1591 2681; x_wconf 91' lang='lat' dir='ltr'>in</span> <span class='ocrx_word' id='word_1_253' title='bbox 1621 2625 1767 2699; x_wconf 89' lang='lat' dir='ltr'>promptu</span> 
     </span>
     <span class='ocr_line' id='line_1_25' title="bbox 125 2716 1766 2796; baseline -0.001 -17"><span class='ocrx_word' id='word_1_254' title='bbox 125 2720 313 2795; x_wconf 90' lang='lat' dir='ltr'>apponatur</span> <span class='ocrx_word' id='word_1_255' title='bbox 337 2717 537 2786; x_wconf 92' lang='lat' dir='ltr'>remedium,</span> <span class='ocrx_word' id='word_1_256' title='bbox 566 2716 740 2792; x_wconf 87' lang='lat' dir='ltr'>plusquam</span> <span class='ocrx_word' id='word_1_257' title='bbox 765 2716 920 2777; x_wconf 90' lang='lat' dir='ltr'>credatur</span> <span class='ocrx_word' id='word_1_258' title='bbox 974 2730 1105 2775; x_wconf 90' lang='lat' dir='ltr'>omnem</span> <span class='ocrx_word' id='word_1_259' title='bbox 1120 2716 1377 2779; x_wconf 88' lang='lat' dir='ltr'>inobedientiam</span> <span class='ocrx_word' id='word_1_260' title='bbox 1396 2718 1579 2790; x_wconf 81' lang='lat' dir='ltr'>vindicare,</span> <span class='ocrx_word' id='word_1_261' title='bbox 1597 2720 1766 2796; x_wconf 88' lang='lat' dir='ltr'>sprituali-</span> 
     </span>
     <span class='ocr_line' id='line_1_26' title="bbox 122 2810 1764 2891; baseline 0.001 -15"><span class='ocrx_word' id='word_1_262' title='bbox 122 2819 235 2876; x_wconf 83' lang='lat' dir='ltr'>&#39;lerrae</span> <span class='ocrx_word' id='word_1_263' title='bbox 269 2816 399 2875; x_wconf 86' lang='lat' dir='ltr'>Sanctae</span> <span class='ocrx_word' id='word_1_264' title='bbox 433 2814 631 2891; x_wconf 90' lang='lat' dir='ltr'>impedietur</span> <span class='ocrx_word' id='word_1_265' title='bbox 661 2829 849 2885; x_wconf 88' lang='lat' dir='ltr'>succursus,</span> <span class='ocrx_word' id='word_1_266' title='bbox 880 2829 920 2875; x_wconf 90' lang='lat' dir='ltr'>eo</span> <span class='ocrx_word' id='word_1_267' title='bbox 974 2810 1035 2871; x_wconf 91' lang='lat' dir='ltr'>hus</span> <span class='ocrx_word' id='word_1_268' title='bbox 1050 2814 1154 2874; x_wconf 93' lang='lat' dir='ltr'>armis</span> <span class='ocrx_word' id='word_1_269' title='bbox 1167 2816 1200 2877; x_wconf 91' lang='lat' dir='ltr'>et</span> <span class='ocrx_word' id='word_1_270' title='bbox 1214 2817 1281 2875; x_wconf 78' lang='lat' dir='ltr'>ileo</span> <span class='ocrx_word' id='word_1_271' title='bbox 1296 2815 1482 2891; x_wconf 87' lang='lat' dir='ltr'>potentibus</span> <span class='ocrx_word' id='word_1_272' title='bbox 1498 2817 1693 2879; x_wconf 91' lang='lat' dir='ltr'>militantes.</span> <span class='ocrx_word' id='word_1_273' title='bbox 1706 2821 1764 2879; x_wconf 85' lang='lat' dir='ltr'>Da·</span> 
     </span>
     <span class='ocr_line' id='line_1_27' title="bbox 123 2910 1763 2990; baseline 0.001 -17"><span class='ocrx_word' id='word_1_274' title='bbox 123 2914 210 2990; x_wconf 93' lang='lat' dir='ltr'>quod</span> <span class='ocrx_word' id='word_1_275' title='bbox 226 2929 270 2973; x_wconf 83' lang='lat' dir='ltr'>ex</span> <span class='ocrx_word' id='word_1_276' title='bbox 292 2911 484 2989; x_wconf 89' lang='lat' dir='ltr'>hujusmodi</span> <span class='ocrx_word' id='word_1_277' title='bbox 506 2926 640 2987; x_wconf 77' lang='lat' dir='ltr'>guerra,</span> <span class='ocrx_word' id='word_1_278' title='bbox 665 2926 731 2971; x_wconf 93' lang='lat' dir='ltr'>non</span> <span class='ocrx_word' id='word_1_279' title='bbox 759 2912 866 2988; x_wconf 91' lang='lat' dir='ltr'>ipsius</span> <span class='ocrx_word' id='word_1_280' title='bbox 888 2915 921 2974; x_wconf 91' lang='lat' dir='ltr'>et</span> <span class='ocrx_word' id='word_1_281' title='bbox 974 2910 1042 2971; x_wconf 91' lang='lat' dir='ltr'>tum</span> <span class='ocrx_word' id='word_1_282' title='bbox 1056 2912 1454 2983; x_wconf 81' lang='lat' dir='ltr'>Laterani,r1n0n.mali‚</span> <span class='ocrx_word' id='word_1_283' title='bbox 1467 2915 1681 2990; x_wconf 79' lang='lat' dir='ltr'>pontificatus</span> <span class='ocrx_word' id='word_1_284' title='bbox 1698 2931 1763 2975; x_wconf 80' lang='lat' dir='ltr'>nos</span> 
     </span>
     <span class='ocr_line' id='line_1_28' title="bbox 122 3008 1763 3090; baseline 0.002 -21"><span class='ocrx_word' id='word_1_285' title='bbox 122 3026 259 3071; x_wconf 89' lang='lat' dir='ltr'>suorum</span> <span class='ocrx_word' id='word_1_286' title='bbox 284 3009 457 3081; x_wconf 88' lang='lat' dir='ltr'>duntaxat,</span> <span class='ocrx_word' id='word_1_287' title='bbox 483 3009 540 3086; x_wconf 90' lang='lat' dir='ltr'>qui</span> <span class='ocrx_word' id='word_1_288' title='bbox 566 3009 652 3070; x_wconf 89' lang='lat' dir='ltr'>sicut</span> <span class='ocrx_word' id='word_1_289' title='bbox 662 3010 792 3080; x_wconf 90' lang='lat' dir='ltr'>asserit,</span> <span class='ocrx_word' id='word_1_290' title='bbox 815 3025 919 3086; x_wconf 92' lang='lat' dir='ltr'>prop·</span> <span class='ocrx_word' id='word_1_291' title='bbox 976 3008 1763 3090; x_wconf 67' lang='lat' dir='ltr'>lriannoprimo.(lrrlthestosrnonasmartii.)</span> 
     </span>
     <span class='ocr_line' id='line_1_29' title="bbox 123 3106 920 3182; baseline -0.001 -13"><span class='ocrx_word' id='word_1_292' title='bbox 123 3111 175 3170; x_wconf 91' lang='lat' dir='ltr'>ter</span> <span class='ocrx_word' id='word_1_293' title='bbox 209 3108 272 3169; x_wconf 92' lang='lat' dir='ltr'>hoc</span> <span class='ocrx_word' id='word_1_294' title='bbox 306 3107 406 3169; x_wconf 90' lang='lat' dir='ltr'>etiam</span> <span class='ocrx_word' id='word_1_295' title='bbox 434 3107 475 3167; x_wconf 92' lang='lat' dir='ltr'>de</span> <span class='ocrx_word' id='word_1_296' title='bbox 503 3106 653 3182; x_wconf 87' lang='lat' dir='ltr'>partibus</span> <span class='ocrx_word' id='word_1_297' title='bbox 688 3107 920 3168; x_wconf 88' lang='lat' dir='ltr'>transmarinis</span> 
     </span>
    </p>

    <p class='ocr_par' dir='ltr' id='par_1_3' title="bbox 122 3203 1763 3677">
     <span class='ocr_line' id='line_1_30' title="bbox 122 3203 1762 3285; baseline -0.001 -16"><span class='ocrx_word' id='word_1_298' title='bbox 122 3206 248 3269; x_wconf 91' lang='lat' dir='ltr'>rediret</span> <span class='ocrx_word' id='word_1_299' title='bbox 256 3204 296 3266; x_wconf 89' lang='lat' dir='ltr'>ad</span> <span class='ocrx_word' id='word_1_300' title='bbox 311 3206 445 3282; x_wconf 91' lang='lat' dir='ltr'>propria</span> <span class='ocrx_word' id='word_1_301' title='bbox 461 3203 668 3276; x_wconf 79' lang='lat' dir='ltr'>festinanter,</span> <span class='ocrx_word' id='word_1_302' title='bbox 685 3221 771 3277; x_wconf 88' lang='lat' dir='ltr'>cum,</span> <span class='ocrx_word' id='word_1_303' title='bbox 787 3206 857 3267; x_wconf 92' lang='lat' dir='ltr'>tum</span> <span class='ocrx_word' id='word_1_304' title='bbox 870 3222 921 3266; x_wconf 91' lang='lat' dir='ltr'>ra·</span> <span class='ocrx_word' id='word_1_305' title='bbox 1016 3206 1174 3283; x_wconf 86' lang='lat' dir='ltr'>Sequitur</span> <span class='ocrx_word' id='word_1_306' title='bbox 1193 3206 1411 3283; x_wconf 88' lang='lat' dir='ltr'>apostolicum</span> <span class='ocrx_word' id='word_1_307' title='bbox 1430 3207 1620 3285; x_wconf 82' lang='lat' dir='ltr'>exemplum</span> <span class='ocrx_word' id='word_1_308' title='bbox 1637 3209 1762 3270; x_wconf 90' lang='lat' dir='ltr'>missum</span> 
     </span>
     <span class='ocr_line' id='line_1_31' title="bbox 122 3302 1763 3383; baseline -0.001 -16"><span class='ocrx_word' id='word_1_309' title='bbox 122 3306 214 3367; x_wconf 90' lang='lat' dir='ltr'>tione</span> <span class='ocrx_word' id='word_1_310' title='bbox 239 3303 380 3365; x_wconf 94' lang='lat' dir='ltr'>hominii</span> <span class='ocrx_word' id='word_1_311' title='bbox 403 3319 468 3380; x_wconf 88' lang='lat' dir='ltr'>quo</span> <span class='ocrx_word' id='word_1_312' title='bbox 492 3302 580 3363; x_wconf 91' lang='lat' dir='ltr'>idem</span> <span class='ocrx_word' id='word_1_313' title='bbox 601 3318 712 3364; x_wconf 92' lang='lat' dir='ltr'>comes</span> <span class='ocrx_word' id='word_1_314' title='bbox 727 3302 774 3381; x_wconf 86' lang='lat'>(1)</span> <span class='ocrx_word' id='word_1_315' title='bbox 790 3304 921 3365; x_wconf 87' lang='lat' dir='ltr'>tenetur</span> <span class='ocrx_word' id='word_1_316' title='bbox 976 3302 1218 3364; x_wconf 81' lang='lat' dir='ltr'>Silvanecfensi</span> <span class='ocrx_word' id='word_1_317' title='bbox 1243 3304 1398 3381; x_wconf 87' lang='lat' dir='ltr'>episcopo</span> <span class='ocrx_word' id='word_1_318' title='bbox 1423 3304 1482 3383; x_wconf 86' lang='grc'><strong>(3),</strong></span> <span class='ocrx_word' id='word_1_319' title='bbox 1508 3304 1621 3366; x_wconf 91' lang='lat' dir='ltr'>ahbati</span> <span class='ocrx_word' id='word_1_320' title='bbox 1643 3306 1763 3367; x_wconf 84' lang='lat' dir='ltr'>Sancta</span> 
     </span>
     <span class='ocr_line' id='line_1_32' title="bbox 122 3400 1762 3479; baseline -0.002 -14"><span class='ocrx_word' id='word_1_321' title='bbox 122 3402 382 3474; x_wconf 88' lang='lat' dir='ltr'>adstricus,tum</span> <span class='ocrx_word' id='word_1_322' title='bbox 404 3403 538 3478; x_wconf 93' lang='lat' dir='ltr'>propter</span> <span class='ocrx_word' id='word_1_323' title='bbox 552 3401 828 3463; x_wconf 89' lang='lat' dir='ltr'>necessitudinem</span> <span class='ocrx_word' id='word_1_324' title='bbox 841 3418 922 3464; x_wconf 88' lang='lat' dir='ltr'>san·</span> <span class='ocrx_word' id='word_1_325' title='bbox 975 3400 1219 3479; x_wconf 65' lang='lat' dir='ltr'>Genesaram)</span> <span class='ocrx_word' id='word_1_326' title='bbox 1244 3404 1277 3461; x_wconf 89' lang='lat' dir='ltr'>et</span> <span class='ocrx_word' id='word_1_327' title='bbox 1302 3402 1405 3478; x_wconf 91' lang='lat' dir='ltr'>priori</span> <span class='ocrx_word' id='word_1_328' title='bbox 1433 3404 1546 3464; x_wconf 91' lang='lat' dir='ltr'>Sancti</span> <span class='ocrx_word' id='word_1_329' title='bbox 1567 3405 1704 3465; x_wconf 89' lang='lat' dir='ltr'>Martini</span> <span class='ocrx_word' id='word_1_330' title='bbox 1729 3403 1762 3462; x_wconf 91' lang='lat' dir='ltr'>de</span> 
     </span>
     <span class='ocr_line' id='line_1_33' title="bbox 123 3498 1762 3577; baseline -0.001 -15"><span class='ocrx_word' id='word_1_331' title='bbox 123 3502 247 3575; x_wconf 72' lang='lat' dir='ltr'>quinis,</span> <span class='ocrx_word' id='word_1_332' title='bbox 262 3500 371 3562; x_wconf 88' lang='lat' dir='ltr'>eidem</span> <span class='ocrx_word' id='word_1_333' title='bbox 400 3500 566 3561; x_wconf 90' lang='lat' dir='ltr'>ullatenus</span> <span class='ocrx_word' id='word_1_334' title='bbox 579 3499 696 3561; x_wconf 90' lang='lat' dir='ltr'>deesse</span> <span class='ocrx_word' id='word_1_335' title='bbox 715 3516 783 3560; x_wconf 93' lang='lat' dir='ltr'>non</span> <span class='ocrx_word' id='word_1_336' title='bbox 804 3499 918 3577; x_wconf 85' lang='lat' dir='ltr'>possit,</span> <span class='ocrx_word' id='word_1_337' title='bbox 975 3499 1107 3575; x_wconf 89' lang='lat' dir='ltr'>Campis</span> <span class='ocrx_word' id='word_1_338' title='bbox 1129 3498 1188 3577; x_wconf 88' lang='lat'>(5),</span> <span class='ocrx_word' id='word_1_339' title='bbox 1210 3498 1331 3560; x_wconf 88' lang='lat' dir='ltr'>additis</span> <span class='ocrx_word' id='word_1_340' title='bbox 1358 3502 1584 3577; x_wconf 87' lang='lat' dir='ltr'>competenter</span> <span class='ocrx_word' id='word_1_341' title='bbox 1606 3502 1717 3563; x_wconf 83' lang='lat' dir='ltr'>verbis</span> <span class='ocrx_word' id='word_1_342' title='bbox 1735 3502 1762 3561; x_wconf 89' lang='lat' dir='ltr'>iu</span> 
     </span>
     <span class='ocr_line' id='line_1_34' title="bbox 122 3595 1763 3677; baseline -0.001 -16"><span class='ocrx_word' id='word_1_343' title='bbox 122 3602 156 3661; x_wconf 89' lang='lat' dir='ltr'>ot</span> <span class='ocrx_word' id='word_1_344' title='bbox 168 3600 275 3661; x_wconf 91' lang='lat' dir='ltr'>dictus</span> <span class='ocrx_word' id='word_1_345' title='bbox 290 3614 400 3659; x_wconf 89' lang='lat' dir='ltr'>comes</span> <span class='ocrx_word' id='word_1_346' title='bbox 415 3596 643 3659; x_wconf 80' lang='lat' dir='ltr'>defensionem</span> <span class='ocrx_word' id='word_1_347' title='bbox 658 3598 922 3659; x_wconf 83' lang='lat' dir='ltr'>etauxiliumde-</span> <span class='ocrx_word' id='word_1_348' title='bbox 976 3595 1064 3656; x_wconf 91' lang='lat' dir='ltr'>hunc</span> <span class='ocrx_word' id='word_1_349' title='bbox 1079 3597 1211 3656; x_wconf 90' lang='lat' dir='ltr'>modum</span> <span class='ocrx_word' id='word_1_350' title='bbox 1230 3617 1236 3655; x_wconf 96' lang='lat'><strong>:</strong></span> <span class='ocrx_word' id='word_1_351' title='bbox 1255 3597 1453 3659; x_wconf 86' lang='lat' dir='ltr'>Discretioni</span> <span class='ocrx_word' id='word_1_352' title='bbox 1469 3599 1588 3660; x_wconf 73' lang='lat' dir='ltr'>restrae</span> <span class='ocrx_word' id='word_1_353' title='bbox 1601 3616 1663 3677; x_wconf 92' lang='lat' dir='ltr'>per</span> <span class='ocrx_word' id='word_1_354' title='bbox 1674 3616 1763 3677; x_wconf 90' lang='lat' dir='ltr'>apos-</span> 
     </span>
    </p>
   </div>
   <div class='ocr_carea' id='block_1_3' title="bbox 19 3693 1764 3773">
    <p class='ocr_par' dir='ltr' id='par_1_4' title="bbox 19 3693 1764 3773">
     <span class='ocr_line' id='line_1_35' title="bbox 19 3693 1764 3773; baseline -0.001 -14"><span class='ocrx_word' id='word_1_355' title='bbox 19 3760 22 3767; x_wconf 70' lang='lat'>,</span> <span class='ocrx_word' id='word_1_356' title='bbox 122 3697 226 3759; x_wconf 85' lang='lat' dir='ltr'>bitum</span> <span class='ocrx_word' id='word_1_357' title='bbox 236 3698 399 3759; x_wconf 85' lang='lat' dir='ltr'>instanter</span> <span class='ocrx_word' id='word_1_358' title='bbox 411 3697 555 3772; x_wconf 89' lang='lat' dir='ltr'>postulet</span> <span class='ocrx_word' id='word_1_359' title='bbox 563 3695 604 3755; x_wconf 90' lang='lat' dir='ltr'>ah</span> <span class='ocrx_word' id='word_1_360' title='bbox 615 3696 743 3764; x_wconf 88' lang='lat' dir='ltr'>eodem,</span> <span class='ocrx_word' id='word_1_361' title='bbox 757 3697 825 3757; x_wconf 76' lang='lat' dir='ltr'>soti</span> <span class='ocrx_word' id='word_1_362' title='bbox 836 3712 921 3757; x_wconf 82' lang='lat' dir='ltr'>ese·</span> <span class='ocrx_word' id='word_1_363' title='bbox 976 3693 1075 3754; x_wconf 87' lang='lat' dir='ltr'>fulica</span> <span class='ocrx_word' id='word_1_364' title='bbox 1091 3694 1215 3770; x_wconf 88' lang='lat' dir='ltr'>scripta</span> <span class='ocrx_word' id='word_1_365' title='bbox 1238 3694 1377 3755; x_wconf 88' lang='lat' dir='ltr'>firmiter</span> <span class='ocrx_word' id='word_1_366' title='bbox 1392 3696 1616 3773; x_wconf 89' lang='lat' dir='ltr'>praecipiende</span> <span class='ocrx_word' id='word_1_367' title='bbox 1632 3697 1764 3759; x_wconf 90' lang='lat' dir='ltr'>manda·</span> 
     </span>
    </p>
   </div>
   <div class='ocr_carea' id='block_1_4' title="bbox 123 3793 1773 5141">
    <p class='ocr_par' dir='ltr' id='par_1_5' title="bbox 123 3793 1772 4653">
     <span class='ocr_line' id='line_1_36' title="bbox 123 3793 1763 3872; baseline 0.004 -17"><span class='ocrx_word' id='word_1_368' title='bbox 123 3795 213 3856; x_wconf 86' lang='lat' dir='ltr'>cutio</span> <span class='ocrx_word' id='word_1_369' title='bbox 225 3794 427 3865; x_wconf 90' lang='lat' dir='ltr'>retardatur,</span> <span class='ocrx_word' id='word_1_370' title='bbox 442 3809 560 3854; x_wconf 87' lang='lat' dir='ltr'>verum</span> <span class='ocrx_word' id='word_1_371' title='bbox 577 3794 677 3854; x_wconf 91' lang='lat' dir='ltr'>etiam</span> <span class='ocrx_word' id='word_1_372' title='bbox 692 3794 840 3855; x_wconf 94' lang='lat' dir='ltr'>omnium</span> <span class='ocrx_word' id='word_1_373' title='bbox 858 3793 921 3854; x_wconf 86' lang='lat' dir='ltr'>ha·</span> <span class='ocrx_word' id='word_1_374' title='bbox 976 3807 1049 3849; x_wconf 92' lang='lat' dir='ltr'>mus</span> <span class='ocrx_word' id='word_1_375' title='bbox 1064 3794 1240 3866; x_wconf 87' lang='lat' dir='ltr'>quatenus,</span> <span class='ocrx_word' id='word_1_376' title='bbox 1263 3794 1366 3852; x_wconf 89' lang='lat' dir='ltr'>Deum</span> <span class='ocrx_word' id='word_1_377' title='bbox 1388 3793 1547 3855; x_wconf 89' lang='lat' dir='ltr'>hahentes</span> <span class='ocrx_word' id='word_1_378' title='bbox 1570 3812 1641 3872; x_wconf 85' lang='lat' dir='ltr'>prae</span> <span class='ocrx_word' id='word_1_379' title='bbox 1657 3796 1763 3861; x_wconf 75' lang='lat' dir='ltr'>oculis,</span> 
     </span>
     <span class='ocr_line' id='line_1_37' title="bbox 123 3888 1765 3969; baseline -0.001 -16"><span class='ocrx_word' id='word_1_380' title='bbox 123 3908 243 3953; x_wconf 91' lang='lat' dir='ltr'>renum</span> <span class='ocrx_word' id='word_1_381' title='bbox 271 3892 365 3967; x_wconf 79' lang='lat' dir='ltr'>regui</span> <span class='ocrx_word' id='word_1_382' title='bbox 386 3891 549 3961; x_wconf 87' lang='lat' dir='ltr'>Franciae,</span> <span class='ocrx_word' id='word_1_383' title='bbox 572 3892 629 3967; x_wconf 93' lang='lat' dir='ltr'>qui</span> <span class='ocrx_word' id='word_1_384' title='bbox 647 3890 829 3953; x_wconf 87' lang='lat' dir='ltr'>afflxerunt</span> <span class='ocrx_word' id='word_1_385' title='bbox 852 3891 921 3951; x_wconf 89' lang='lat' dir='ltr'>suis</span> <span class='ocrx_word' id='word_1_386' title='bbox 975 3888 1095 3963; x_wconf 80' lang='lat' dir='ltr'>gratia,</span> <span class='ocrx_word' id='word_1_387' title='bbox 1127 3888 1202 3949; x_wconf 94' lang='lat' dir='ltr'>odio</span> <span class='ocrx_word' id='word_1_388' title='bbox 1226 3904 1265 3949; x_wconf 88' lang='lat' dir='ltr'>ac</span> <span class='ocrx_word' id='word_1_389' title='bbox 1297 3890 1416 3951; x_wconf 91' lang='lat' dir='ltr'>timore</span> <span class='ocrx_word' id='word_1_390' title='bbox 1442 3893 1648 3969; x_wconf 87' lang='lat' dir='ltr'>postpositis,</span> <span class='ocrx_word' id='word_1_391' title='bbox 1671 3893 1765 3955; x_wconf 86' lang='lat' dir='ltr'>dictos</span> 
     </span>
     <span class='ocr_line' id='line_1_38' title="bbox 124 3985 1766 4065; baseline 0.001 -15"><span class='ocrx_word' id='word_1_392' title='bbox 124 3989 273 4050; x_wconf 92' lang='lat' dir='ltr'>humeris</span> <span class='ocrx_word' id='word_1_393' title='bbox 286 3989 417 4063; x_wconf 81' lang='lat' dir='ltr'>signum</span> <span class='ocrx_word' id='word_1_394' title='bbox 425 3988 587 4059; x_wconf 84' lang='lat' dir='ltr'>erucis,et</span> <span class='ocrx_word' id='word_1_395' title='bbox 597 3989 653 4065; x_wconf 92' lang='lat' dir='ltr'>qui</span> <span class='ocrx_word' id='word_1_396' title='bbox 662 3986 770 4050; x_wconf 91' lang='lat' dir='ltr'>adhuc</span> <span class='ocrx_word' id='word_1_397' title='bbox 778 3988 921 4064; x_wconf 90' lang='lat' dir='ltr'>idipsum</span> <span class='ocrx_word' id='word_1_398' title='bbox 977 3985 1139 4046; x_wconf 83' lang='lat' dir='ltr'>Erardum</span> <span class='ocrx_word' id='word_1_399' title='bbox 1153 3987 1186 4047; x_wconf 87' lang='lat' dir='ltr'>et</span> <span class='ocrx_word' id='word_1_400' title='bbox 1201 3986 1399 4064; x_wconf 89' lang='lat' dir='ltr'>Philippam‚</span> <span class='ocrx_word' id='word_1_401' title='bbox 1423 4005 1553 4050; x_wconf 91' lang='lat' dir='ltr'>necnon</span> <span class='ocrx_word' id='word_1_402' title='bbox 1573 4007 1615 4052; x_wconf 90' lang='lat' dir='ltr'>ac</span> <span class='ocrx_word' id='word_1_403' title='bbox 1630 3992 1766 4055; x_wconf 84' lang='lat' dir='ltr'>fautores</span> 
     </span>
     <span class='ocr_line' id='line_1_39' title="bbox 124 4083 1766 4163; baseline 0 -15"><span class='ocrx_word' id='word_1_404' title='bbox 124 4086 248 4148; x_wconf 89' lang='lat' dir='ltr'>hahent</span> <span class='ocrx_word' id='word_1_405' title='bbox 256 4086 290 4145; x_wconf 92' lang='lat' dir='ltr'>in</span> <span class='ocrx_word' id='word_1_406' title='bbox 298 4085 467 4161; x_wconf 91' lang='lat' dir='ltr'>proposito</span> <span class='ocrx_word' id='word_1_407' title='bbox 476 4083 921 4163; x_wconf 75' lang='lat' dir='ltr'>faciendiquoniamguerra</span> <span class='ocrx_word' id='word_1_408' title='bbox 976 4099 1103 4156; x_wconf 89' lang='lat' dir='ltr'>eorum,</span> <span class='ocrx_word' id='word_1_409' title='bbox 1120 4086 1167 4150; x_wconf 88' lang='lat' dir='ltr'>ut,</span> <span class='ocrx_word' id='word_1_410' title='bbox 1184 4083 1225 4144; x_wconf 91' lang='lat' dir='ltr'>ah</span> <span class='ocrx_word' id='word_1_411' title='bbox 1239 4084 1452 4147; x_wconf 87' lang='lat' dir='ltr'>infestatione</span> <span class='ocrx_word' id='word_1_412' title='bbox 1470 4088 1623 4163; x_wconf 87' lang='lat' dir='ltr'>praedicti</span> <span class='ocrx_word' id='word_1_413' title='bbox 1646 4089 1766 4152; x_wconf 90' lang='lat' dir='ltr'>comitis</span> 
     </span>
     <span class='ocr_line' id='line_1_40' title="bbox 123 4182 1768 4261; baseline 0 -14"><span class='ocrx_word' id='word_1_414' title='bbox 123 4184 190 4247; x_wconf 87' lang='lat' dir='ltr'>ista</span> <span class='ocrx_word' id='word_1_415' title='bbox 205 4183 317 4261; x_wconf 92' lang='lat' dir='ltr'>plures</span> <span class='ocrx_word' id='word_1_416' title='bbox 330 4197 428 4258; x_wconf 92' lang='lat' dir='ltr'>quam</span> <span class='ocrx_word' id='word_1_417' title='bbox 443 4182 626 4244; x_wconf 81' lang='lat' dir='ltr'>aestimetur</span> <span class='ocrx_word' id='word_1_418' title='bbox 639 4183 797 4255; x_wconf 83' lang='lat' dir='ltr'>involvet,</span> <span class='ocrx_word' id='word_1_419' title='bbox 811 4187 844 4245; x_wconf 90' lang='lat' dir='ltr'>et</span> <span class='ocrx_word' id='word_1_420' title='bbox 858 4200 922 4260; x_wconf 87' lang='lat' dir='ltr'>pe·</span> <span class='ocrx_word' id='word_1_421' title='bbox 976 4184 1010 4243; x_wconf 93' lang='lat' dir='ltr'>et</span> <span class='ocrx_word' id='word_1_422' title='bbox 1022 4182 1120 4243; x_wconf 86' lang='lat' dir='ltr'>terrae</span> <span class='ocrx_word' id='word_1_423' title='bbox 1137 4197 1206 4242; x_wconf 91' lang='lat' dir='ltr'>suae</span> <span class='ocrx_word' id='word_1_424' title='bbox 1221 4184 1254 4242; x_wconf 91' lang='lat' dir='ltr'>et</span> <span class='ocrx_word' id='word_1_425' title='bbox 1264 4198 1410 4254; x_wconf 88' lang='lat' dir='ltr'>suorum,</span> <span class='ocrx_word' id='word_1_426' title='bbox 1424 4183 1465 4245; x_wconf 91' lang='lat' dir='ltr'>oh</span> <span class='ocrx_word' id='word_1_427' title='bbox 1478 4185 1601 4248; x_wconf 87' lang='lat' dir='ltr'>Christi</span> <span class='ocrx_word' id='word_1_428' title='bbox 1617 4203 1768 4251; x_wconf 86' lang='lat' dir='ltr'>reveren·</span> 
     </span>
     <span class='ocr_line' id='line_1_41' title="bbox 124 4279 1769 4359; baseline 0.002 -16"><span class='ocrx_word' id='word_1_429' title='bbox 124 4282 224 4343; x_wconf 73' lang='lat' dir='ltr'>carnia</span> <span class='ocrx_word' id='word_1_430' title='bbox 252 4296 312 4358; x_wconf 93' lang='lat' dir='ltr'>pro</span> <span class='ocrx_word' id='word_1_431' title='bbox 337 4280 490 4341; x_wconf 80' lang='lat' dir='ltr'>sotorum</span> <span class='ocrx_word' id='word_1_432' title='bbox 518 4280 715 4341; x_wconf 85' lang='lat' dir='ltr'>executione</span> <span class='ocrx_word' id='word_1_433' title='bbox 743 4284 858 4358; x_wconf 88' lang='lat' dir='ltr'>parata</span> <span class='ocrx_word' id='word_1_434' title='bbox 887 4283 921 4343; x_wconf 93' lang='lat' dir='ltr'>in</span> <span class='ocrx_word' id='word_1_435' title='bbox 976 4280 1069 4350; x_wconf 91' lang='lat' dir='ltr'>tiam,</span> <span class='ocrx_word' id='word_1_436' title='bbox 1084 4279 1292 4352; x_wconf 91' lang='lat' dir='ltr'>desistentes,</span> <span class='ocrx_word' id='word_1_437' title='bbox 1310 4281 1614 4359; x_wconf 82' lang='lat' dir='ltr'>firmamtreugam,</span> <span class='ocrx_word' id='word_1_438' title='bbox 1633 4286 1769 4348; x_wconf 82' lang='lat' dir='ltr'>inviola-</span> 
     </span>
     <span class='ocr_line' id='line_1_42' title="bbox 125 4376 1769 4461; baseline 0 -18"><span class='ocrx_word' id='word_1_439' title='bbox 125 4378 408 4458; x_wconf 79' lang='lat' dir='ltr'>expuqnationem</span> <span class='ocrx_word' id='word_1_440' title='bbox 424 4377 569 4439; x_wconf 90' lang='lat' dir='ltr'>hostium</span> <span class='ocrx_word' id='word_1_441' title='bbox 582 4378 691 4438; x_wconf 93' lang='lat' dir='ltr'>crucis</span> <span class='ocrx_word' id='word_1_442' title='bbox 707 4379 829 4441; x_wconf 90' lang='lat' dir='ltr'>Christi</span> <span class='ocrx_word' id='word_1_443' title='bbox 842 4395 924 4440; x_wconf 92' lang='lat' dir='ltr'>con·</span> <span class='ocrx_word' id='word_1_444' title='bbox 976 4376 1089 4437; x_wconf 82' lang='lat' dir='ltr'>hiliter</span> <span class='ocrx_word' id='word_1_445' title='bbox 1109 4376 1350 4439; x_wconf 74' lang='lat' dir='ltr'>observandam</span> <span class='ocrx_word' id='word_1_446' title='bbox 1379 4395 1483 4456; x_wconf 90' lang='lat' dir='ltr'>usque</span> <span class='ocrx_word' id='word_1_447' title='bbox 1511 4380 1553 4441; x_wconf 91' lang='lat' dir='ltr'>ad</span> <span class='ocrx_word' id='word_1_448' title='bbox 1581 4384 1713 4461; x_wconf 91' lang='lat' dir='ltr'>tempus</span> <span class='ocrx_word' id='word_1_449' title='bbox 1738 4383 1769 4443; x_wconf 89' lang='lat' dir='ltr'>in</span> 
     </span>
     <span class='ocr_line' id='line_1_43' title="bbox 124 4473 1769 4552; baseline 0.001 -12"><span class='ocrx_word' id='word_1_450' title='bbox 124 4478 274 4541; x_wconf 88' lang='lat' dir='ltr'>sumetur</span> <span class='ocrx_word' id='word_1_451' title='bbox 287 4476 322 4537; x_wconf 92' lang='lat' dir='ltr'>in</span> <span class='ocrx_word' id='word_1_452' title='bbox 343 4475 569 4536; x_wconf 89' lang='lat' dir='ltr'>interitionem</span> <span class='ocrx_word' id='word_1_453' title='bbox 594 4475 706 4552; x_wconf 91' lang='lat' dir='ltr'>populi</span> <span class='ocrx_word' id='word_1_454' title='bbox 734 4476 920 4548; x_wconf 89' lang='lat' dir='ltr'>christiani,</span> <span class='ocrx_word' id='word_1_455' title='bbox 978 4473 1136 4550; x_wconf 74' lang='lat' dir='ltr'>prodacto</span> <span class='ocrx_word' id='word_1_456' title='bbox 1162 4476 1310 4535; x_wconf 87' lang='lat' dir='ltr'>Concilio</span> <span class='ocrx_word' id='word_1_457' title='bbox 1338 4475 1535 4546; x_wconf 87' lang='lat' dir='ltr'>diffinitum,</span> <span class='ocrx_word' id='word_1_458' title='bbox 1565 4479 1683 4544; x_wconf 90' lang='lat' dir='ltr'>ineant</span> <span class='ocrx_word' id='word_1_459' title='bbox 1703 4496 1769 4544; x_wconf 93' lang='lat' dir='ltr'>cum</span> 
     </span>
     <span class='ocr_line' id='line_1_44' title="bbox 129 4572 1772 4653; baseline 0.001 -15"><span class='ocrx_word' id='word_1_460' title='bbox 129 4578 264 4638; x_wconf 80' lang='lat' dir='ltr'>dextras</span> <span class='ocrx_word' id='word_1_461' title='bbox 280 4574 314 4635; x_wconf 90' lang='lat' dir='ltr'>in</span> <span class='ocrx_word' id='word_1_462' title='bbox 329 4590 389 4635; x_wconf 92' lang='lat' dir='ltr'>sua</span> <span class='ocrx_word' id='word_1_463' title='bbox 404 4573 534 4634; x_wconf 88' lang='lat' dir='ltr'>viscera</span> <span class='ocrx_word' id='word_1_464' title='bbox 549 4573 782 4634; x_wconf 83' lang='lat' dir='ltr'>convertentis.</span> <span class='ocrx_word' id='word_1_465' title='bbox 977 4572 1103 4642; x_wconf 92' lang='lat' dir='ltr'>eodem,</span> <span class='ocrx_word' id='word_1_466' title='bbox 1120 4572 1301 4634; x_wconf 90' lang='lat' dir='ltr'>monitione</span> <span class='ocrx_word' id='word_1_467' title='bbox 1314 4575 1498 4649; x_wconf 90' lang='lat' dir='ltr'>praemissa,</span> <span class='ocrx_word' id='word_1_468' title='bbox 1516 4592 1772 4653; x_wconf 86' lang='lat' dir='ltr'>perencommu·</span> 
     </span>
    </p>

    <p class='ocr_par' dir='ltr' id='par_1_6' title="bbox 123 4669 1773 5141">
     <span class='ocr_line' id='line_1_45' title="bbox 169 4669 1773 4752; baseline 0.001 -15"><span class='ocrx_word' id='word_1_469' title='bbox 169 4677 254 4737; x_wconf 90' lang='lat' dir='ltr'>Ecce</span> <span class='ocrx_word' id='word_1_470' title='bbox 280 4669 444 4752; x_wconf 93' lang='lat' dir='ltr'>quomodo</span> <span class='ocrx_word' id='word_1_471' title='bbox 470 4670 592 4732; x_wconf 89' lang='lat' dir='ltr'>astutia</span> <span class='ocrx_word' id='word_1_472' title='bbox 614 4670 747 4732; x_wconf 87' lang='lat' dir='ltr'>Satanae</span> <span class='ocrx_word' id='word_1_473' title='bbox 772 4670 922 4732; x_wconf 91' lang='lat' dir='ltr'>laetitiam</span> <span class='ocrx_word' id='word_1_474' title='bbox 978 4669 1156 4732; x_wconf 90' lang='lat' dir='ltr'>nicationis</span> <span class='ocrx_word' id='word_1_475' title='bbox 1180 4672 1379 4733; x_wconf 89' lang='lat' dir='ltr'>seutentiam</span> <span class='ocrx_word' id='word_1_476' title='bbox 1394 4672 1429 4733; x_wconf 94' lang='lat' dir='ltr'>in</span> <span class='ocrx_word' id='word_1_477' title='bbox 1443 4689 1606 4749; x_wconf 88' lang='lat' dir='ltr'>personas</span> <span class='ocrx_word' id='word_1_478' title='bbox 1621 4682 1656 4739; x_wconf 88' lang='lat' dir='ltr'>et</span> <span class='ocrx_word' id='word_1_479' title='bbox 1675 4680 1773 4741; x_wconf 89' lang='lat' dir='ltr'>inter·</span> 
     </span>
     <span class='ocr_line' id='line_1_46' title="bbox 124 4767 1773 4854; baseline 0.003 -19"><span class='ocrx_word' id='word_1_480' title='bbox 124 4773 247 4835; x_wconf 86' lang='lat' dir='ltr'>afierre</span> <span class='ocrx_word' id='word_1_481' title='bbox 267 4770 385 4832; x_wconf 87' lang='lat' dir='ltr'>nititur</span> <span class='ocrx_word' id='word_1_482' title='bbox 398 4767 590 4837; x_wconf 81' lang='lat' dir='ltr'>Philistaeis,</span> <span class='ocrx_word' id='word_1_483' title='bbox 606 4768 702 4845; x_wconf 90' lang='lat' dir='ltr'>quasi</span> <span class='ocrx_word' id='word_1_484' title='bbox 716 4770 923 4845; x_wconf 87' lang='lat' dir='ltr'>percussoris</span> <span class='ocrx_word' id='word_1_485' title='bbox 977 4767 1099 4827; x_wconf 91' lang='lat' dir='ltr'>dictum</span> <span class='ocrx_word' id='word_1_486' title='bbox 1115 4768 1150 4828; x_wconf 94' lang='lat' dir='ltr'>in</span> <span class='ocrx_word' id='word_1_487' title='bbox 1163 4768 1271 4830; x_wconf 90' lang='lat' dir='ltr'>terras</span> <span class='ocrx_word' id='word_1_488' title='bbox 1286 4784 1413 4843; x_wconf 90' lang='lat' dir='ltr'>eorum,</span> <span class='ocrx_word' id='word_1_489' title='bbox 1431 4771 1562 4834; x_wconf 89' lang='lat' dir='ltr'>sublato</span> <span class='ocrx_word' id='word_1_490' title='bbox 1577 4776 1773 4854; x_wconf 85' lang='lat' dir='ltr'>appellatio-</span> 
     </span>
     <span class='ocr_line' id='line_1_47' title="bbox 124 4864 1773 4955; baseline 0.002 -24"><span class='ocrx_word' id='word_1_491' title='bbox 124 4886 240 4933; x_wconf 91' lang='lat' dir='ltr'>eorum</span> <span class='ocrx_word' id='word_1_492' title='bbox 255 4866 455 4931; x_wconf 88' lang='lat' dir='ltr'>communita</span> <span class='ocrx_word' id='word_1_493' title='bbox 470 4866 513 4928; x_wconf 89' lang='lat' dir='ltr'>sit</span> <span class='ocrx_word' id='word_1_494' title='bbox 526 4867 634 4943; x_wconf 81' lang='lat' dir='ltr'>virga,</span> <span class='ocrx_word' id='word_1_495' title='bbox 651 4865 728 4926; x_wconf 90' lang='lat' dir='ltr'>dum</span> <span class='ocrx_word' id='word_1_496' title='bbox 752 4866 776 4927; x_wconf 92' lang='lat' dir='ltr'>ii</span> <span class='ocrx_word' id='word_1_497' title='bbox 793 4866 849 4944; x_wconf 92' lang='lat' dir='ltr'>qui</span> <span class='ocrx_word' id='word_1_498' title='bbox 870 4867 921 4927; x_wconf 91' lang='lat' dir='ltr'>si-</span> <span class='ocrx_word' id='word_1_499' title='bbox 978 4866 1031 4925; x_wconf 94' lang='lat' dir='ltr'>nis</span> <span class='ocrx_word' id='word_1_500' title='bbox 1043 4864 1224 4939; x_wconf 88' lang='lat' dir='ltr'>obstaculo,</span> <span class='ocrx_word' id='word_1_501' title='bbox 1240 4868 1313 4927; x_wconf 92' lang='lat' dir='ltr'>sine</span> <span class='ocrx_word' id='word_1_502' title='bbox 1325 4883 1427 4929; x_wconf 85' lang='lat' dir='ltr'>morae</span> <span class='ocrx_word' id='word_1_503' title='bbox 1440 4868 1616 4946; x_wconf 89' lang='lat' dir='ltr'>dispendio</span> <span class='ocrx_word' id='word_1_504' title='bbox 1634 4874 1773 4955; x_wconf 90' lang='lat' dir='ltr'>compel-</span> 
     </span>
     <span class='ocr_line' id='line_1_48' title="bbox 123 4962 1771 5045; baseline 0.005 -17"><span class='ocrx_word' id='word_1_505' title='bbox 123 4984 225 5045; x_wconf 81' lang='lat' dir='ltr'>gnum</span> <span class='ocrx_word' id='word_1_506' title='bbox 240 4966 434 5027; x_wconf 83' lang='lat' dir='ltr'>levaverant</span> <span class='ocrx_word' id='word_1_507' title='bbox 448 4966 564 5027; x_wconf 89' lang='lat' dir='ltr'>contra</span> <span class='ocrx_word' id='word_1_508' title='bbox 576 4963 740 5037; x_wconf 78' lang='lat' dir='ltr'>eosaria</span> <span class='ocrx_word' id='word_1_509' title='bbox 752 4965 786 5025; x_wconf 93' lang='lat' dir='ltr'>in</span> <span class='ocrx_word' id='word_1_510' title='bbox 795 4965 921 5025; x_wconf 85' lang='lat' dir='ltr'>invium</span> <span class='ocrx_word' id='word_1_511' title='bbox 977 4962 1074 5033; x_wconf 87' lang='lat' dir='ltr'>latis;</span> <span class='ocrx_word' id='word_1_512' title='bbox 1099 4964 1285 5039; x_wconf 77' lang='lat' dir='ltr'>praesertim</span> <span class='ocrx_word' id='word_1_513' title='bbox 1311 4980 1385 5024; x_wconf 92' lang='lat' dir='ltr'>cum</span> <span class='ocrx_word' id='word_1_514' title='bbox 1417 4965 1578 5042; x_wconf 83' lang='lat' dir='ltr'>praedicta</span> <span class='ocrx_word' id='word_1_515' title='bbox 1607 4974 1771 5035; x_wconf 84' lang='lat' dir='ltr'>comitissa</span> 
     </span>
     <span class='ocr_line' id='line_1_49' title="bbox 124 5060 1772 5141; baseline 0.004 -17"><span class='ocrx_word' id='word_1_516' title='bbox 124 5065 331 5135; x_wconf 89' lang='lat' dir='ltr'>declinando,</span> <span class='ocrx_word' id='word_1_517' title='bbox 349 5064 432 5124; x_wconf 90' lang='lat' dir='ltr'>fiunt</span> <span class='ocrx_word' id='word_1_518' title='bbox 453 5063 488 5123; x_wconf 93' lang='lat' dir='ltr'>in</span> <span class='ocrx_word' id='word_1_519' title='bbox 507 5061 709 5141; x_wconf 87' lang='lat' dir='ltr'>adjutorium</span> <span class='ocrx_word' id='word_1_520' title='bbox 733 5062 810 5123; x_wconf 91' lang='lat' dir='ltr'>filiis</span> <span class='ocrx_word' id='word_1_521' title='bbox 826 5063 920 5134; x_wconf 84' lang='lat' dir='ltr'>Loth,</span> <span class='ocrx_word' id='word_1_522' title='bbox 977 5062 1092 5135; x_wconf 88' lang='lat' dir='ltr'>parata</span> <span class='ocrx_word' id='word_1_523' title='bbox 1105 5060 1227 5121; x_wconf 79' lang='lat' dir='ltr'>existat</span> <span class='ocrx_word' id='word_1_524' title='bbox 1237 5076 1295 5137; x_wconf 93' lang='lat' dir='ltr'>pro</span> <span class='ocrx_word' id='word_1_525' title='bbox 1304 5077 1342 5122; x_wconf 93' lang='lat' dir='ltr'>eo</span> <span class='ocrx_word' id='word_1_526' title='bbox 1352 5061 1407 5123; x_wconf 92' lang='lat' dir='ltr'>uhi</span> <span class='ocrx_word' id='word_1_527' title='bbox 1417 5063 1579 5140; x_wconf 86' lang='lat' dir='ltr'>debuerit,</span> <span class='ocrx_word' id='word_1_528' title='bbox 1595 5072 1772 5133; x_wconf 88' lang='lat' dir='ltr'>secundum</span> 
     </span>
    </p>
   </div>
   <div class='ocr_carea' id='block_1_5' title="bbox 78 5157 1773 5535">
    <p class='ocr_par' dir='ltr' id='par_1_7' title="bbox 78 5157 1773 5535">
     <span class='ocr_line' id='line_1_50' title="bbox 124 5157 1770 5246; baseline 0.003 -23"><span class='ocrx_word' id='word_1_529' title='bbox 124 5164 175 5224; x_wconf 88' lang='lat' dir='ltr'>eis</span> <span class='ocrx_word' id='word_1_530' title='bbox 206 5161 360 5222; x_wconf 77' lang='lat' dir='ltr'>videlicet</span> <span class='ocrx_word' id='word_1_531' title='bbox 395 5161 471 5239; x_wconf 89' lang='lat' dir='ltr'>qui,</span> <span class='ocrx_word' id='word_1_532' title='bbox 507 5161 720 5238; x_wconf 90' lang='lat' dir='ltr'>disponentes</span> <span class='ocrx_word' id='word_1_533' title='bbox 761 5161 922 5221; x_wconf 85' lang='lat' dir='ltr'>adversus</span> <span class='ocrx_word' id='word_1_534' title='bbox 977 5157 1248 5219; x_wconf 88' lang='lat' dir='ltr'>consuetudinem</span> <span class='ocrx_word' id='word_1_535' title='bbox 1261 5160 1354 5234; x_wconf 80' lang='lat' dir='ltr'>regni</span> <span class='ocrx_word' id='word_1_536' title='bbox 1371 5162 1531 5237; x_wconf 86' lang='lat' dir='ltr'>ejusdem,</span> <span class='ocrx_word' id='word_1_537' title='bbox 1544 5164 1631 5241; x_wconf 90' lang='lat' dir='ltr'>ipsis</span> <span class='ocrx_word' id='word_1_538' title='bbox 1638 5169 1770 5246; x_wconf 81' lang='lat' dir='ltr'>Justitiae</span> 
     </span>
     <span class='ocr_line' id='line_1_51' title="bbox 78 5254 1770 5345; baseline 0.003 -23"><span class='ocrx_word' id='word_1_539' title='bbox 78 5254 82 5259; x_wconf 81' lang='grc'><strong>’</strong></span> <span class='ocrx_word' id='word_1_540' title='bbox 123 5259 922 5331; x_wconf 74' lang='lat' dir='ltr'>hominumtestamentum,dicunttHoeredltcte</span> <span class='ocrx_word' id='word_1_541' title='bbox 976 5255 1214 5332; x_wconf 91' lang='lat' dir='ltr'>plenitudinem</span> <span class='ocrx_word' id='word_1_542' title='bbox 1238 5257 1407 5318; x_wconf 79' lang='lat' dir='ltr'>exhihere.</span> <span class='ocrx_word' id='word_1_543' title='bbox 1431 5263 1471 5321; x_wconf 79' lang='lat' dir='ltr'>at</span> <span class='ocrx_word' id='word_1_544' title='bbox 1500 5266 1663 5340; x_wconf 89' lang='lat' dir='ltr'>quoniam</span> <span class='ocrx_word' id='word_1_545' title='bbox 1690 5280 1770 5345; x_wconf 75' lang='lat' dir='ltr'>sepe</span> 
     </span>
     <span class='ocr_line' id='line_1_52' title="bbox 120 5353 1773 5438; baseline 0.004 -17"><span class='ocrx_word' id='word_1_546' title='bbox 120 5362 359 5437; x_wconf 81' lang='lat' dir='ltr'>possideamus</span> <span class='ocrx_word' id='word_1_547' title='bbox 390 5358 632 5418; x_wconf 71' lang='lat' dir='ltr'>cereoferarium</span> <span class='ocrx_word' id='word_1_548' title='bbox 657 5359 721 5418; x_wconf 85' lang='lat' dir='ltr'>Det</span> <span class='ocrx_word' id='word_1_549' title='bbox 747 5358 842 5418; x_wconf 81' lang='lat' dir='ltr'>nohis</span> <span class='ocrx_word' id='word_1_550' title='bbox 859 5354 919 5435; x_wconf 84' lang='lat'>(2).</span> <span class='ocrx_word' id='word_1_551' title='bbox 977 5354 1138 5429; x_wconf 79' lang='lat' dir='ltr'>contingit</span> <span class='ocrx_word' id='word_1_552' title='bbox 1152 5353 1238 5430; x_wconf 88' lang='lat' dir='ltr'>quod</span> <span class='ocrx_word' id='word_1_553' title='bbox 1252 5354 1455 5432; x_wconf 85' lang='lat' dir='ltr'>illispraehet</span> <span class='ocrx_word' id='word_1_554' title='bbox 1469 5359 1773 5438; x_wconf 82' lang='lat' dir='ltr'>temporalisrexa-</span> 
     </span>
     <span class='ocr_line' id='line_1_53' title="bbox 123 5451 1772 5535; baseline 0.007 -25"><span class='ocrx_word' id='word_1_555' title='bbox 123 5461 193 5521; x_wconf 76' lang='lat' dir='ltr'>Nos</span> <span class='ocrx_word' id='word_1_556' title='bbox 209 5456 321 5533; x_wconf 79' lang='lat' dir='ltr'>igitur,</span> <span class='ocrx_word' id='word_1_557' title='bbox 336 5453 392 5535; x_wconf 92' lang='lat' dir='ltr'>qui</span> <span class='ocrx_word' id='word_1_558' title='bbox 412 5469 456 5514; x_wconf 83' lang='lat' dir='ltr'>er</span> <span class='ocrx_word' id='word_1_559' title='bbox 478 5452 541 5515; x_wconf 93' lang='lat' dir='ltr'>hoc</span> <span class='ocrx_word' id='word_1_560' title='bbox 563 5452 643 5515; x_wconf 86' lang='lat' dir='ltr'>tacti</span> <span class='ocrx_word' id='word_1_561' title='bbox 666 5469 781 5515; x_wconf 90' lang='lat' dir='ltr'>sumus</span> <span class='ocrx_word' id='word_1_562' title='bbox 807 5452 922 5515; x_wconf 90' lang='lat' dir='ltr'>dolore</span> <span class='ocrx_word' id='word_1_563' title='bbox 976 5451 1023 5511; x_wconf 93' lang='lat' dir='ltr'>tio</span> <span class='ocrx_word' id='word_1_564' title='bbox 1037 5451 1252 5524; x_wconf 90' lang='lat' dir='ltr'>intellectum,</span> <span class='ocrx_word' id='word_1_565' title='bbox 1277 5468 1359 5530; x_wconf 89' lang='lat' dir='ltr'>quos</span> <span class='ocrx_word' id='word_1_566' title='bbox 1378 5470 1398 5515; x_wconf 91' lang='lat' dir='ltr'>a</span> <span class='ocrx_word' id='word_1_567' title='bbox 1424 5457 1522 5519; x_wconf 91' lang='lat' dir='ltr'>malis</span> <span class='ocrx_word' id='word_1_568' title='bbox 1541 5476 1610 5521; x_wconf 93' lang='lat' dir='ltr'>non</span> <span class='ocrx_word' id='word_1_569' title='bbox 1635 5460 1772 5527; x_wconf 84' lang='lat' dir='ltr'>retrahit</span> 
     </span>
    </p>
   </div>
   <div class='ocr_carea' id='block_1_6' title="bbox 159 5583 1215 5741">
    <p class='ocr_par' dir='ltr' id='par_1_8' title="bbox 159 5583 1215 5741">
     <span class='ocr_line' id='line_1_54' title="bbox 159 5583 1203 5665; baseline -0.005 -15"><span class='ocrx_word' id='word_1_570' title='bbox 159 5592 201 5665; x_wconf 92' lang='grc'>(1)</span> <span class='ocrx_word' id='word_1_571' title='bbox 220 5587 330 5663; x_wconf 79' lang='lat' dir='ltr'>Adjice,</span> <span class='ocrx_word' id='word_1_572' title='bbox 344 5593 461 5643; x_wconf 85' lang='lat' dir='ltr'>auctore</span> <span class='ocrx_word' id='word_1_573' title='bbox 476 5587 509 5645; x_wconf 88' lang='grc'>11.</span> <span class='ocrx_word' id='word_1_574' title='bbox 525 5583 747 5656; x_wconf 66' lang='lat' dir='ltr'>dofnaldus.</span> <span class='ocrx_word' id='word_1_575' title='bbox 1014 5587 1053 5658; x_wconf 81' lang='grc'>(3)</span> <span class='ocrx_word' id='word_1_576' title='bbox 1068 5588 1203 5646; x_wconf 86' lang='lat' dir='ltr'>Guarino.</span> 
     </span>
     <span class='ocr_line' id='line_1_55' title="bbox 159 5658 1215 5741; baseline -0.006 -18"><span class='ocrx_word' id='word_1_577' title='bbox 159 5664 200 5741; x_wconf 75' lang='lat'>(2)</span> <span class='ocrx_word' id='word_1_578' title='bbox 217 5664 261 5721; x_wconf 76' lang='lat' dir='ltr'>Pe.</span> <span class='ocrx_word' id='word_1_579' title='bbox 275 5660 321 5728; x_wconf 75' lang='lat'>82,</span> <span class='ocrx_word' id='word_1_580' title='bbox 338 5658 381 5716; x_wconf 77' lang='lat' dir='ltr'>lt.</span> <span class='ocrx_word' id='word_1_581' title='bbox 1013 5660 1083 5734; x_wconf 68' lang='lat' dir='ltr'>(hi)</span> <span class='ocrx_word' id='word_1_582' title='bbox 1101 5660 1215 5717; x_wconf 79' lang='lat' dir='ltr'>loanni.</span> 
     </span>
    </p>
   </div>
   <div class='ocr_carea' id='block_1_7' title="bbox 0 0 1908 6164">
    <p class='ocr_par' dir='ltr' id='par_1_9' title="bbox 0 0 1908 6164">
     <span class='ocr_line' id='line_1_56' title="bbox 0 0 1908 6164; baseline 0 0"><span class='ocrx_word' id='word_1_583' title='bbox 0 0 1908 6164; x_wconf 95' lang='lat' dir='ltr'> </span> 
     </span>
    </p>
   </div>
  </div>
 </body>
</html>
