3802 6166
120 264 181 329 au

162 422 323 485 Effectum
333 420 425 499 justa
438 416 683 497 postulantibus
695 418 870 496 indulgere
885 418 919 482 et

120 521 217 598 vigor
230 519 406 597 equitatis,
420 518 452 579 et
460 516 540 579 ordo
554 517 658 593 exigit
670 517 822 583 rationis,
836 533 919 595 prae·

122 619 238 681 sertim
267 617 398 696 quando
434 616 615 693 petentium
650 616 854 677 voluntatem
886 615 919 676 ei

122 715 231 795 pietas
247 715 383 793 adjuvat
397 716 431 776 et
443 713 567 776 veritas
579 728 645 775 non
664 708 833 790 relinquit.
850 715 918 774 lia-

123 815 269 891 propter,
288 811 400 873 dilecti
414 812 446 873 in
454 811 592 873 Domino
608 810 680 884 dlii,
694 810 814 872 vestris
818 810 918 888 justis

123 909 402 988 postulationibus
418 909 599 970 clementer
612 909 801 977 annuimus,
818 909 850 969 ot
865 908 918 968 le-

123 1006 200 1069 licis
213 1006 453 1069 recordationis
467 1005 648 1068 Alexandri
666 1006 699 1067 et
720 1004 813 1067 Lucii
829 1020 919 1081 prae-

123 1106 336 1167 decessorum
353 1105 541 1165 nostrorum
565 1106 788 1164 Romanorum
804 1102 921 1163 Ponti·

122 1204 222 1264 ficum
273 1202 423 1279 vestigiis
473 1201 697 1273 inhaerentes,
749 1200 919 1277 praefatam

123 1301 300 1363 ecclesiam
326 1300 433 1361 sancti
456 1298 587 1374 Agnelli
614 1299 653 1360 de
682 1298 860 1370 Guaroino,
884 1298 919 1358 in

122 1416 188 1476 qua
209 1398 321 1459 divino
346 1397 527 1474 mancipati
556 1397 636 1459 estis
662 1396 831 1473 obsequio,
859 1394 919 1457 sub

120 1496 211 1558 beati
222 1496 364 1571 Petri,ct
373 1495 485 1557 nostra
494 1495 697 1571 protectione
708 1494 918 1570 suscipimus,

124 1596 159 1656 et
174 1593 349 1671 praesentis
358 1593 473 1670 scripti
483 1592 658 1669 privilegio
667 1591 918 1653 communimus.

125 1693 326 1763 statuentes,
357 1690 394 1753 ut
425 1686 651 1769 quascumque
679 1689 918 1768 possessiones,

123 1804 339 1867 quaecumque
357 1788 444 1849 bona
473 1789 589 1850 eadem
612 1787 755 1849 ecclesia
779 1789 813 1847 in
833 1802 922 1863 prae-

125 1888 306 1948 sentiarum
322 1886 354 1948 et
365 1887 454 1964 Juste
467 1887 500 1948 et
512 1886 672 1947 canonice
687 1884 842 1962 possidet,
863 1885 921 1946 aut

123 1985 321 2046 infuturum
341 1984 556 2046 concessione
583 1982 790 2053 Pontificum,
811 1981 919 2057 largi-

122 2082 216 2144 tione
230 2098 346 2157 regum
362 2081 415 2143 vel
430 2082 629 2159 principum,
650 2079 816 2141 oblatione
838 2079 922 2139 lide-

122 2180 225 2253 lium,
258 2196 319 2240 seu
349 2178 425 2240 aliis
457 2179 558 2256 Justis
591 2178 713 2251 modiS,
742 2178 920 2255 praestante

121 2278 276 2350 Domino,
290 2277 410 2354 poterit
438 2277 589 2353 adipisci,
611 2276 706 2337 drma
722 2275 827 2347 vohiS,
843 2291 921 2338 ves·

121 2373 918 2454 trisquesuccessoribusetillibatapermaneant.

125 2476 165 2535 lu
195 2472 314 2550 quibus
342 2472 414 2534 haec
446 2472 591 2550 propriis
620 2471 775 2532 duximus
803 2471 920 2547 expri-

123 2571 245 2632 menda
255 2569 437 2633 vocabulis.
451 2571 574 2632 Locum
588 2569 707 2646 ipsum,
719 2569 826 2646 inquo
839 2585 923 2646 prae·

122 2669 193 2730 fata
208 2667 349 2731 ecclesia
369 2669 433 2729 sita
453 2670 513 2740 est,
538 2684 612 2729 cum
637 2666 789 2728 omnibus
813 2666 920 2743 perti·

126 2766 251 2828 nentiis
263 2766 344 2837 suis,
362 2766 448 2827 sicut
463 2766 496 2825 in
519 2764 651 2842 publico
668 2765 921 2826 iustrumentoa

126 2863 221 2925 vobis
255 2863 340 2925 sacto
378 2863 577 2924 continetur.
616 2862 803 2924 oratorium
833 2861 921 2924 beati

127 2965 225 3024 Lucae
240 2962 275 3023 in
291 2962 373 3040 pede
399 2962 520 3023 montis
542 2962 641 3023 situm
656 2977 730 3022 cum
749 2960 922 3038 pertinen-

125 3061 182 3123 tiis
207 3060 288 3121 suis.
309 3060 425 3121 Casale
447 3060 487 3121 de
509 3058 620 3136 Sylva,
642 3058 867 3121 molendinum
885 3059 921 3120 in

125 3158 263 3220 llumine
283 3157 369 3235 quod
393 3157 515 3219 dicitur
540 3158 635 3228 Cosa,
659 3172 734 3217 cum
756 3155 919 3228 domibus,

125 3257 261 3329 hortis,
297 3256 330 3317 et
363 3255 482 3316 horum
517 3254 664 3315 omnium
697 3253 919 3331 pertinentiis.

123 3359 230 3418 Terra
250 3354 283 3414 in
306 3354 461 3416 Niviano.
476 3355 579 3414 Terra
596 3353 631 3413 in
650 3354 795 3413 Vareno.
818 3353 921 3412 Terra

126 3455 160 3515 in
199 3454 336 3529 Pajano.
369 3454 471 3512 Terra
498 3451 533 3511 in
564 3449 718 3511 cortinis.
753 3451 857 3510 Terra
888 3449 921 3510 in

125 3550 339 3626 l‘ratolongo.
371 3551 474 3610 Terra
506 3548 538 3608 in
572 3546 721 3609 Cultivis.
751 3546 923 3624 llospitale

124 3648 212 3728 qurod
235 3650 286 3710 est
307 3646 368 3708 sub
386 3647 495 3707 castro
510 3646 657 3714 varcini,
675 3661 749 3706 cum
770 3643 922 3705 omnibus

125 3761 200 3825 quae
221 3744 268 3805 ibi
289 3743 476 3822 possidetis,
490 3743 618 3815 vineaS,
639 3741 832 3818 canapinasv,
854 3742 924 3803 ter-

125 3860 194 3917 ras,
211 3842 337 3916 domos,
356 3841 481 3912 hortos,
500 3842 532 3902 et
544 3841 665 3903 caetera
685 3856 759 3916 quaa
779 3839 819 3901 ad
836 3838 923 3901 idem

124 3941 293 4019 hospitale
318 3938 561 4001 rationabiliter
586 3938 753 4015 pertinere
774 3953 922 3999 noscun-

124 4043 191 4103 tur.
217 4039 330 4100 Liceat
353 4052 482 4115 quoque
504 4035 598 4097 vobis
620 4036 771 4109 clericos,
789 4036 844 4097 vel
859 4035 925 4095 lai-

124 4156 185 4202 cos
213 4154 232 4199 e
261 4136 384 4198 saeculo
413 4135 594 4211 fugientes,
622 4134 744 4196 liberos
766 4134 800 4196 et
826 4133 926 4195 abso-

123 4238 215 4298 lutos
239 4235 280 4296 ad
295 4234 548 4296 conversionem
570 4233 730 4309 recipere,
757 4233 790 4293 et
812 4247 869 4293 eos
890 4233 925 4292 in

122 4336 238 4397 vestro
251 4332 391 4408 collegio
403 4330 526 4410 absque
537 4330 801 4393 contradictione
812 4328 924 4406 aliqua

121 4433 284 4495 relinere.
295 4430 544 4502 chrismavero,
555 4427 664 4489 oleum
678 4428 840 4499 sanctum,
850 4442 926 4488 con·

121 4529 332 4593 sacrationes
346 4526 514 4598 altarium,
525 4542 585 4588 seu
599 4525 826 4598 basilicarum,
839 4524 927 4587 ordi·

121 4628 282 4692 nationes
297 4626 505 4697 clericorum,
520 4624 576 4702 qui
600 4623 642 4684 ad
661 4638 775 4684 sacros
790 4622 925 4685 ordines

119 4726 252 4790 suerint
264 4722 492 4803 promovendi,
505 4737 524 4784 a
540 4722 727 4783 dioecesano
736 4720 926 4798 suscipietis

119 4826 295 4905 episcope,
321 4821 350 4883 si
375 4820 506 4900 quidem
542 4819 726 4881 catholicus
754 4818 865 4892 suerit,
894 4819 927 4881 et

119 4922 270 5003 gratiam
299 4920 398 4998 atque
430 4917 694 4979 communionem
726 4915 926 4993 apostolicae

121 5020 225 5085 sedis
236 5017 401 5089 habuerit,
417 5017 450 5078 et
461 5031 500 5076 ea
515 5014 609 5077 vobis
621 5014 736 5090 gratis,
754 5014 786 5075 et
801 5013 925 5091 absque

122 5118 295 5199 pravitate
307 5116 420 5193 aliqua
435 5113 578 5176 voluerit
588 5112 762 5188 exhibere;
776 5111 926 5189 alioquin

122 5217 232 5281 liceat
254 5213 349 5276 vobis
369 5226 608 5290 quemcumque
629 5210 813 5271 malueritis
833 5209 926 5270 adire

126 5311 392 5389 antistitem,qui
411 5309 569 5371 nimirum
585 5308 699 5369 nostra
721 5306 823 5369 tultus
845 5322 928 5368 auc·

126 5412 275 5481 toritate,
287 5408 373 5487 quod
388 5408 574 5486 postulatur
586 5405 767 5482 indulgeat.
778 5404 926 5467 obeunte

127 5528 208 5575 vero
220 5512 264 5581 te,
274 5524 361 5570 nunc
373 5504 521 5584 ejsudem
531 5504 594 5567 loci
602 5504 724 5582 priore,
733 5503 785 5565 vel
794 5504 926 5567 tuorum

743 254 1137 341 semronmaron.
1165 246 1168 253 '
1210 224 1213 229 ’

973 412 1120 497 quolibet
1145 435 1388 495 successorum,
1408 422 1522 487 nullus
1548 422 1594 487 ihi
1623 426 1773 505 qualibet

973 517 1197 595 subreptionis
1237 518 1359 582 astutia
1388 536 1449 583 seu
1483 522 1643 586 violentia
1683 541 1774 603 prae·-

973 617 1125 691 ponatur,
1140 617 1207 677 nisi
1234 634 1330 695 quem
1355 618 1476 681 iratres
1500 622 1667 683 communi
1688 638 1771 685 cou-

974 714 1153 785 sensu‚vel
1165 713 1304 776 hairum
1315 719 1423 793 major
1433 733 1510 794 pars
1522 718 1774 783 consiliisanio-

973 810 1020 871 ris
1040 811 1221 872 secundum
1230 814 1333 874 Deum
1348 815 1554 891 providerint
1569 816 1770 893 eligendum.

974 909 1190 970 Decernimus
1203 926 1294 986 ergo,
1304 911 1339 972 ut
1353 912 1438 972 nulli
1454 913 1588 976 omuino
1599 914 1771 977 hominum

974 1005 1018 1068 sit
1043 1005 1093 1066 sas
1116 1006 1287 1084 praelatam
1300 1009 1476 1071 ecclesiam
1495 1011 1619 1073 temere
1634 1015 1771 1089 pertur-

973 1102 1064 1176 bare,
1096 1107 1154 1167 aut
1182 1107 1255 1182 ejus
1276 1108 1504 1184 possessiones
1536 1108 1680 1179 auterre,
1717 1111 1771 1173 vel

974 1200 1102 1263 ablatas
1117 1203 1274 1274 retinere,
1300 1204 1460 1277 minuare,
1486 1222 1545 1267 seu
1570 1206 1774 1284 quibuslibet

974 1299 1207 1361 vexationibus
1233 1301 1387 1378 fatigare,
1415 1303 1471 1365 sed
1499 1305 1612 1365 omnia
1641 1305 1772 1383 integra

974 1399 1215 1459 conserventur
1230 1414 1356 1473 eornm,
1369 1417 1428 1476 pro
1446 1418 1586 1478 quorum
1604 1402 1773 1478 guberna-

973 1494 1075 1567 tione,
1088 1512 1127 1556 ac
1137 1497 1376 1559 sustentatione
1392 1513 1548 1561 concessa
1560 1503 1647 1573 sunt,
1657 1501 1773 1563 usibus

974 1593 1171 1654 omnimodis
1180 1594 1770 1674 profutura,salvaSedisApostolicae

974 1690 1183 1752 auctoritate.
1201 1691 1236 1752 Si
1257 1707 1321 1768 qua
1333 1693 1435 1768 igitur
1443 1693 1478 1753 in
1489 1694 1637 1755 futurum
1658 1695 1771 1757 eccle-

975 1786 1110 1849 siastica
1138 1788 1511 1867 saecularisvepersona
1539 1792 1625 1853 hanc
1646 1794 1770 1855 nostra

975 1884 1219 1947 constitutionis
1234 1887 1391 1964 paginam
1406 1888 1551 1950 scienter
1565 1891 1681 1951 contra
1697 1906 1773 1952 eam

974 1984 1099 2044 temere
1113 1985 1228 2045 venire
1242 1986 1431 2057 tentaverit,
1448 1986 1593 2048 secundo
1608 1987 1773 2066 tertioque

975 2081 1186 2153 commonita,
1213 2082 1278 2143 nisi
1304 2085 1433 2144 reatum
1449 2084 1774 2161 suumdignasatis-

976 2177 1119 2240 factione
1142 2180 1336 2253 correxerit,
1358 2182 1545 2257 potestatis,
1570 2182 1773 2261 honorisque

976 2276 1028 2336 sui
1042 2276 1204 2352 dignitate
1219 2279 1341 2346 careat,
1362 2281 1395 2340 at
1411 2295 1431 2340 a
1455 2280 1683 2342 sacratissimo
1698 2295 1769 2342 cor·

976 2389 1056 2450 pore
1071 2376 1104 2436 et
1117 2376 1281 2451 sanguino
1292 2376 1352 2437 Dei
1363 2377 1395 2437 et
1410 2377 1641 2455 Redemptoris
1662 2378 1771 2441 nostri

976 2473 1055 2534 Jesu
1070 2472 1193 2533 Christi
1218 2473 1331 2534 aliena
1354 2473 1422 2545 ilat,
1446 2477 1544 2552 atque
1566 2477 1601 2536 in
1623 2477 1771 2538 extremo

976 2569 1130 2630 examine
1144 2568 1302 2631 districtae
1314 2571 1433 2633 ultioni
1446 2572 1626 2649 subjaceat.
1639 2573 1773 2635 Cunctis

976 2668 1087 2729 autem
1101 2666 1208 2729 eidem
1231 2668 1302 2730 loco
1327 2685 1387 2729 sua
1405 2672 1483 2747 jnra
1503 2671 1714 2732 servantibus
1729 2670 1774 2733 sit

977 2780 1042 2840 pax
1053 2765 1186 2826 Domini
1201 2766 1306 2827 nostri
1323 2768 1403 2829 Jesu
1416 2767 1551 2842 Christi,
1567 2770 1730 2847 quatenus
1741 2769 1776 2831 et

978 2862 1031 2924 hic
1057 2862 1200 2925 fructum
1229 2863 1324 2926 bonae
1347 2865 1488 2926 actionis
1514 2866 1715 2944 percipiant,
1741 2866 1777 2931 et

976 2961 1063 3037 apud
1089 2960 1275 3023 districtum
1302 2962 1451 3039 judicem
1474 2964 1613 3040 praemia
1640 2966 1776 3027 aeterna

976 3058 1068 3134 pacis
1083 3058 1265 3120 inveniant.
1282 3062 1397 3121 Amen.
1414 3062 1531 3122 Arnen.

1016 3158 1084 3232 Ego
1103 3155 1282 3229 Honorius,
1299 3155 1478 3218 Catholicae
1503 3158 1659 3220 Ecclesiae
1683 3156 1775 3236 epis-

977 3267 1091 3331 oopus.

1016 3353 1083 3426 Ego
1109 3350 1283 3422 Rubenius,
1307 3350 1456 3412 ecclesiae
1479 3351 1585 3414 sancti
1613 3351 1774 3429 Stephani

977 3448 1013 3509 in
1028 3447 1131 3508 Coelio
1147 3448 1258 3509 monta
1271 3448 1445 3526 presbyter
1459 3448 1653 3510 cardinalis.

1018 3547 1085 3621 Ego
1100 3546 1298 3622 Stephanus,
1309 3546 1462 3607 Basilioae
1476 3547 1539 3605 llll
1548 3546 1775 3623 apostolorum

977 3642 1151 3720 presbpter
1167 3642 1359 3704 cardinalis.

1018 3743 1086 3817 Ego
1101 3740 1292 3817 Gregorius,
1308 3740 1396 3803 tituli
1413 3742 1446 3801 S.
1469 3740 1656 3803 hunstasiae
1678 3756 1776 3818 pres-

978 3837 1275 3917 bp'tercardinalis.

1019 3938 1087 4013 Ego
1102 3935 1221 4011 (luido,
1236 3936 1463 3999 Praenestinus
1478 3936 1665 4015 episcopus.

1017 4035 1086 4111 Ego
1102 4033 1269 4111 Pelagius,
1285 4033 1484 4097 Albanensis
1504 4034 1691 4111 episcopus.

1018 4134 1086 4208 Ego
1100 4132 1230 4204 Petrus,
1246 4131 1378 4194 Sabinae
1393 4133 1580 4211 episcopus.

1019 4231 1086 4305 Ego
1098 4228 1214 4302 Gnido,
1231 4232 1263 4290 S.
1279 4229 1410 4290 Nicolai
1425 4229 1606 4291 incarcere
1621 4229 1775 4292 Tulliano

979 4328 1140 4389 diaconus
1155 4326 1346 4387 cardinalis.

1020 4427 1087 4501 Ego
1104 4423 1295 4499 Gregorius,
1307 4425 1339 4484 S.
1352 4422 1519 4485 Theodori
1532 4422 1692 4484 diaconus
1707 4439 1778 4485 car·

980 4522 1113 4584 dinalis.
1298 4522 1301 4529 '

1020 4623 1087 4697 Ego
1102 4619 1302 4696 Stephanus,
1313 4620 1345 4680 S.
1359 4618 1523 4679 Hadriani
1534 4617 1695 4679 diaconus
1708 4634 1780 4680 car·

980 4718 1114 4779 dinalis.

1020 4819 1088 4892 ligo
1102 4813 1360 4885 alebrandinus‚
1375 4815 1409 4874 S.
1424 4813 1594 4875 Eustachii
1617 4813 1777 4875 diaconus

981 4912 1172 4975 cardinalis.

1021 5013 1139 5074 Datum
1152 5009 1323 5071 Ferentini
1344 5024 1404 5086 per
1418 5024 1551 5069 manum
1567 5008 1719 5071 Rainerii
1740 5013 1773 5073 S.

981 5114 1020 5172 R.
1052 5113 1087 5170 ll.
1113 5107 1394 5179 vicecancellarii,
1413 5108 1473 5168 l'll
1495 5106 1657 5169 kalendas
1680 5111 1777 5171 octo-

980 5209 1062 5280 bris,
1091 5207 1206 5269 indiot.
1240 5207 1296 5278 Vl,
1323 5205 1567 5267 lucarnationis
1595 5206 1778 5269 Dominicas

981 5323 1069 5369 anno
1083 5307 1171 5376 1217,
1187 5302 1397 5382 pontificatus
1422 5318 1501 5365 vero
1521 5304 1647 5367 domini
1663 5306 1780 5366 Hono·

980 5405 1024 5466 rii
1036 5420 1130 5482 papae
1144 5404 1188 5465 lll
1204 5417 1291 5464 anno
1302 5400 1459 5463 secundo.
