3802 6166
122 274 180 371 ,1111
747 269 921 327 iiouoan
945 268 988 326 in
1011 267 1158 328 orani.
1718 273 1772 331 703

163 431 289 492 Invicta
316 428 398 492 tides
422 430 454 491 et
482 427 612 489 devotio
627 425 803 499 indelessa,
820 443 919 504 quam
974 425 1084 487 terens
1108 427 1328 498 antedictam,
1358 444 1451 500 eam,
1485 446 1584 507 oviam
1613 430 1687 508 ipse
1716 431 1772 492 ob-

10 504 24 532 *
122 544 201 606 erga
227 529 327 590 clarae
356 527 524 591 memoriae
547 527 577 588 J.
601 540 714 602 regem
737 526 919 602 anglorum
972 525 1120 587 tinuerat
1139 525 1175 585 in
1201 526 1341 586 ecclesia
1373 527 1580 601 Placentina,
1597 544 1616 590 a
1636 528 1771 607 praelato

123 629 273 689 nosceris
293 625 460 695 babuisse,
486 624 518 687 te
544 639 584 686 ac
605 626 661 686 tua
684 623 836 701 ponendo
859 637 919 700 pro
975 622 1181 693 Rolandino,
1218 622 1272 683 cui
1310 624 1559 686 contuleramus
1602 626 1769 695 eamdem,

122 727 207 804 ipso,
224 726 310 786 sicut
324 722 374 785 illi
389 724 562 785 materiam
578 721 742 799 praestitit,
763 722 796 783 te
811 719 920 798 dignis
975 720 1100 783 faceret
1127 721 1265 798 pacifice
1293 721 1479 799 possideri:
1496 725 1696 788 mandantes
1718 726 1771 786 di-

121 822 314 885 muneribns
349 821 554 893 honorandi,
580 822 629 881 sic
660 821 693 881 et
723 819 818 881 nohis
852 819 920 881 tuis
974 819 1059 881 lecto
1083 818 1152 880 tilio
1174 819 1414 882 Mediolanensi
1441 821 1558 894 electo,
1576 824 1615 885 ut
1637 823 1772 901 praetato

122 920 447 983 remunerationibus
474 918 654 996 praestandi
682 916 829 979 favorem
854 932 920 978 nou
976 919 1130 995 episcopo
1144 918 1181 979 in
1196 919 1342 980 mandati
1358 921 1461 981 nostri
1481 923 1682 983 executione
1704 939 1774 984 ces-

122 1021 288 1082 lmmerito
327 1019 521 1096 persuadet,
558 1019 592 1078 ut
629 1018 686 1078 tua
723 1016 811 1077 circa
844 1031 919 1076 eum
975 1018 1082 1088 sante,
1098 1016 1169 1093 ipse
1184 1016 1266 1077 illud
1282 1019 1420 1094 exsequi
1437 1020 1645 1095 procuraret,
1661 1019 1776 1081 decer-

121 1120 216 1194 grata
245 1117 423 1194 obsequia,
452 1117 484 1177 et
513 1115 619 1192 ipsius
648 1130 727 1190 erga
755 1117 788 1175 te
816 1114 920 1175 retri-
975 1130 1059 1176 nens
1092 1114 1233 1187 irritum,
1264 1117 1297 1177 et
1334 1115 1445 1190 inane,
1472 1119 1502 1178 si
1529 1118 1610 1196 quid
1635 1118 1677 1180 de
1705 1119 1774 1195 ipsa

121 1213 268 1276 butivam
293 1214 434 1290 gratiam
469 1212 706 1290 approbantes,
749 1211 922 1286 utriusque
977 1213 1061 1274 soret
1072 1212 1199 1290 aliquid
1209 1213 1409 1276 ordinatum.
1420 1216 1609 1293 Ipsoigitur
1620 1216 1774 1293 episcopo

122 1312 299 1374 reddamus
326 1312 447 1372 exinde
474 1308 762 1372 honorificentiam
795 1307 920 1369 clario·
976 1311 1111 1388 propter
1125 1310 1285 1387 quasdam
1301 1313 1513 1390 exceptiones
1525 1315 1558 1375 et
1576 1313 1774 1392 appellatio-

121 1427 203 1472 rem.
218 1412 324 1483 Quum
346 1409 459 1486 igitur,
485 1409 570 1471 sicut
591 1406 688 1469 nobis
703 1408 760 1469 tna
773 1405 921 1467 exhibita
977 1424 1052 1470 nem
1068 1408 1198 1485 praetati
1213 1409 1350 1487 capituli
1360 1410 1541 1472 asserentis
1556 1410 1703 1472 seillam
1718 1412 1773 1472 alii

121 1509 237 1586 petitio
251 1508 451 1579 continebat,
462 1507 551 1569 idem
563 1522 625 1568 rex
638 1505 785 1583 pensatis
794 1505 859 1566 tuae
869 1504 923 1565 de·
977 1506 1169 1578 contulisse,
1181 1506 1360 1582 procedere
1372 1523 1438 1569 non
1453 1509 1594 1570 curante
1611 1531 1618 1568 :
1635 1508 1773 1569 dilectus

121 1606 267 1668 votionis
294 1604 482 1683 obsequiis,
503 1604 537 1665 in
564 1606 654 1666 terra
682 1605 738 1665 tua
765 1601 922 1664 cudendae
977 1604 1066 1664 tilius
1080 1607 1114 1664 S.
1126 1602 1284 1678 magister
1296 1604 1484 1667 scholarum
1500 1605 1726 1667 Mediolanen.
1738 1606 1776 1666 de

123 1707 265 1765 monetae
294 1703 353 1765 tibi
378 1702 517 1762 liberam
542 1701 583 1762 de
605 1700 807 1762 liberalitate
830 1697 923 1774 regia
977 1702 1134 1763 mandato
1148 1703 1254 1778 ipsius
1269 1703 1367 1767 electi
1386 1704 1568 1766 decernens
1585 1703 1731 1776 irritum,
1746 1707 1777 1764 et

123 1801 326 1863 concesserit
346 1799 548 1871 facultatem,
569 1798 655 1859 sicut
669 1798 704 1858 in
718 1800 790 1874 ejus
803 1796 923 1857 litteris
979 1800 1089 1873 inane,
1104 1802 1191 1879 quod
1201 1803 1243 1865 de
1258 1801 1434 1880 praebenda
1455 1802 1528 1879 ipsa
1543 1800 1671 1863 factum
1686 1801 1776 1862 dice-

122 1899 255 1977 plenins
268 1898 467 1968 continetur,
481 1897 794 1958 nosconcessionem
806 1894 925 1971 hujus-
978 1898 1076 1961 batur
1090 1914 1149 1976 per
1163 1901 1343 1977 capitulum
1358 1901 1589 1971 memoratum,
1599 1898 1635 1961 in
1651 1915 1775 1969 omnes,

123 1997 212 2057 modi
223 1997 351 2072 gratam
364 1995 535 2066 babentes,
545 2009 618 2054 eam
634 1992 704 2064 tibi,
718 1993 804 2054 sicut
817 1993 923 2068 ipsam
979 1997 1035 2075 qui
1048 2012 1148 2075 super
1157 1996 1221 2060 hoc
1231 1999 1408 2076 saepedicto
1424 1999 1496 2061 Rol.
1508 2013 1545 2059 se
1560 2001 1775 2075 opponerent,

121 2097 210 2172 Juste
226 2094 355 2156 obtines
370 2095 403 2155 et
424 2093 544 2170 quiete,
570 2090 923 2166 auctoritaienposto-
979 2096 1333 2158 excommunicationis
1359 2097 1556 2159 sententiam
1588 2095 1778 2174 promulga-

125 2191 190 2253 lica
212 2192 458 2260 confirmamus,
479 2194 512 2252 et
533 2190 707 2267 praesentis
730 2188 846 2265 scripti
866 2204 926 2265 pa·
979 2193 1039 2255 vit.
1055 2194 1123 2255 Nos
1142 2194 1245 2270 igitur
1263 2195 1423 2266 volentes,
1441 2194 1476 2256 ut
1495 2208 1675 2271 processus
1690 2196 1777 2270 ejus·

124 2291 267 2352 trocinio
287 2289 539 2351 communimus.
562 2289 609 2349 Ad
628 2288 789 2349 indicium
814 2287 925 2348 autem
981 2291 1053 2352 dem
1069 2293 1218 2369 magistri
1233 2292 1429 2354 scholarum
1448 2292 1686 2353 inconcussam
1703 2291 1778 2352 obti-

124 2389 259 2466 hujusa
280 2389 363 2450 Sede
378 2388 566 2464 Apostolica
583 2386 846 2448 confirmationis
867 2383 927 2445 ob·
980 2391 1058 2451 neat
1074 2390 1274 2461 firmitatem,
1295 2389 1495 2451 fraternitati
1513 2391 1580 2450 tuae
1596 2404 1659 2466 per
1673 2393 1777 2464 Apos-

123 2485 237 2555 13313,
255 2499 355 2544 unam
379 2497 524 2544 marcam
545 2482 619 2543 auri
646 2481 744 2541 annis
771 2479 924 2555 singuiis,
981 2488 1081 2549 toiica
1103 2489 1225 2565 scripta
1249 2488 1456 2559 manemus,
1482 2485 1651 2564 quatenus
1681 2485 1778 2547 iacias

129 2580 248 2659 quibus
274 2581 407 2643 moneta
430 2580 501 2657 ipsa
523 2579 672 2649 cudetur,
687 2577 782 2639 nobis
797 2578 830 2638 61
845 2592 926 2638 8110·
980 2585 1075 2647 illum
1087 2601 1147 2662 per
1161 2601 1334 2647 censuram
1350 2585 1625 2656 ecclesiasticam,
1639 2584 1780 2662 appella·

127 2679 315 2741 cessoribus
331 2677 454 2740 nostris
469 2676 632 2738 exsolves.
652 2675 745 2736 Nulli
757 2691 837 2752 ergo
850 2690 926 2735 om·
980 2685 1072 2746 tione
1086 2686 1224 2752 remota,
1242 2683 1573 2745 firmiterobservari.

126 2778 207 2839 nino
222 2776 393 2838 bominum
409 2776 508 2837 liceat
522 2776 609 2836 hanc
633 2774 789 2851 paginam
805 2773 928 2834 nOStrae
1023 2781 1140 2844 Datum
1152 2782 1308 2845 Laterani
1323 2783 1368 2842 Xl
1383 2781 1450 2842 kal.
1462 2781 1555 2852 maii,
1568 2781 1779 2858 pontificatus

128 2874 390 2936 confirmationis
407 2873 601 2948 intringere,
619 2871 672 2932 vel
685 2871 717 2931 ei
727 2886 810 2931 ausu
823 2873 929 2932 teme·
983 2879 1088 2942 nostri
1103 2895 1191 2941 anno
1204 2879 1359 2941 secundo,

4 2980 7 2987 '
127 2973 221 3034 rario
234 2972 413 3034 contraire.
428 2971 465 3032 Si
477 2971 551 3048 quis
566 2970 676 3031 autem
692 2968 756 3030 hoc
766 2968 929 3030 attentare

129 3070 390 3148 praesumpserit,
411 3069 672 3146 indignationem
695 3066 929 3144 omnipotentis
1323 3039 1441 3127 CCIV

130 3168 190 3230 Dei
203 3170 236 3230 et
244 3166 417 3229 beatorum
438 3166 528 3228 Petri
541 3167 574 3228 et
585 3165 682 3226 Pauli
698 3164 929 3241 Apostolorum
985 3186 1036 3245 Λα
1054 3186 1335 3258 archiepiscopos,
1362 3185 1535 3257 episcopos
1560 3182 1596 3242 ep
1616 3181 1776 3256 mmo,

129 3269 201 3343 ejus
211 3281 248 3326 se
263 3266 393 3326 noverit
407 3265 631 3325 incursurum.
1287 3282 1479 3356 wama»,

170 3366 289 3426 Datum
303 3365 459 3425 Laterani
475 3364 535 3424 xtt
550 3362 710 3424 kalendas
726 3361 806 3422 maii
822 3358 933 3436 ponti·
1266 3413 1300 3470 26
1319 3411 1390 3485 amu
1422 3411 1493 3468 ¹2¹8

130 3463 248 3524 tlcatus
263 3463 369 3523 nostri
382 3476 470 3522 anno
486 3459 642 3522 secundo.
1023 3518 1027 3528 ,
1077 3519 1082 3529 ,
1192 3518 1199 3529 ,
1307 3519 1313 3528 ‚
1337 3518 1342 3529 ,
1521 3517 1526 3526 ,

988 3517 1092 3583 [1113311.
1104 3517 1246 3571 Baliarium
1258 3518 1358 3569 ordinas
1371 3518 1429 3570 irat.
1444 3517 1589 3574 arboreab,
1607 3516 1626 3575 1,
1639 3517 1682 3575 ἒ,
1694 3531 1720 3568 n.
1731 3515 1778 3579 aa]

469 3629 593 3734 CCIII
1094 3624 1227 3685 Ordinem
1245 3624 1462 3698 predicatorum
1481 3623 1679 3682 commendat.

1028 3744 1194 3804 Honorius
1209 3743 1383 3819 episcopus
1396 3756 1512 3802 servus
1520 3756 1697 3802 servorum
1712 3741 1776 3805 Dei,

527 3913 532 3924 ⁸
987 3840 1235 3903 venerabilibus
1250 3839 1408 3900 iratribus
1415 3837 1692 3914 archiepiscopis
1702 3839 1779 3914 epis·

275 4021 280 4031 ι
328 4020 333 4030 ¹
424 3914 456 3971 11
474 3913 555 4029 1111·
573 3912 651 3970 1111·
989 3939 1091 4016 copis,
1109 3955 1148 3999 ac
1160 3936 1290 3998 directis
1308 3936 1386 3996 iiiiis
1401 3934 1588 4005 abbatibus,
1603 3935 1776 4011 prioribus,

182 4023 291 4087 [Campi.
308 4022 367 4070 1111·
384 4018 697 4077 111111·1111’11111111·11’
717 4016 774 4079 1111
795 4032 822 4069 11·
834 4017 888 4081 1111
986 4039 1022 4099 31
1036 4036 1111 4097 aliis
1123 4032 1340 4096 ecclesiarum
1356 4031 1501 4110 praelatis
1514 4047 1575 4109 per
1589 4032 1776 4109 Hispaniam

198 4127 315 4186 11111111
325 4135 357 4184 111
368 4127 510 4183 1111111111
526 4141 541 4183 ⁸
558 4126 697 4198 1111811110
711 4123 875 4183 1110111111
990 4128 1188 4204 constitutis,
1201 4131 1341 4193 salutem
1351 4133 1383 4192 et
1398 4129 1615 4207 apostolicam
1630 4129 1780 4190 benedic-

235 4216 441 4274 blediolanens.
456 4213 513 4272 lata
526 4215 644 4271 tirmiter
659 4214 834 4272 observetur.
991 4231 1124 4291 pionem·

175 4336 344 4398 Honorius
359 4334 662 4410 episcopusservus
679 4347 852 4394 servorum
862 4332 933 4403 Dei,
1030 4327 1065 4388 Si
1081 4338 1241 4403 personas
1252 4324 1438 4400 religiosas,
1462 4323 1524 4383 etc.

134 4433 319 4496 venerabili
343 4431 438 4493 tratri
460 4432 614 4507 episcopo
633 4429 817 4501 Parmensi,
839 4430 934 4490 saln-
1031 4423 1180 4503 (Videtis
1194 4420 1257 4484 col.
1273 4423 1421 4492 626-627,
1438 4420 1494 4480 ubi
1514 4419 1632 4480 eadem
1646 4415 1775 4495 epistola

134 4534 249 4594 temet
269 4529 485 4607 apostolicam
501 4527 776 4591 benedictionem.
990 4523 1112 4598 legitur
1128 4520 1171 4582 de
1193 4519 1293 4582 verbo
1312 4518 1354 4580 ad
1375 4518 1524 4580 verbum.
1538 4517 1622 4578 Data
1646 4518 1691 4578 lll
1711 4514 1775 4574 idus

176 4631 349 4705 allegante
365 4627 443 4689 olim
458 4626 652 4687 Placentino
663 4624 808 4702 capitulo
824 4638 936 4684 sacer·
990 4616 1178 4698 februarii.)

136 4728 280 4788 dotalem
299 4742 374 4787 esse
401 4723 578 4802 quamdam
598 4724 750 4785 ecclesiae
766 4737 834 4782 suae
849 4737 937 4798 prae-
1341 4731 1436 4818 CCV

136 4825 288 4896 bendam,
317 4839 415 4900 quam
441 4822 562 4882 dilecto
592 4821 661 4881 ulio
690 4819 876 4882 Rolandino
896 4817 936 4878 de

137 4924 276 4984 Gomula
299 4921 460 4983 canonico
483 4918 675 4988 Mutinensi,
698 4917 869 4993 capellano
885 4914 937 4975 di-

137 5020 214 5080 lecti
228 5021 289 5081 tilii
302 5019 410 5080 nostri
421 5017 542 5078 Leonis
555 5017 604 5079 tit.
623 5018 657 5076 S.
669 5015 783 5076 Crucis
798 5014 937 5091 presby·

137 5118 201 5177 teri
239 5117 419 5178 cardinalis
456 5115 732 5176 mandaveramus
765 5111 934 5187 conterri3
1272 5095 1402 5167 1111111·
1422 5093 1499 5149 11111·

137 5231 325 5276 noseorum
344 5215 498 5291 episcopo
514 5228 652 5273 munere
675 5210 936 5273 consecrationis
992 5205 1137 5266 [uslaubei.
1150 5198 1648 5268 11313113331331113333111311131.
1659 5195 1689 5250 11.
1699 5189 1770 5260 3111

136 5314 299 5392 impenso,
323 5314 430 5373 eidem
452 5311 603 5374 dedimus
631 5311 666 5371 in
695 5310 872 5380 mandatis,
902 5309 937 5370 ut
991 5312 1149 5370 Ecclesiam
1162 5311 1189 5368 s.
1206 5307 1350 5368 llariede
1363 5307 1459 5365 lbolna
1478 5321 1544 5363 cuin
1557 5304 1690 5362 omnibns
1703 5299 1772 5357 bouis

137 5425 289 5490 personae
326 5409 471 5481 idoneae,
504 5426 576 5486 quae
614 5406 753 5469 baberet
787 5406 936 5468 ordinem
1025 5398 1161 5458 tuendam
1179 5399 1306 5471 suscipit,
1327 5410 1486 5467 omnesque
1508 5394 1572 5468 ciui
1591 5391 1771 5468 possessione

138 5508 326 5580 sacerdotii,
344 5509 396 5568 vel
420 5506 460 5567 ad
482 5507 577 5567 illum
605 5506 743 5576 valeret,
772 5508 804 5566 et
827 5505 937 5581 posset
1026 5484 1617 5562 111011,11111111111111811(1011111111

139 5612 174 5671 in
199 5609 352 5686 proximo
382 5604 587 5681 promoveri,
613 5604 824 5680 praebendam
852 5617 935 5664 con·
1032 5598 1200 5660 Honorius
1210 5597 1521 5672 episcopusservus
1532 5607 1701 5655 servorum
1712 5584 1770 5649 Dei·

272 3795 324 3853 Ad
342 3795 538 3867 episcopam
555 3795 791 3851 portuensem.

990 4872 1042 4931 Ad
1065 4874 1258 4930 Amaitsum
1274 4869 1434 4938 priorem
1454 4865 1488 4925 et
1506 4865 1640 4939 (ratres
1652 4860 1774 4924 833313

1229 4965 1406 5025 1131113113
1420 4965 1545 5022 Ibeltto.
