3794 6166
114 262 175 321 027

157 422 191 483 Si
215 436 373 499 personas
387 419 562 496 religiosas
581 417 721 494 diligero
744 432 783 479 ac
804 417 912 477 hono-

116 535 192 581 rare
216 518 351 589 curetis,
375 520 443 578 Deo
458 517 513 577 cui
532 516 659 577 seruire
682 530 825 591 regnare
848 513 908 585 est,

117 618 199 678 satis
214 616 343 691 gratum
358 614 551 691 obsequium
567 612 742 675 exhibetis,
758 611 813 689 qui
826 610 911 688 qnod

16 712 19 719 '
117 715 175 775 uni
190 731 232 775 ex
247 714 391 774 minimis
407 714 476 773 suis
499 713 544 783 dt,
567 712 629 772 sibi
645 711 717 773 fleri
733 710 910 771 assereret.

117 815 284 888 Rogamus
311 812 448 887 proinde
478 811 684 872 devotionem
708 811 853 870 rostram
881 808 914 867 et

117 910 290 971 hortamur
326 912 460 981 attente,
501 925 559 987 per
592 907 781 985 apostolica
819 904 912 965 robis

117 1008 239 1085 scripta
259 1008 453 1069 mandantes
469 1008 630 1085 quatenus
652 1005 771 1067 fratres
787 1003 913 1064 ordinis

117 1106 389 1178 praedicatorum,
414 1122 553 1183 qnorum
577 1105 658 1165 utile
680 1102 912 1173 ministerium,

118 1206 151 1265 et
163 1204 358 1281 religionem
374 1204 540 1267 credimus
559 1206 626 1265 beo
643 1203 784 1278 gratam,
807 1200 841 1261 iu
857 1215 916 1260 eo-

118 1318 190 1363 rum
203 1303 370 1379 proposito
381 1302 540 1363 laudabili
554 1301 777 1369 confoventes,
791 1298 916 1359 habea-

117 1400 161 1462 tis
172 1416 231 1477 pro
244 1403 356 1462 nostra
368 1402 400 1461 et
410 1400 607 1477 spostolicae
623 1398 717 1459 Sedis
728 1396 915 1458 reverentia

119 1498 375 1569 commendatos,
402 1498 436 1558 in
453 1498 523 1557 suis
543 1495 795 1557 necessitatibus
811 1494 917 1554 assis-

119 1597 217 1657 tendo
231 1596 287 1672 qui
302 1596 437 1656 verbum
456 1595 588 1655 liorniui
601 1594 705 1671 gratis
721 1594 754 1653 et
775 1591 916 1652 ssdeliter

120 1695 351 1771 proponentes,
365 1692 563 1753 intendendo
576 1691 776 1769 profectibus
787 1690 919 1749 anima-

120 1807 205 1862 rum,
230 1790 336 1867 ipsum
357 1791 532 1850 Dominum
556 1789 662 1851 solum
687 1789 803 1858 secuti,
831 1804 918 1863 pau-

121 1889 258 1967 pertatis
269 1888 400 1950 titulum
409 1888 636 1965 pratulerunt,
650 1902 765 1963 preces
778 1888 810 1946 et
822 1901 920 1945 man-

122 1987 236 2047 datum
251 1989 401 2051 nostrum
415 1986 526 2047 taliter
540 1985 721 2061 impleturi,
742 1986 776 2045 ut
791 1984 825 2044 in
846 1983 918 2042 dis·
936 2018 941 2032 ·

123 2083 212 2145 tricti
228 2084 393 2145 examinis
411 2083 464 2143 die
479 2082 578 2159 positi
595 2083 636 2143 ad
657 2082 828 2143 dexteram
844 2097 918 2140 cum

121 2179 236 2242 electis
247 2198 385 2257 regnum
397 2197 470 2241 cum
482 2181 530 2241 eis
543 2180 735 2257 percipiatis
745 2181 916 2247 aeternum,

121 2294 188 2341 nou
217 2279 363 2342 audituri
392 2279 615 2339 damnationis
641 2276 838 2339 sententiam
860 2291 919 2335 re-

121 2376 315 2453 proborum,
334 2393 415 2453 quos
433 2393 492 2454 pro
512 2376 699 2452 contemptu
720 2375 836 2436 talium
851 2374 920 2449 ipse

122 2476 220 2546 Deus,
240 2475 295 2550 qui
318 2492 354 2535 se
375 2475 410 2535 in
432 2490 547 2535 eornm
570 2475 689 2535 asserit
711 2472 920 2549 despectione

123 2573 303 2643 contemni,
317 2574 475 2650 perpetuo
489 2572 642 2633 incendio
658 2570 840 2649 deputabit.

162 2672 280 2731 Datum
302 2671 457 2732 Laterani
478 2673 522 2731 lll
538 2670 612 2730 idus
630 2668 788 2730 februarii
809 2667 922 2745 ponti-

125 2768 242 2831 fic-atus
258 2771 362 2833 nostri
377 2784 465 2828 anuo
481 2767 636 2829 seeundo.

430 2937 622 3023 dlxiii*

144 3083 195 3142 Ad
209 3080 345 3141 crbbates
360 3083 644 3142 Cirr-rernlleasem
660 3078 693 3139 ct
711 3081 905 3140 bloi-imon·

405 3181 556 3249 ‹leriae-m,
581 3178 644 3239 etc.

427 3294 457 3350 ll
472 3291 526 3348 leb.
545 3292 623 3350 1218.

212 3402 347 3465 [bouquet.
364 3400 465 3450 Rerueil
478 3399 520 3448 des
534 3399 604 3453 hist..
614 3404 633 3447 t.
652 3397 718 3456 xlx,
732 3412 758 3461 p.
771 3397 837 3455 com

338 3483 436 3543 liegest.
451 3480 495 3531 lib.
507 3481 537 3537 ll,
550 3480 623 3542 epist.
639 3477 707 3543 atil]

126 3582 195 3639 Cum
214 3596 262 3636 res
282 3579 440 3651 Philippus,
461 3578 617 3634 Soliaeensi
629 3584 722 3633 castro
746 3575 781 3632 ab
795 3574 923 3633 barelia-

161 3670 243 3726 neusi
255 3669 375 3726 ecclesie
392 3667 427 3725 ad
439 3675 550 3738 tempus
559 3673 685 3738 accepto,
699 3672 805 3721 turrem
819 3664 926 3720 ibicxs-

162 3759 303 3828 traxisset,
312 3758 623 3814 reclamantellanasse
631 3755 775 3827 episeopo,
784 3753 926 3810 Honorius

163 3863 263 3919 rogem
288 3847 322 3904 ab
343 3848 397 3903 illis
412 3846 522 3902 uroneri
532 3845 622 3919 Jubet,
639 3852 678 3915 ul,
694 3843 803 3900 reddito
822 3850 925 3910 castro,

162 3934 467 3993 ecclesieeaatisfaciat.

169 4053 337 4114 lionorins
359 4053 585 4129 episcopus...,
606 4050 734 4111 dilectis
759 4049 837 4109 liliis
853 4049 929 4108 Cla-

126 4150 306 4213 rerallensi
323 4147 385 4228 (a),
402 4148 661 4210 Morimondonsi
677 4146 737 4227 (h),
754 4150 786 4208 et
799 4150 836 4207 B.
853 4148 928 4207 Ma-

129 4250 189 4310 riae
212 4249 251 4309 de
266 4248 487 4323 Burgomedio
503 4247 651 4306 Blesensi
666 4243 723 4324 (c),
742 4244 926 4315 abbatibus,

130 4346 351 4423 Lingonensis
373 4346 406 4407 et
427 4345 640 4406 Carnotensis
660 4345 851 4415 dioecesum,
866 4345 927 4403 etc.

171 4445 286 4507 Oblata
315 4444 410 4504 nobis
441 4442 640 4503 venerabilis
680 4440 793 4501 fratris
823 4441 929 4501 nostri

129 4542 379 4605 Aurelianensis
391 4541 536 4618 episcopi
545 4538 594 4618 (d)
607 4538 814 4616 querimonia
825 4538 932 4598 decla·

127 4642 216 4703 ravit
231 4641 328 4719 quod,
345 4656 419 4700 cum
438 4639 472 4698 iu
498 4654 597 4699 mauu
623 4654 682 4698 sua
698 4636 869 4696 sasirisset
883 4634 929 4712 (c)

130 4743 274 4801 castrum
303 4739 482 4807 Soliacum,
509 4736 641 4796 feodum
665 4733 820 4795 videlicet
836 4750 930 4793 suum

132 4838 305 4913 liglmnmt
317 4837 357 4897 de
369 4833 551 4896 redditibus
561 4835 593 4894 et
604 4831 932 4909 proventibusipsius

131 4936 311 4995 resarciret
328 4933 524 5010 quibusdam
547 4930 786 4991 mercatoribus
813 4928 932 4989 damna

133 5049 194 5091 sua
208 5049 280 5109 qliae
297 5031 416 5091 nobilis
427 5032 479 5091 nir
490 5030 654 5090 Henricus
668 5027 817 5104 ejusdem
833 5009 934 5087 castri

133 5130 286 5190 dominns
295 5128 606 5203 irrogarateisdom,
620 5124 932 5200 laudernepiseopns

132 5226 202 5301 ipse
229 5227 333 5287 voluit
358 5228 391 5287 et
414 5225 589 5291 concessit,
619 5223 710 5284 salso
736 5222 844 5283 tamen
856 5223 933 5297 jure

135 5322 385 5384 Aurelianensis
401 5323 598 5383 ecelesiam*
614 5337 685 5391 suo,
697 5318 782 5395 quod
797 5319 935 5378 carissi-

135 5437 208 5481 mus
222 5421 256 5480 in
270 5421 401 5480 Cluisto
413 5421 501 5479 lilius
518 5420 629 5480 noster
646 5434 707 5478 rex
731 5418 935 5477 Francorum

737 256 912 317 HONORII
934 257 979 318 111
1001 258 1149 319 OPERA.

1711 261 1768 321 028

965 415 1122 490 illustris,
1153 419 1209 498 qui
1238 419 1300 481 hoc
1328 419 1488 482 affectare
1511 418 1709 487 videbatur,
1736 418 1768 480 iu

965 531 1065 576 mann
1079 531 1138 577 sua
1150 517 1295 578 castrum
1306 517 1392 579 illud
1407 518 1548 591 teneret,
1561 517 1669 578 donec
1684 519 1769 579 esset

966 614 1206 676 mercatoribus
1221 614 1441 685 satisfactum,
1457 616 1536 693 quia
1560 630 1623 693 per
1637 630 1767 675 manum

967 715 1039 788 ejus
1059 712 1093 773 id
1109 713 1209 774 citius
1230 715 1358 789 poterat
1382 713 1546 791 expediri.
1564 715 1646 773 Cum
1662 714 1766 773 autem

968 813 1112 871 castrum
1139 811 1221 873 illud
1250 813 1299 874 sic
1326 813 1484 874 traditum
1507 812 1618 873 dictus
1647 826 1709 871 rex
1736 811 1765 871 in

968 924 1068 969 manu
1083 925 1143 969 sua
1158 912 1297 983 teneret,
1314 911 1346 972 et
1361 910 1401 972 de
1415 909 1513 971 bonis
1527 909 1600 969 suis
1615 910 1767 970 mercato

968 1005 1059 1066 ribus
1079 1006 1296 1069 satisfecisset
1321 1007 1457 1080 eisdem,
1485 1010 1716 1084 sumptuosam
1739 1007 1765 1067 et

969 1121 1121 1181 maguam
1134 1106 1252 1167 turrim
1265 1106 1336 1167 fieri
1349 1106 1382 1166 iu
1393 1107 1503 1168 castro
1516 1106 1590 1183 ipso
1602 1105 1764 1181 praecepit,

970 1203 1200 1278 praedictorum
1237 1205 1384 1282 episcopi
1413 1205 1467 1265 vel
1508 1203 1636 1264 domini
1672 1202 1763 1263 castri

970 1302 1117 1378 ejusdem
1144 1301 1280 1363 minime
1311 1303 1471 1381 requisito
1500 1317 1683 1365 consensu.
1705 1303 1765 1371 Quo

970 1400 1093 1470 audito,
1106 1400 1194 1461 idem
1210 1401 1395 1478 episcopus,
1411 1403 1563 1462 metuens
1576 1415 1619 1460 ne
1629 1402 1764 1461 castrum

971 1499 1070 1561 vellet
1082 1497 1145 1560 sibi
1155 1513 1217 1559 rex
1231 1499 1448 1576 appropriare
1463 1498 1673 1581 praedictum,
1691 1512 1764 1556 con-

971 1597 1109 1657 siliariis
1124 1597 1205 1669 suis,
1221 1613 1302 1674 quos
1327 1596 1495 1674 adipsum
1519 1596 1670 1667 miserat,
1701 1611 1764 1654 eam

971 1695 1077 1771 ipsius
1091 1696 1302 1772 praesentiam
1318 1694 1441 1756 babere
1453 1711 1519 1759 nou
1532 1694 1682 1771 possent,
1695 1709 1764 1752 nun·

972 1794 1116 1855 claritat
1136 1792 1282 1855 inhibuit
1300 1810 1341 1855 ne
1361 1793 1455 1854 fieret
1470 1794 1575 1855 turris
1588 1792 1661 1863 illa,
1677 1807 1764 1868 qiam

973 1894 1082 1953 tamen
1110 1891 1327 1952 nihilominus
1351 1890 1453 1969 incipi
1475 1892 1509 1952 et
1523 1890 1684 1967 compleri
1699 1888 1764 1949 fecit

974 1990 1271 2051 contradictorum
1298 1989 1424 2050 domini
1443 1988 1545 2050 castri
1573 1989 1606 2049 et
1628 1987 1764 2064 episcopi

973 2089 1188 2149 voluntatem.
1217 2088 1297 2147 Cum
1320 2087 1528 2164 postmodum
1555 2086 1665 2147 dictus
1686 2084 1764 2160 epis-

974 2202 1076 2263 copus
1089 2186 1123 2245 in
1132 2185 1238 2263 regali
1250 2184 1366 2246 fuisset
1374 2185 1552 2262 praesentia
1562 2182 1763 2247 constitutus

974 2285 1007 2344 et
1034 2286 1184 2359 paratam
1208 2282 1272 2344 sibi
1296 2282 1432 2343 offerret
1448 2281 1638 2358 pecuniam,
1657 2277 1697 2340 de
1710 2294 1763 2354 qua

975 2380 1184 2442 satisfecerat
1197 2379 1437 2442 mercatoribus
1459 2378 1648 2449 antedictis,
1666 2376 1764 2436 hund-

976 2480 1052 2541 liter
1067 2478 1283 2559 supplicando
1301 2478 1336 2541 ut
1351 2478 1496 2539 castrum
1523 2476 1633 2552 ipsum
1659 2475 1700 2545 ei,
1721 2472 1764 2533 rel

976 2576 1064 2637 dicto
1075 2574 1177 2637 nobili
1192 2574 1248 2651 qui
1258 2575 1299 2635 de
1309 2575 1381 2651 ipso
1396 2574 1494 2635 horno
1506 2589 1587 2633 suus
1602 2571 1702 2649 ligius
1712 2572 1763 2636 est,

977 2676 1153 2736 restituere
1177 2673 1382 2748 dignaretur,
1399 2672 1430 2731 id
1445 2670 1580 2732 efficere
1595 2669 1703 2730 noluit
1715 2682 1763 2744 pro

977 2788 1046 2833 suae
1061 2770 1199 2832 arbitrio
1215 2770 1407 2831 voluntatis.
1427 2769 1507 2828 Cum
1531 2767 1693 2843 igiturex
1714 2764 1765 2825 hoc

978 2870 1062 2947 quod
1087 2867 1246 2945 praefatus
1261 2883 1322 2928 rex
1337 2866 1484 2928 detineat
1497 2864 1610 2926 taliter
1632 2866 1761 2925 castrum

978 2969 1097 3045 ipsum,
1121 2966 1207 3044 quod
1233 2969 1294 3033 est,
1312 2966 1348 3026 ut
1374 2963 1504 3036 asserit,
1535 2963 1687 3024 ecclesiae
1706 2976 1762 3020 sae

979 3064 1161 3126 mernbrum
1174 3062 1296 3133 nobile,
1313 3062 1347 3124 et
1364 3062 1598 3138 episcoporum
1623 3058 1761 3120 Aurelia·

979 3164 1133 3224 neusium
1149 3160 1322 3223 consuevit
1336 3176 1409 3220 esse
1429 3157 1595 3236 refugium
1622 3154 1760 3234 speciale,

980 3278 1045 3321 non
1070 3260 1235 3321 modicum
1263 3259 1295 3319 ei
1322 3257 1454 3319 videtur
1481 3258 1515 3317 el
1540 3254 1689 3317 ecelesiae
1707 3266 1760 3313 sue

981 3362 1058 3436 praej
1066 3358 1210 3419 odicium
1225 3356 1391 3431 generari,
1407 3355 1591 3430 praesertim
1615 3369 1687 3414 cum
1708 3365 1759 3410 no·

980 3457 1056 3517 bilis
1085 3454 1271 3517 antedictus
1307 3454 1513 3514 incessanter
1544 3452 1691 3529 requirat
1714 3460 1759 3523 per

980 3555 1077 3615 iidem
1095 3569 1189 3614 suam
1204 3553 1405 3629 episcopum,
1424 3552 1592 3626 tamquam
1613 3547 1758 3609 dominun

981 3669 1078 3713 suum
1104 3652 1232 3727 ligium,
1263 3652 1298 3710 ut
1320 3648 1383 3709 sibi
1408 3648 1562 3709 restituat
1576 3646 1629 3707 tel
1650 3639 1757 3707 restitui

982 3751 1083 3811 faciat
1102 3752 1247 3810 castrum
1274 3763 1381 3818 suum,
1413 3744 1524 3806 refusa
1539 3744 1678 3823 pecunia
1702 3753 1756 3800 me-

982 3848 1121 3910 morata.

1023 3943 1242 4004 serenitatem
1254 3944 1325 4019 ejus
1336 3955 1393 4017 per
1409 3940 1539 4001 nostras
1551 3939 1676 4000 litteras
1685 3945 1756 4007 roga·

983 4060 1056 4102 mus
1083 4041 1242 4102 attentius
1266 4041 1298 4100 et
1312 4038 1529 4099 obsecramus
1541 4037 1576 4096 in
1592 4033 1717 4096 Domino
1731 4028 1755 4086 ul

983 4142 1029 4202 ita
1046 4155 1145 4215 super
1160 4138 1222 4198 hoc
1238 4137 1392 4215 episcopo
1408 4135 1592 4196 satisfaciat
1606 4128 1754 4194 antedicto

984 4236 1188 4298 restituendo
1201 4238 1345 4296 castrum
1357 4234 1463 4310 ipsum
1475 4232 1582 4293 eidem
1594 4233 1646 4293 rel
1657 4220 1756 4290 homini

985 4355 1043 4395 suo
1060 4334 1229 4413 praedicto,
1246 4332 1359 4393 refusa
1382 4331 1427 4390 ibi
1448 4331 1588 4407 pecunia
1610 4343 1701 4406 quam
1716 4335 1760 4383 ex·

985 4434 1082 4495 solvit
1097 4428 1353 4503 mercatoribus3
1371 4428 1423 4489 vel
1435 4427 1463 4487 si
1479 4444 1578 4504 qaam
1594 4423 1769 4496 allasbona

987 4533 1059 4603 fide,
1069 4530 1258 4592 necessario
1274 4529 1308 4588 in
1323 4527 1554 4588 ossen-anone
1565 4525 1670 4601 ipsius
1684 4505 1780 4583 rastri

986 4629 1153 4706 expendit,
1171 4627 1254 4704 quod
1270 4625 1311 4686 ad
1333 4624 1420 4685 bona
1433 4623 1652 4684 eeclesiarum
1664 4622 1696 4682 in
1709 4614 1795 4695 eju&

987 4728 1185 4806 injuriam,a
1202 4740 1266 4801 quo
1280 4723 1367 4783 bona
1378 4721 1497 4782 crrncta
1513 4705 1804 4797 pr=oecduut,1101³

987 4826 1141 4889 videatur
1154 4822 1278 4883 habere
1300 4836 1417 4880 manus
1439 4818 1555 4879 aridas
1576 4821 1609 4879 et
1623 4818 1770 4879 extentas
1793 4833 1804 4849 ⁶

987 4923 1155 5001 Alioquin,
1175 4921 1474 4997 ‹prantumcumque
1498 4917 1710 4977 serenitatem
1731 4919 1804 4974 res

989 5024 1076 5099 giam
1092 5020 1274 5080 habeamus
1294 5016 1511 5085 carissimam,
1528 5014 1626 5090 eique
1637 5014 1804 5075 velimusa

989 5120 1147 5196 qnantum
1169 5115 1350 5192 poterimus
1368 5128 1440 5172 cum
1471 5114 1538 5171 Deo
1564 5110 1705 5179 deferre,
1726 5088 1804 5168 sib&

989 5221 1180 5279 tamennon
1196 5213 1278 5274 adeo
1294 5211 1490 5279 deferemus,
1507 5211 1543 5270 nt
1558 5206 1804 5286 reqrranimiter‘

989 5316 1147 5377 toleretur
1172 5328 1191 5371 a
1215 5310 1320 5380 nobis,
1347 5308 1376 5369 si
1402 5306 1502 5385 (qnod
1525 5305 1652 5387 absitl)
1681 5306 1785 5367 taliter

990 5408 1223 5473 dorchacensi
1261 5405 1439 5485 injurietur
1479 5404 1633 5465 ecclesiae
1678 5406 1786 5466 coutra

171 5623 212 5699 (a)
229 5621 388 5682 calliam.
421 5619 460 5693 (a)
477 5620 607 5679 caraem.
636 5620 673 5693 (a
692 5621 812 5678 immeo.
844 5616 885 5691 (a)
899 5615 1065 5677 manassen.
1097 5614 1131 5687 (a
1146 5594 1326 5671 sci-aetam
1342 5607 1510 5666 sarslvrsser.
