3802 6166
196 252 258 319 ses
642 226 1373 341 ¹truncammortator.·--sunuouas.
1785 240 1847 310 aso

199 411 350 492 pretatur
371 408 482 473 hiatus
496 408 606 481 terre,
629 422 799 487 perquem
823 404 994 484 significa·
1058 414 1062 423 ·
1087 406 1235 479 Quatuor
1258 405 1348 469 enim
1371 406 1449 469 sunt
1475 403 1721 484 expositionum
1742 404 1845 469 modi.

198 512 254 573 tur
268 509 456 580 Matthaeus,
482 505 538 584 qui
558 504 738 567 humanam
753 501 874 567 Christi
889 520 994 582 gene·
1047 505 1179 566 Primus
1205 505 1399 577 historicus,
1431 504 1596 566 socundus
1625 504 1846 581 allegoricus,

198 609 361 671 rationem
377 604 545 674 describit,
562 603 602 664 de
617 618 682 681 qua
703 602 784 665 dicit
803 602 991 680 Propheta:
1046 600 1165 663 tertius
1191 601 1327 664 moralis
1349 601 1419 663 sive
1442 601 1678 679 tropologicus,
1707 603 1847 679 quartus

204 707 340 769 Veritas
360 707 401 765 ote
416 704 515 764 terra
529 703 608 762 erto
623 701 674 763 est
690 698 760 779 (Ps.
776 701 826 772 81,
851 699 914 778 12),
937 699 991 760 id·
1046 700 1261 776 anagogicus.
1289 699 1349 761 Vel
1373 716 1459 761 unus
1481 699 1565 771 sous,
1595 715 1661 760 una
1685 696 1846 768 charitas,

199 804 259 876 est,
276 800 426 863 Christus
448 800 546 860 natus
561 798 663 860 estde
677 798 781 860 Beata
795 798 913 858 Maria.
936 798 994 858 Ti·
1043 797 1141 873 Juxta
1166 796 1248 857 illud
1274 814 1320 857 :a
1343 797 1496 858 Charitas
1520 798 1571 858 est
1594 796 1667 858 lons
1691 797 1847 874 proprius

198 900 268 977 gris
282 897 519 976 interpretatur
529 896 638 968 velox,
654 895 821 972 significat
831 896 990 965 Marcum,

198 998 255 1075 qui
272 995 402 1058 caeteris
415 993 576 1065 velocius,
593 993 691 1066 idest,
712 990 846 1054 brevius
865 992 994 1054 descri-

196 1096 247 1159 bit
260 1094 434 1156 historiam
456 1091 694 1168 evangelicam,
712 1091 765 1153 cui
779 1091 886 1168 ligura
908 1104 993 1170 quo-

198 1209 262 1273 que
276 1193 383 1255 leonis
396 1191 539 1268 aptatur,
555 1189 642 1268 quod
657 1189 840 1251 estanimal
856 1188 995 1251 velocis·

199 1293 330 1354 simum.
360 1288 545 1366 Euphrates
575 1287 810 1365 interpretatur
841 1286 992 1363 frugiter,

198 1389 365 1467 significat
388 1385 592 1458 Lucumoni
618 1385 798 1446 secuudum
831 1385 993 1447 visionem

197 1486 426 1566 propheticam
455 1483 562 1559 figura
589 1481 686 1544 vituli
714 1483 902 1560 coaptatur,
937 1483 993 1562 qui

62 1576 69 1591 ⁸
200 1582 353 1660 frugibus
364 1580 555 1644 excolendis
565 1578 993 1658 inservit;etipselructum

199 1681 328 1744 ventris
340 1678 505 1742 benedicti
515 1676 684 1738 describit.
699 1678 793 1739 Unde
805 1676 888 1739 bene
899 1678 993 1739 dice-

199 1778 298 1841 batur
313 1799 321 1838 :
336 1781 430 1839 Fons
444 1777 685 1853 epredtcbutur
698 1778 739 1837 de
753 1781 824 1838 loco
838 1776 995 1851 ootacpta-

199 1878 244 1938 tts
255 1878 301 1936 ad
318 1876 539 1950 impendum
553 1872 770 1947 paradeum,
791 1875 850 1946 oet
867 1875 994 1935 dtvtdt-

1046 891 1220 967 bonorum‚
1248 894 1303 955 cui
1326 911 1393 956 non
1417 894 1639 956 communicat
1662 894 1806 955 alienus
1828 913 1848 955 »

1048 992 1196 1063 Quatuor
1223 991 1373 1064 humina,
1408 993 1551 1070 quatuor
1584 993 1744 1053 virtutum
1771 1008 1849 1068 ger-

1047 1089 1148 1157 mina,
1167 1089 1265 1167 juxta
1288 1086 1369 1151 illud
1392 1111 1399 1149 ε
1423 1089 1650 1151 «Benedicite
1671 1090 1847 1151 Dominum

1047 1186 1088 1248 de
1116 1186 1273 1260 lontibus,
1302 1187 1372 1249 sive
1400 1187 1441 1248 de
1468 1187 1661 1249 fluminibus
1687 1188 1848 1248 lsrael.»

1047 1285 1193 1346 Virtutes
1217 1285 1297 1362 ipsae
1321 1286 1400 1347 sunt
1416 1306 1423 1345 :
1440 1285 1632 1359 Prudentia,
1657 1287 1850 1362 temperan-

1046 1383 1111 1454 tia,
1140 1382 1298 1444 sortitudo
1325 1384 1359 1445 et
1386 1383 1528 1460 justitia.
1559 1383 1632 1456 Vel,
1660 1400 1745 1444 unus
1773 1383 1848 1445 tous

1048 1497 1114 1541 uua
1137 1480 1334 1553 Jerusalem,
1359 1481 1399 1542 de
1423 1497 1488 1558 que
1512 1481 1607 1559 quasi
1635 1481 1676 1542 de
1698 1481 1789 1543 tonte
1813 1481 1848 1542 iu

1048 1579 1156 1639 medio
1180 1578 1344 1655 paradisi,
1370 1578 1427 1639 ubi
1453 1582 1503 1640 est
1529 1579 1616 1640 Deus
1639 1580 1752 1641 noster
1776 1583 1850 1642 Rex

1048 1679 1124 1739 ante
1137 1675 1270 1749 saecula,
1295 1679 1451 1755 operatus
1466 1679 1516 1738 est
1531 1678 1670 1739 salutem
1685 1678 1721 1738 in
1738 1677 1849 1739 medio

1047 1776 1157 1837 terrae.
1180 1775 1252 1848 Vel,
1269 1791 1356 1837 uuus
1379 1774 1464 1848 lons,
1482 1791 1548 1837 uua
1568 1778 1718 1837 Romana
1733 1775 1850 1837 Eccle-

1048 1873 1099 1935 sia
1126 1872 1224 1951 juxta
1259 1872 1342 1934 illud
1366 1894 1374 1934 τ
1400 1874 1535 1936 Horttcs
1563 1878 1741 1935 comesses
1771 1876 1851 1948 sons

199 1974 259 2036 tur
273 1975 310 2034 te
322 1970 472 2046 cantator
482 1972 628 2043 aemerio
639 1967 734 2048 (Gen.
745 1985 781 2041 lt,
799 1967 862 2049 10).
1046 1971 1216 2048 sipontus,
1234 1985 1337 2032 soror
1350 1986 1427 2032 mea
1446 1987 1572 2046 speram
1589 1967 1698 2050 (Cant.
1719 1987 1765 2038 rv,
1783 1969 1847 2050 12).

239 2070 333 2132 Unde
343 2070 431 2133 enim
442 2068 526 2140 tons,
541 2068 574 2130 et
588 2068 890 2145 quatuortlumina3
908 2066 994 2130 uude
1048 2070 1196 2142 Quatuor
1224 2069 1379 2142 ilumiua,
1406 2070 1548 2146 quatuor
1576 2068 1849 2130 patriarcharum

198 2168 362 2242 Christus,
386 2167 457 2229 sive
481 2182 548 2227 una
574 2165 766 2242 evangelica
793 2164 995 2237 historiast
1048 2166 1209 2239 culmina,
1237 2167 1294 2245 qui
1322 2167 1401 2227 sunt
1421 2187 1428 2226 ε
1449 2165 1847 2242 constantinopolitanus,

199 2266 341 2343 quatuor
362 2264 553 2341 Evangelia.
570 2263 642 2346 Vel,
659 2279 746 2323 unus
761 2262 835 2324 tous
859 2265 892 2325 et
906 2278 992 2340 qua·
1048 2263 1290 2336 antiochenus,
1320 2263 1565 2326 Alexandrinus
1598 2266 1631 2326 et
1654 2263 1850 2339 Hierosoly-

197 2365 275 2425 tuor
287 2363 447 2438 fiumina3
463 2377 530 2422 uua
543 2364 646 2422 Sacra
662 2359 832 2438 Scriptura
851 2362 884 2423 et
906 2377 993 2439 qua-
1048 2361 1203 2423 mitanus.
1220 2362 1281 2422 Vel
1296 2377 1382 2423 unus
1397 2360 1471 2423 lons
1487 2378 1572 2422 uuus
1594 2359 1731 2439 spiritus
1749 2363 1849 2439 Juxta

198 2461 525 2539 tuorexpositiouum
536 2474 672 2536 genera.
682 2458 755 2529 Vel,
771 2473 858 2520 unus
873 2458 947 2520 tons
962 2461 995 2522 et
1048 2459 1131 2521 illud
1145 2481 1153 2520 ε
1167 2462 1243 2522 Fiet
1262 2459 1299 2521 tu
1314 2474 1353 2522 eo
1367 2462 1445 2534 sons
1465 2475 1565 2534 aqtcoe
1582 2463 1672 2521 otoae
1691 2461 1851 2521 sotteotis

198 2562 341 2636 quatuor
365 2556 523 2631 humina3
538 2572 604 2618 una
627 2557 785 2628 charitas,
800 2556 834 2617 et
852 2558 994 2634 quatuor
1048 2561 1085 2619 tn
1101 2558 1210 2620 vitam
1224 2558 1395 2619 aeternam
1419 2556 1528 2636 (toan.
1547 2555 1674 2636 rv,1t).
1699 2559 1851 2629 Quatuor

201 2655 422 2721 cardinalium
451 2654 609 2716 virtutum
636 2667 771 2729 genera.
805 2654 882 2725 Vel,
908 2670 994 2715 unus
1048 2655 1186 2715 flumina
1204 2654 1338 2716 diversa
1363 2655 1557 2725 chrismata,
1582 2670 1656 2732 quse
1678 2654 1849 2715 hominem

198 2756 274 2819 sons
289 2756 322 2816 et
336 2754 478 2832 quatuor
490 2751 649 2826 tlumina3
666 2766 732 2812 una
743 2751 945 2823 Jerusalem,
962 2752 995 2814 et
1049 2752 1214 2829 quadrant
1228 2753 1261 2814 et
1277 2753 1517 2830 ilrmantjuxta
1540 2750 1621 2812 illud
1643 2752 1819 2828 Evangelii
1839 2767 1847 2812 ε

200 2853 343 2931 quatuor
367 2848 457 2911 orbis
481 2848 625 2910 elimata.
655 2848 727 2920 Vel,
756 2863 841 2909 uuus
869 2847 942 2911 lons
962 2849 995 2911 et
1049 2853 1210 2911 Ptumtna
1230 2851 1504 2922 deveneramus
1524 2849 1632 2922 {luent
1645 2865 1745 2925 coacte
1759 2854 1852 2911 vtem

199 2951 340 3030 quatuor
362 2946 515 3021 flumina3
533 2962 598 3008 una
615 2949 766 3008 Romana
787 2946 946 3019 Ecclesia,
963 2948 996 3010 et
1050 2944 1159 3025 (loen.
1174 2962 1233 3019 vn,
1248 2945 1315 3027 38).

198 3048 342 3127 quatuor
360 3043 626 3124 patriarcharum
638 3043 796 3106 culmina.
820 3044 892 3117 Vel,
909 3061 994 3107 unus
1089 3047 1185 3106 Hunc
1214 3043 1406 3122 paradisum
1444 3040 1603 3106 Dominus
1638 3043 1850 3123 plantaverat

198 3147 273 3209 fons
297 3145 330 3207 et
349 3143 491 3222 quatuor
513 3141 669 3217 fiumina3
697 3156 783 3202 unus
801 3142 939 3219 spiritus
963 3143 996 3205 et
1049 3141 1091 3203 ab
1111 3141 1205 3203 initio
1221 3143 1388 3204 nascentis
1402 3142 1571 3215 Ecclesiae,
1597 3143 1729 3220 quando
1752 3157 1850 3204 soror

199 3244 332 3306 diversa
362 3240 553 3303 chrismata.
582 3241 674 3301 Unus
698 3237 772 3301 lons
798 3240 831 3301 et
853 3243 996 3317 quatuor
1049 3240 1317 3316 nostraparvula
1334 3240 1457 3302 enatet
1479 3239 1580 3302 ubera
1602 3256 1668 3302 non
1693 3239 1847 3314 habehat,

198 3341 359 3416 flumiua3
375 3354 461 3399 uuus
477 3337 627 3398 Christus
641 3338 675 3399 et
689 3336 831 3413 quatuor
840 3340 994 3415 Evange-
1050 3337 1180 3415 quando
1197 3337 1334 3415 sanguis
1348 3337 1428 3399 Abel
1449 3338 1577 3415 positus
1597 3340 1649 3400 est
1670 3339 1705 3399 in
1727 3337 1851 3400 tunda-

198 3435 458 3517 lia,juxtaquod
474 3435 597 3497 dicitur
608 3435 644 3495 in
657 3433 933 3510 zacharia21pse
943 3437 994 3498 est
1050 3436 1169 3497 mentis
1197 3451 1256 3513 pro
1278 3437 1439 3498 cemento.
1469 3439 1507 3497 In
1533 3436 1596 3499 hoc
1620 3436 1776 3514 paradiso
1800 3437 1850 3499 sic

197 3540 275 3614 sons
290 3536 415 3613 poteras
432 3535 550 3595 domest
570 3536 693 3606 David
711 3533 744 3594 ct
765 3534 996 3596 babitantibus
1049 3534 1135 3595 vivis
1149 3533 1323 3595 arboribus
1347 3535 1486 3606 consita,
1504 3534 1553 3596 sic
1571 3534 1729 3597 virtutum
1755 3534 1851 3596 dori·

196 3639 393 3699 tentantem
437 3635 474 3693 tn
521 3631 730 3693 ablutionem
773 3631 996 3707 peccatorum
1049 3631 1110 3693 bus
1125 3632 1299 3710 picturata,
1321 3631 1370 3693 sic
1391 3648 1553 3709 aquarum
1569 3632 1705 3708 irriguis
1719 3631 1852 3695 roecun-

76 3756 80 3777 ι
199 3732 412 3812 (Zach.,xnr,
425 3729 470 3807 1).
482 3730 522 3789 Et
531 3729 566 3788 iu
578 3728 705 3805 psalmo
720 3729 856 3790 :sitivit
877 3732 996 3791 uastum
1049 3729 1137 3802 data,
1164 3729 1275 3807 posuit
1297 3732 1385 3791 Deus
1404 3729 1571 3791 hominem
1597 3746 1693 3808 quem
1717 3730 1849 3792 sorma-

196 3844 287 3900 mee,
309 3830 478 3889 addeum
489 3826 619 3901 sontem
633 3829 789 3886 viuum...
803 3823 820 3903 (
823 3829 876 3886 Ps.
888 3826 992 3905 41,3),
1048 3828 1159 3899 verat,
1187 3827 1223 3887 ut
1246 3828 1441 3904 operaretur
1464 3828 1497 3890 et
1530 3827 1711 3890 custodiret
1739 3827 1847 3890 illum.

101 3974 104 3981 .
199 3930 232 3989 et
246 3924 427 3988 secundum
443 3922 529 4001 quod
544 3922 599 3983 hio
614 3922 745 3994 dicitur,
756 3924 996 4001 (omopreeto
1050 3925 1206 4003 Sequitur
1223 3924 1263 3987 de
1283 3940 1372 3987 areae
1386 3925 1618 4001 trituratione;
1642 3940 1731 3988 areae
1749 3927 1851 3988 tritu-

199 4024 360 4087 baturad
374 4022 595 4098 trrtpandum
607 4023 885 4095 paradtsumput
900 4025 993 4084 dioi—
1048 4023 1134 4085 ratio
1158 4024 1209 4085 est
1236 4022 1377 4085 extremi
1394 4023 1514 4101 judicii
1538 4023 1722 4097 ventilatio,
1750 4025 1848 4099 idest,

199 4122 295 4183 ditur
313 4123 350 4181 ta
364 4117 681 4194 patmuorttumtna.
702 4117 775 4190 Vel,
801 4134 886 4180 uuus
907 4118 992 4192 tons,
1048 4121 1262 4193 examinatio,
1284 4121 1319 4182 in
1341 4137 1406 4200 qua
1434 4138 1539 4199 grana
1563 4122 1849 4201 separabuntura

198 4235 285 4280 unus
301 4217 472 4293 Scriptura
495 4217 608 4287 Sacra,
621 4215 719 4292 Juxta
742 4215 848 4278 illud:
872 4218 994 4279 «Pons
1049 4218 1164 4298 paleis,
1195 4217 1290 4291 idest,
1317 4217 1396 4281 boni
1422 4235 1442 4280 a
1469 4219 1646 4297 perversis,
1671 4220 1705 4282 et
1723 4222 1849 4298 justia

199 4332 294 4395 aquae
308 4314 394 4376 vivae
409 4314 453 4374 sit
462 4312 523 4375 tibi
533 4312 699 4390 proprius,
712 4315 849 4376 etnemo
864 4315 994 4377 alienus
1049 4317 1295 4394 peccatoribus,
1329 4318 1363 4379 et
1396 4333 1502 4394 grana
1530 4317 1773 4380 transferentur
1806 4319 1848 4380 ad

199 4410 995 4492 communicettibi.»Quatuorhumina,q1mtuor
1049 4414 1217 4487 horreum,
1246 4415 1342 4487 idest,
1367 4415 1446 4477 boni
1470 4415 1511 4477 ad
1535 4416 1670 4478 eoeleste
1695 4432 1848 4493 regulum,

26 4562 31 4573 .
87 4508 92 4515 '
199 4512 442 4592 expositionum
469 4524 605 4586 genera,
627 4511 725 4587 juxta
750 4510 858 4572 illud:
879 4517 994 4587 Aquas
1048 4513 1153 4590 palere
1177 4528 1268 4586 vero,
1289 4511 1384 4585 idest,
1412 4513 1490 4575 mali
1514 4513 1750 4577 comburentur
1772 4515 1850 4592 igue

39 4652 42 4657 -
64 4670 79 4699 ··.
96 4608 113 4641 ·''
198 4609 499 4682 temsvetttumiuo
514 4610 550 4669 tn
565 4608 690 4682 plateis
703 4610 817 4671 divide
832 4608 945 4689 (Prov.
960 4627 992 4681 v,
1048 4610 1307 4687 inextinguibili.
1339 4611 1432 4673 Unde
1462 4614 1609 4674 ioannes
1637 4613 1786 4692 Baptista
1814 4612 1849 4674 iu

200 4710 263 4790 16).
279 4705 522 4771 Tuncenimiu
548 4704 668 4782 plateis
686 4721 791 4783 aquas
803 4706 991 4780 dividimus,
1049 4708 1229 4785 Evangelio
1255 4730 1262 4769 :
1289 4712 1395 4783 Codrus
1422 4712 1651 4772 ventilabrum
1675 4713 1714 4771 tn
1740 4726 1851 4773 rmanu

199 4824 273 4870 cum
291 4805 497 4883 scripturam
515 4803 620 4880 ipsam
639 4802 745 4865 modis
764 4804 869 4865 variis
883 4806 995 4884 expla·
1047 4823 1113 4868 suo
1134 4808 1186 4869 est
1214 4808 1248 4868 ct
1269 4809 1515 4882 permtevsdobtt
1532 4823 1656 4871 aream
1681 4823 1794 4880 saturn,
1816 4809 1851 4871 et

199 4921 328 4967 namus.
344 4905 417 4965 Una
431 4902 520 4963 enim
535 4902 608 4963 erat
627 4917 742 4963 mensa
757 4903 993 4981 propositionis
1047 4905 1267 4982 conprepabtt
1295 4904 1451 4967 triticum
1483 4909 1520 4967 tn
1552 4911 1719 4970 borreum
1745 4922 1851 4969 susem

197 5004 233 5064 in
245 4999 458 5063 tabernaculo
469 4999 614 5070 Domini,
632 5000 667 5060 in
678 5016 742 5077 quo
755 5015 857 5078 panes
868 5001 995 5063 duode-
1050 5002 1143 5081 (Luc.
1160 5018 1210 5075 111,
1228 5001 1292 5082 17).
1309 5001 1420 5065 l’aleae
1435 5018 1527 5075 vero,
1544 5004 1640 5076 idest,
1657 5005 1737 5068 mali
1753 5021 1848 5068 com-

199 5100 264 5162 cim
278 5096 496 5176 ponebantur,
511 5113 584 5174 quae
604 5098 715 5158 mmen
737 5098 879 5174 quatuor
894 5099 993 5176 pedes
1048 5100 1209 5162 burentur
1232 5100 1309 5176 igne
1330 5099 1592 5178 inextinguibili.
1619 5102 1849 5165 ventilabrum

199 5195 353 5267 habebat,
365 5193 484 5272 quibus
497 5192 569 5270 ipsa
579 5209 638 5271 pro
646 5195 794 5273 tempore
807 5195 992 5272 terebatur3
1049 5197 1099 5259 est
1121 5212 1262 5259 examen
1286 5197 1429 5260 districti
1454 5198 1585 5276 judicii,
1616 5200 1703 5278 quod
1732 5205 1785 5264 est
1815 5202 1850 5262 in

199 5296 277 5373 quia
292 5307 358 5354 una
373 5291 407 5353 et
429 5291 601 5367 Scriptura
629 5294 742 5365 Sacra,
757 5294 811 5356 cui
827 5310 992 5373 superpo·
1048 5311 1160 5368 mauu,
1183 5295 1280 5368 idest,
1299 5295 1335 5356 in
1352 5296 1514 5374 potestate
1533 5297 1668 5371 Christi,
1685 5298 1722 5360 ut
1743 5300 1849 5361 mise-

198 5389 476 5454 sitaestdoctrina
489 5387 992 5471 duodecimapostotorum,quae
1047 5394 1163 5455 reatur
1176 5395 1271 5471 cujus
1286 5393 1358 5456 vult
1373 5393 1538 5468 misereri,
1564 5397 1599 5458 et
1616 5396 1734 5474 puniat
1751 5414 1850 5475 quem

197 5493 308 5554 tamen
331 5487 472 5566 quatuor
490 5487 732 5563 expositionem
759 5490 865 5552 modis
887 5491 993 5554 fertur
1047 5491 1119 5553 vult
1142 5492 1272 5568 punire.
1293 5495 1379 5553 Area
1403 5494 1455 5555 est
1475 5492 1641 5572 Ecclesiam
1663 5495 1741 5572 quia
1763 5496 1849 5558 sicut

198 5588 240 5651 ad
253 5586 379 5650 mentes
392 5583 590 5646 auditorum.
1047 5589 1082 5653 in
1106 5605 1185 5652 area
1201 5598 1368 5668 ponuntur
1380 5605 1486 5668 grana
1508 5607 1583 5653 cum
1607 5592 1725 5669 paleis,
1741 5594 1788 5656 ita
1813 5595 1847 5656 in
