3802 6166
118 322 182 383 393

120 496 217 542 amor
239 479 301 543 Dei
324 494 386 543 nec
409 479 635 543 eccleslastica
659 497 801 545 censura
827 498 920 545 com-

120 578 237 657 pascit,
252 578 415 640 illustrem
426 594 537 656 regem
546 581 918 643 Francorummoneatis

120 676 301 755 prudenter
313 677 346 739 et
357 677 539 739 efficaciter
558 677 724 741 inducatis
740 679 787 751 ut,
811 680 918 740 tactus

120 775 332 851 injuriaJesu
345 776 480 848 Christi,
495 778 590 853 cnjus
602 792 645 837 ex
660 778 918 854 praesumptione

121 874 313 950 hujusmodi
332 874 501 949 negotium
517 875 707 951 impeditur,
728 874 918 938 eorumdem

121 971 240 1034 Erardi
267 972 300 1033 et
328 972 490 1049 Philippae
514 989 554 1033 ac
578 972 742 1034 lautorum
770 974 918 1050 ipsorum

121 1068 362 1145 malignitatem
378 1070 590 1131 temerariam
602 1071 723 1133 tradita
733 1070 797 1131 sibi
807 1072 919 1149 potes-

120 1167 189 1232 tate
215 1168 422 1244 conspescat,
450 1168 484 1228 in
504 1168 567 1230 boc
593 1172 660 1230 Dec
684 1169 794 1245 potius
818 1184 918 1246 quam

122 1264 249 1329 bomini
272 1265 458 1327 serviendo.
475 1266 600 1328 Taliter
613 1268 723 1329 autem
745 1267 817 1327 sine
832 1266 919 1327 dila·
978 1314 982 1321 .

121 1364 214 1425 tione
233 1364 424 1424 mandatnm
439 1364 663 1441 apostolicum
677 1364 815 1442 exsequi
836 1380 917 1441 pro·

120 1461 256 1533 curetis,
268 1461 354 1538 quod
367 1462 458 1523 zelus
472 1465 585 1525 Terrae
596 1464 726 1524 Sanctae
739 1478 798 1524 vos
813 1477 918 1524 come·

121 1559 201 1620 dere
216 1559 379 1631 videatur,
403 1562 436 1621 et
445 1560 643 1636 reprebendi
658 1561 699 1621 de
714 1558 917 1636 negligentia

121 1673 188 1718 non
217 1657 362 1733 possitis,
380 1659 436 1719 sed
450 1658 490 1719 de
509 1658 682 1733 diligentia
698 1658 805 1735 potius
822 1673 917 1718 com·

120 1755 284 1819 mandari.
296 1756 387 1827 Quod
398 1756 427 1816 si
439 1771 506 1816 nou
516 1771 631 1818 omnes
642 1756 683 1816 iis
694 1755 917 1832 exsequendis

121 1853 297 1931 potueritis
305 1853 479 1926 interesse,
496 1854 532 1914 tu
545 1853 648 1916 irater
659 1853 825 1931 episcope,
843 1870 917 1914 cum

120 1967 238 2012 eorum
263 1951 368 2013 altero
392 1967 432 2013 ea
461 1951 678 2014 nibilominus
707 1952 915 2029 exsequaris.

119 2050 242 2110 Datum
256 2050 292 2110 ut
303 2049 340 2110 in
350 2049 430 2110 alia.

427 2255 611 2344 CCCXVI

119 2443 173 2504 Ad
211 2442 423 2516 Stephanum
456 2444 610 2504 abbamm
644 2443 677 2505 et
712 2444 918 2505 anteventum

414 2542 628 2602 castrenses.

421 2670 521 2728 amsii
536 2670 616 2729 1217.

268 2802 359 2868 [loeti
374 2803 459 2855 Monte
469 2802 583 2862 Cassino,
591 2808 610 2853 t.
621 2804 653 2863 ll,
668 2819 694 2869 p.
705 2803 772 2869 3οη.

123 2919 337 2978 Possessiouem
352 2921 395 2978 eis
411 2919 560 2978 confirmat
577 2921 706 2979 ecclesie
728 2921 840 2979 sancte
853 2922 914 2979 lia·

385 3009 435 3066 ria
447 3008 483 3067 dc
493 3009 649 3083 Virgionis.

160 3136 328 3197 Honorius
343 3135 517 3213 episcopus
540 3151 656 3196 servus
671 3151 842 3198 servorum
858 3139 917 3199 Dei

118 3231 251 3294 dilectis
267 3233 344 3294 tiliis
362 3232 484 3304 abbati,
500 3233 532 3294 et
550 3233 728 3294 couventui
742 3235 917 3296 casinensi

119 3330 262 3392 salutem
277 3332 310 3393 et
323 3330 537 3408 apostolicam
551 3330 824 3392 benedictionem.

158 3429 265 3491 Iustis
289 3429 475 3505 petentium
502 3428 681 3489 desideriis.
708 3428 849 3505 dignum,
866 3430 919 3490 est

120 3541 182 3586 nos
212 3525 342 3586 facilem
371 3525 519 3603 praebere
541 3542 750 3598 consensum,
777 3528 810 3588 et
828 3528 915 3599 vota,

120 3639 194 3700 quae
210 3639 230 3684 a
245 3624 385 3685 rationis
407 3624 539 3685 tramite
563 3639 630 3684 non
652 3622 852 3697 discordant,
868 3624 918 3686 ei-

120 3720 209 3782 tectu
224 3723 449 3798 prosequente·
459 3720 635 3797 complere.
652 3723 844 3799 Eapropter,
861 3723 917 3783 di-

120 3817 202 3880 lecti·
212 3819 247 3878 in
262 3819 401 3880 Domino
414 3818 486 3889 tilii,
503 3818 624 3880 vestris
635 3818 736 3895 jusIIs
750 3819 919 3896 petitioni-

120 3914 184 3979 bus
207 3918 301 3992 grato
313 3917 548 3978 concurrentes
568 3931 719 3988 assensu,
736 3917 918 3978 Ecclesiam

122 4016 253 4077 Sanctae
264 4014 380 4075 Maria
395 4013 435 4075 de
447 4013 616 4089 Virgionis
631 4013 672 4074 de
684 4013 778 4075 bonae
792 4031 920 4076 memo·

121 4111 182 4173 riae
198 4111 373 4173 Portuensi
396 4112 562 4189 episcopo,
576 4112 655 4173 tunc
676 4112 772 4173 titulo
789 4114 918 4175 Sanctae

121 4211 285 4271 Suzanuae
308 4207 509 4287 praesbytero
533 4208 695 4270 cardinali
719 4211 918 4286 spostolicae

122 4307 218 4368 Sedis
234 4307 366 4383 Legata,
385 4307 439 4383 pia
455 4306 549 4367 vobis
563 4307 828 4369 consideratione
844 4308 917 4369 col-

121 4405 234 4476 latam,
250 4405 335 4466 sicut
347 4421 419 4465 eam
429 4406 519 4482 juste
530 4420 569 4464 ac
580 4404 717 4481 pacitlce
728 4405 916 4481 possidetis,

120 4503 227 4575 vobis,
244 4506 277 4565 et
290 4519 348 4580 per
363 4519 422 4563 ros
437 4503 639 4564 monasterio
654 4503 765 4565 vestro
777 4506 919 4566 auctori·

120 4604 194 4663 tate
210 4600 399 4677 apostolas
424 4600 668 4673 confirmamus,
688 4602 721 4663 et
746 4603 919 4677 praesentis

122 4700 236 4776 scripti
257 4698 440 4776 patrocinio
460 4699 712 4759 communimus.
730 4699 823 4759 Nulli
840 4715 919 4776 ergo

122 4798 259 4859 omuino
273 4797 443 4857 bominum
458 4796 557 4856 liceat
572 4796 658 4856 banc
667 4796 823 4873 paginam
836 4813 918 4859 nos-

121 4899 176 4957 tra
201 4893 480 4965 confirmationis,
504 4894 537 4955 et
562 4893 775 4969 protectionis
801 4894 921 4955 inirin-

121 5008 213 5070 gcre,
228 4992 279 5053 rel
305 4992 336 5052 ei
360 5006 445 5051 uersu
465 4992 642 5052 temerario
660 4992 863 5053 contraire...
885 4993 920 5054 Si

121 5092 197 5168 quis
213 5093 324 5151 autem
337 5089 400 5149 boc
415 5088 579 5150 attentare
593 5090 850 5166 praesumpserit,
867 5090 922 5150 in-

121 5189 347 5264 dignationem
363 5186 597 5262 omnipotentis
613 5188 682 5256 Ilei,
700 5188 733 5248 et
747 5185 921 5249 beatorum

123 5286 213 5348 l’etri
229 5286 261 5346 et
281 5284 376 5344 Pauli
392 5284 623 5359 Apostolorum
639 5287 711 5361 ejus
731 5301 767 5345 se
792 5287 921 5347 riorerit

123 5385 346 5445 incursurum.
368 5382 486 5442 Datum
507 5382 674 5453 Laterani,
689 5383 788 5443 tertio
813 5399 920 5446 nonas

123 5482 216 5552 binii,
234 5480 448 5542 l’ontiilcatus
464 5479 568 5541 nostri
584 5495 671 5541 anuo
687 5480 809 5557 primo.

754 321 985 384 EPISTOLAE.
1007 324 1086 383 LIB.
1110 322 1137 383 1.

1270 510 1474 597 CCCXVII

973 682 1025 741 Aa
1035 681 1262 756 praepositum
1281 682 1611 742 teramnensem
1630 678 1665 740 et
1682 692 1770 739 caee-

1172 779 1284 840 torem
1295 781 1569 840 suessionenses.

1275 909 1292 967 6
1307 910 1375 967 maii
1393 911 1472 967 litt.

974 1030 1073 1095 [turin.
1082 1031 1202 1084 trebiros
1222 1032 1440 1084 administratives
1458 1032 1490 1083 de
1510 1033 1536 1083 la
1547 1031 1608 1082 ville
1628 1031 1658 1083 de
1674 1030 1772 1091 licims,

1278 1119 1299 1163 t.
1308 1113 1327 1171 1,
1341 1127 1371 1173 n,
1382 1130 1407 1179 p.
1416 1113 1483 1177 toap

973 1227 1088 1287 Mandat
1102 1230 1144 1287 eis
1154 1236 1185 1287 ut
1200 1229 1316 1288 audiant
1330 1245 1446 1287 causam
1458 1230 1532 1288 inter
1541 1230 1695 1303 capitulum
1714 1231 1768 1289 lte·

1008 1318 1116 1376 mensis
1131 1320 1265 1377 Ecclesia
1277 1327 1304 1378 et
1319 1318 1450 1377 abbatem
1465 1321 1492 1377 S.
1507 1319 1631 1393 Remigii
1646 1327 1674 1377 et
1693 1319 1771 1376 illam

1008 1408 1170 1465 terminent.

1012 1525 1178 1587 Honorius
1189 1526 1374 1603 episcopus,
1387 1542 1503 1587 servus
1514 1542 1685 1588 servorum
1696 1526 1768 1599 Dei,

972 1621 1102 1684 dilectis
1126 1623 1205 1683 tiliis
1227 1625 1416 1701 praeposite,
1432 1626 1464 1686 J.
1482 1623 1718 1685 archidiacono
1737 1623 1770 1685 et

973 1721 1102 1781 cantori
1118 1721 1428 1795 suessionensibus
1439 1723 1580 1785 salutem
1596 1723 1629 1783 et
1643 1722 1769 1799 aposto·

972 1817 1071 1878 licam
1086 1817 1360 1881 benedictionem.

1011 1915 1131 1977 Dilecti
1144 1916 1206 1977 iilii
1217 1917 1362 1978 decanus
1377 1918 1410 1979 et
1422 1917 1603 1995 capitulum
1621 1920 1769 1979 Remen-

973 2009 1020 2070 sis
1037 2011 1188 2072 ecclesiae
1208 2010 1303 2073 nobis
1323 2013 1470 2087 graviter
1484 2012 1561 2073 sunt
1585 2011 1768 2088 conquesti,

973 2107 1057 2184 quod
1074 2124 1175 2185 quum
1190 2108 1292 2170 abbas
1309 2111 1342 2171 et
1361 2111 1542 2171 conventus
1559 2111 1592 2171 S.
1612 2108 1766 2184 Remigii,

973 2207 1006 2265 et
1018 2205 1109 2282 prior
1129 2208 1161 2267 S.
1177 2207 1331 2267 Mauricii
1354 2208 1537 2279 Remensis,
1562 2223 1621 2284 pro
1636 2207 1770 2282 injuriis

972 2303 1005 2363 ct
1019 2303 1289 2380 oppressionibus
1302 2305 1409 2366 eidem
1427 2305 1577 2367 ccclesiae
1599 2305 1768 2381 irrogatis,

972 2399 1151 2462 observare
1166 2417 1239 2462 cum
1255 2403 1304 2463 eis
1324 2402 1454 2464 soleant
1476 2402 1688 2464 interdictum
1709 2418 1771 2464 sua

973 2512 1098 2573 organa
1106 2500 1346 2576 suspendendo,
1355 2500 1387 2560 id
1399 2500 1531 2563 eillcere
1540 2500 1772 2563 contradicunt

972 2594 1007 2654 in
1022 2595 1127 2672 ipsius
1142 2596 1291 2657 ecciesiae
1307 2598 1535 2675 praejudicium
1550 2600 1658 2659 etnon
1670 2598 1773 2659 modi·
1840 2628 1844 2637 ·

972 2707 1045 2756 cam
1069 2692 1250 2755 laesionem.
1272 2696 1414 2772 ideoque
1436 2696 1628 2757 discretioni
1649 2697 1770 2758 vestrae
1879 2718 1883 2729 ·

972 2804 1033 2866 per
1045 2791 1234 2867 apostolica
1248 2792 1371 2869 scripta
1389 2792 1595 2865 mandamus,
1606 2795 1770 2870 quatenus

972 2886 1122 2963 partibus
1137 2889 1339 2961 convocatis,
1356 2890 1501 2952 audiatis
1519 2905 1691 2951 causam...
1710 2892 1772 2951 Da·

971 2984 1044 3049 tum
1076 2986 1242 3058 Laterani,
1271 2988 1301 3047 ll
1327 3003 1404 3049 non.
1435 2987 1533 3061 maii,
1559 2988 1770 3066 pontificatus

972 3082 1078 3144 nostri
1089 3098 1177 3145 anuo
1192 3084 1310 3161 primo.

1260 3269 1484 3357 CCCXVIII

972 3422 1024 3483 Ad
1036 3421 1219 3484 (mactaret
1234 3424 1415 3483 eeeeiecrsos
1426 3422 1560 3496 fratres
1573 3426 1772 3484 Pewneous-

1281 3519 1466 3580 trateeses.

1274 3650 1292 3707 9
1307 3649 1375 3711 muti
1390 3650 1468 3708 12¹⁷.

1066 3772 1113 3838 [Le
1124 3772 1208 3836 Pnige,
1220 3772 1380 3823 Bibliotheca
1391 3774 1553 3833 Premebat,
1568 3790 1596 3840 p.
1608 3773 1676 3840 otaJ.

972 3887 1089 3948 Mandat
1102 3896 1133 3947 ut
1144 3903 1249 3948 causas
1265 3888 1301 3947 de
1316 3888 1401 3948 rebus
1415 3889 1609 3963 spiritualibus
1628 3889 1664 3950 ad
1682 3890 1769 3950 Sauc-

1204 3985 1262 4036 tam
1278 3977 1381 4036 Sedem
1396 3977 1535 4037 delerant.

1012 4095 1180 4156 Honorius
1189 4095 1374 4173 episcopus,
1383 4112 1498 4157 servus
1514 4113 1688 4159 servorum
1696 4099 1768 4171 Dei,

973 4191 1103 4254 dilectis
1119 4191 1378 4255 dliisabbatibus
1389 4194 1596 4256 etuniversis
1611 4194 1771 4257 iratribus

972 4290 1303 4353 Praemonstratensis
1320 4291 1457 4364 ordinis,
1470 4293 1611 4354 salutem
1625 4295 1658 4354 et
1670 4309 1771 4371 apos-

973 4387 1106 4449 tolicam
1122 4386 1396 4449 benedictionem.

1013 4486 1082 4546 Etsi
1099 4501 1195 4545 nemo
1211 4485 1446 4555 militans,Deo
1466 4486 1578 4548 litibus
1598 4503 1634 4548 se
1655 4487 1773 4549 debeat

973 4584 1160 4644 immiscere
1176 4586 1210 4645 et
1224 4589 1356 4656 caetera,
1370 4585 1406 4647 ut
1424 4584 1651 4662 indiplomato
1667 4589 1772 4648 lunu-

974 4682 1075 4745 centii
1092 4685 1148 4745 ΙΙΙ.

1015 4779 1226 4841 innocentius
1248 4779 1439 4856 episcopus,
1462 4795 1578 4840 servus
1599 4796 1771 4844 servorum

974 4877 1044 4948 Dei,
1062 4876 1191 4937 dilectis
1202 4876 1279 4936 illiis
1290 4875 1462 4938 abbatibus
1473 4877 1506 4938 et
1521 4876 1686 4939 universis
1697 4878 1770 4941 fra-

974 4973 1079 5036 tribus
1104 4974 1231 5036 ordinis
1259 4975 1604 5049 praemonstratensis,
1631 4977 1772 5040 salutem

975 5075 1008 5134 et
1022 5071 1236 5148 apostolicam
1247 5070 1522 5133 benedictionem.

1015 5170 1085 5231 Etsi
1106 5184 1202 5230 nemo
1222 5169 1372 5230 militans
1388 5172 1455 5231 Deo
1472 5169 1586 5232 litibus
1605 5188 1641 5233 se
1655 5171 1774 5236 debeat

975 5267 1173 5338 immiscere,
1198 5282 1297 5343 quum
1327 5282 1460 5327 servum
1488 5268 1620 5329 Domini
1642 5270 1774 5347 litigare

975 5381 1041 5425 uon
1057 5364 1182 5435 deceat,
1200 5363 1257 5423 sed
1272 5362 1313 5423 ad
1331 5379 1445 5424 omnes
1465 5366 1646 5427 secuudum
1667 5371 1776 5445 Apos-

974 5462 1078 5523 tolum
1102 5477 1175 5522 esse
1200 5461 1327 5536 mitem,
1356 5462 1434 5539 quia
1468 5464 1580 5525 tamen
1615 5465 1773 5527 inimicus

976 5561 1074 5621 bomo
1087 5558 1151 5621 sibi
1165 5559 1265 5620 messi
1285 5560 1466 5622 Dominicae
1481 5562 1609 5623 zizania
1625 5561 1774 5625 dolosius

976 5657 1243 5736 superseminare
1256 5659 1407 5732 conatur,
1421 5659 1508 5721 unde
1523 5658 1613 5721 dolet
1628 5658 1774 5722 fertilio-
