3794 6166
24 1984 31 1992 ¹
90 2024 105 2033 ·
199 2008 335 2068 auctore
345 2007 469 2084 Majolo
479 2005 708 2084 complectitur
721 2021 753 2065 n.
766 2005 994 2077 CLXXXVIII,
1051 2006 1113 2067 riec
1138 2005 1252 2068 multis
1274 2005 1474 2067 necessariis
1498 2006 1587 2067 notis
1605 2007 1751 2069 Honorii
1776 2011 1863 2071 Ser--

193 298 281 346 xxlll
336 280 381 342 IN
404 278 627 343 SERMONES
649 276 872 340 PRAEFATIO
893 275 1149 341 DEPROMPTA
1170 276 1226 337 EX
1246 276 1433 339 bisseni.
1456 277 1494 337 Ι).
1517 276 1712 339 bordino.
1768 268 1859 341 ulli

192 443 321 507 tiflcum
338 442 447 520 magis
466 440 649 505 Historiam
672 454 771 518 quam
791 437 893 501 vitam
915 436 990 500 ideo
1044 434 1124 498 iolla
1149 437 1238 507 1893,
1259 451 1319 500 seu
1341 436 1406 500 duo
1429 436 1601 501 volumina
1620 436 1722 501 molis
1746 437 1854 503 etiam-
1877 430 1882 453 ¹

195 541 402 619 conscripsit,
430 542 466 602 ut
491 542 649 602 Romanae
674 537 872 616 Apostolicae
896 535 991 599 Sedis
1043 534 1193 613 majoris.
1210 534 1358 597 Primum
1378 534 1488 598 adhuc
1502 536 1675 599 asservari
1693 534 1799 601 audio
1815 537 1851 601 iu

190 642 269 718 jura
284 639 435 702 bitoricis
451 637 655 714 argumentis
670 637 806 698 strenue
826 635 990 703 tueretur,
1045 632 1251 696 Bibliotheca
1265 633 1472 695 serenissimi
1483 634 1585 712 Regis
1605 633 1788 709 Sardiniae,
1802 634 1852 697 al·
1879 630 1887 715 j

196 740 240 809 et,
258 739 294 799 ut
315 736 385 814 ipse
406 736 530 814 passim
554 734 680 806 monet,
706 731 992 795 centuriatoribus
1044 731 1153 793 terum
1166 730 1223 793 ubi
1239 730 1342 794 lateat
1363 731 1492 809 ignoro.
1512 732 1753 795 sessorianum
1771 747 1859 797 nos·-

195 832 545 911 Magdeburgensibus,
562 832 618 910 qui
633 848 746 893 rerum
759 831 905 894 novitate
924 833 993 892 Ro-
1045 831 1134 891 trum
1163 828 1338 891 historiam
1364 829 1597 908 complectitur
1620 832 1855 893 Romanorum

171 982 174 987 .
194 947 328 994 manam
341 931 522 993 Ecclesiam
542 943 735 1008 oppugnare
749 927 994 1005 aggredieban-
1048 926 1247 990 Pontificum
1261 943 1283 990 a
1297 929 1457 1005 Gregorio
1469 930 1547 991 VIII
1564 943 1673 1008 usque
1688 929 1733 992 ad
1745 928 1848 993 Alex-
1880 865 1897 980 e

193 1031 260 1103 tur,
277 1045 409 1092 sacram
421 1028 654 1106 antiquitatem
666 1027 859 1105 opponeret.
877 1028 993 1104 ltaque
1048 1024 1190 1087 andrum
1204 1028 1260 1099 vl,
1284 1026 1319 1087 in
1338 1042 1403 1103 quo
1418 1026 1553 1089 desinit
1569 1027 1677 1105 Igitur
1691 1028 1775 1089 tunc
1793 1026 1852 1089 ab·

194 1128 336 1189 Honorii
350 1127 532 1190 Historiam
545 1143 588 1188 ex
609 1125 732 1203 blajolo
747 1124 811 1186 hac
834 1124 935 1186 etiam
953 1123 994 1184 de
1049 1122 1195 1185 solutum
1209 1126 1244 1186 et
1255 1124 1423 1201 integrum
1441 1123 1637 1187 habebimus
1656 1124 1722 1187 hoc
1736 1126 1855 1204 Majoli

195 1241 297 1288 causa
326 1224 501 1303 descripsi,
532 1224 567 1286 ut
602 1223 758 1285 Historiae
789 1220 994 1284 Pontificalis
1049 1235 1143 1298 opus,
1165 1221 1297 1298 quando
1319 1222 1463 1284 alterum
1488 1221 1570 1285 illud
1591 1222 1766 1297 volumen,
1787 1226 1857 1293 beo

196 1323 380 1396 universae‚
418 1338 517 1399 quam
544 1320 598 1383 vir
625 1319 838 1382 doctissimus
863 1319 994 1395 ingenti
1050 1317 1161 1391 dante,
1178 1318 1514 1398 alicubireperietur.
1883 1376 1888 1383 .

196 1420 305 1482 studio
318 1435 357 1480 ac
369 1419 485 1480 labore
498 1417 656 1491 condidit,
673 1418 840 1496 specimen
860 1416 994 1494 aliquod
1090 1419 1169 1480 Haec
1184 1434 1227 1479 ex
1236 1417 1431 1496 Hieronymi
1443 1417 1581 1481 Bottinii
1594 1418 1851 1495 Dissertatione,

197 1515 385 1593 legentibus
400 1515 526 1578 darem.
1050 1531 1150 1594 quam
1184 1515 1439 1593 diligentissime
1475 1517 1649 1595 quaesitam
1684 1517 1858 1596 integram:

1050 1613 1174 1676 habere
1187 1630 1252 1676 non
1263 1615 1366 1691 potui.
1381 1615 1561 1684 Praeterea,
1579 1616 1623 1678 cl.
1636 1616 1692 1679 vir
1705 1631 1784 1679 eam
1798 1633 1854 1681 re-

237 1714 275 1774 B.
289 1715 339 1774 De
350 1714 674 1774 Codtceaessortono
685 1725 733 1773 eac
746 1724 812 1784 quc
823 1710 994 1785 descripta
1049 1711 1200 1785 sundere,
1217 1712 1377 1789 expolire,
1394 1713 1429 1775 et
1440 1712 1601 1790 perficere
1616 1728 1657 1776 ac
1668 1713 1853 1778 additioni-

199 1811 261 1873 eat.
276 1808 541 1890 -Bibliothecae
565 1810 688 1871 nostrae
708 1807 906 1869 sessorianae
928 1809 994 1870 Co·
1050 1809 1111 1870 bus
1129 1825 1195 1871 non
1214 1810 1330 1887 paucis
1345 1809 1549 1888 locupletare
1562 1811 1600 1873 in
1614 1811 1729 1875 animo
1745 1812 1852 1875 habc-

200 1908 275 1980 dex‚
292 1908 348 1986 qui
364 1911 588 1970 Romanorum
603 1907 800 1970 Pontificum
814 1906 996 1969 Historiam
1050 1906 1117 1969 bat
1135 1907 1199 1969 Sed
1219 1908 1326 1971 morte
1351 1909 1551 1986 praeventus,
1575 1910 1854 1987 quemadmodum

202 2104 350 2166 exterius
366 2103 541 2166 distinctus
563 2104 596 2165 et
615 2102 649 2163 in
666 2102 778 2164 Indice
797 2103 995 2175 recensitus,
1052 2118 1167 2189 mones
1181 2103 1363 2176 illustrare,
1379 2103 1467 2182 quod
1477 2104 1513 2165 in
1526 2105 1615 2167 votis
1632 2103 1791 2179 habebat,
1808 2106 1853 2169 ita

200 2202 397 2264 chartaceus
419 2202 480 2275 est,
506 2201 540 2263 et
564 2201 679 2262 formae
699 2200 916 2277 praegrandis,
938 2199 996 2263 alt.
1052 2216 1113 2262 nec
1138 2201 1410 2264 Dissertationem
1435 2202 1530 2265 illam
1551 2201 1725 2266 absolvere
1751 2220 1793 2266 ac
1819 2205 1860 2271 ih:

199 2301 283 2372 0,31‚
300 2299 358 2361 lat.
374 2301 468 2373 0‚22:
491 2298 571 2360 lolia
588 2298 688 2360 habet
698 2300 769 2367 817,
790 2298 933 2374 primurn
947 2301 999 2360 est
1052 2299 1280 2376 praefationem
1328 2299 1546 2363 Sermonibus
1585 2301 1854 2379 praemittendam

201 2397 288 2469 1894,
311 2401 514 2474 postremum
527 2398 618 2459 2742.
633 2395 869 2458 Desiderantur
885 2397 998 2475 itaque
1052 2395 1290 2459 transformare
1304 2397 1412 2475 potuit
1426 2394 1486 2478 (1).

236 2560 349 2632 (nllus
400 2559 475 2618 idern
488 2560 659 2689 paginased
673 2574 728 2644 nos
747 2559 935 2618 misitdoctus
954 2562 998 2618 vir
1052 2562 1128 2633 ders,
1144 2561 1275 2636 ejusdcm
1287 2564 1403 2624 cisterc.
1420 2562 1534 2624 Ordinis
1543 2564 1691 2624 Procurat.
1707 2578 1812 2639 gener.

203 2639 233 2691 ct
251 2646 363 2690 summa
413 2639 575 2689 nascentia
593 2646 765 2705 conspicuus
780 2634 813 2690 ll.
836 2633 868 2690 P.
890 2633 997 2691 Smcul·
