3802 6166
163 478 183 522 «
204 461 418 523 Innocentius
432 461 609 540 eplscopus
618 478 735 525 servus
744 476 919 527 servorum

127 558 188 622 Dei
202 558 333 620 dilectis
348 559 426 620 flliis
440 562 562 623 Joanni
583 561 688 639 priori
700 563 733 624 et
748 562 918 637 fratribus,

121 658 222 735 iuxta
247 660 390 733 specum
418 657 508 721 beati
535 661 705 724 Benedicti
732 662 920 739 regularem

130 754 233 817 vitam
248 754 457 817 servantibus
472 757 507 818 in
520 760 726 835 perpetuum.

163 869 183 913 e
204 854 294 914 Inter
305 852 499 919 holocausta
513 857 686 932 virtutum,
702 860 830 921 nullum
843 876 918 922 ma-

123 950 176 1026 gis
190 952 241 1012 est
259 952 486 1027 medullatum,
497 972 595 1032 qnam
611 957 696 1034 quod
712 957 850 1021 offertur
862 958 922 1021 nl-

123 1048 921 1133 tissimedepinguedineceritatis.llocigiturat·

123 1146 307 1221 tendentes,
324 1164 399 1211 cum
410 1150 599 1214 olimcausa
615 1154 800 1217 devotionis
812 1171 922 1217 acces·

124 1244 285 1306 sissemus
302 1247 343 1308 ad
354 1248 464 1311 locum
473 1250 664 1313 solitudinis
680 1253 811 1326 vestrae,
824 1269 920 1331 quem

123 1340 240 1405 beatus
251 1345 448 1409 Benedictus
463 1364 533 1411 suae
543 1350 770 1412 conversionis
779 1351 922 1428 primor-

126 1440 182 1503 dio
198 1444 416 1517 consecravit,
430 1448 464 1508 et
481 1447 724 1510 invenissemus
738 1464 797 1511 vos
812 1449 859 1511 ibi
873 1466 923 1511 se-

124 1538 268 1603 cundum
299 1541 541 1606 institutionem
568 1546 673 1623 ipsius
710 1546 923 1610 landabiliter

125 1637 264 1699 Domino
279 1637 489 1715 famulantes,
506 1659 547 1705 ne
560 1660 619 1721 pro
634 1645 828 1723 temporalis
843 1662 921 1706 sus-

124 1736 319 1800 tentationis
341 1739 470 1802 defectu
494 1742 678 1818 spiritualis
703 1743 922 1806 observantiae

126 1834 303 1913 disciplina
325 1839 480 1915 torperet,
497 1841 714 1916 apostolicum
728 1841 824 1903 vobis
838 1841 922 1903 eub-

127 1932 249 1996 sidium
273 1934 429 1997 duximus
454 1938 720 2015 impendendum,
752 1943 923 2017 sperantes

128 2032 214 2109 quod
234 2032 321 2093 idem
342 2034 555 2096 beatissimus
578 2037 777 2100 Benedictus
800 2041 923 2100 nostrae

126 2128 313 2193 devotionis
324 2134 479 2196 allectum
493 2135 563 2195 suis
576 2135 704 2197 meritis
724 2139 758 2198 et
770 2137 923 2214 precibus

127 2228 215 2304 apud
242 2230 427 2306 piissimum
457 2234 602 2305 Patrem,
639 2236 673 2295 et
700 2234 923 2311 justissimum

123 2325 271 2403 judicem
295 2330 547 2393 commendabit.
571 2332 700 2393 Vestris
726 2332 838 2411 itaque
865 2349 925 2395 cu-

126 2423 256 2501 pientes
270 2427 525 2489 necessitatibus
547 2429 733 2506 providere,
748 2446 808 2492 sex
820 2431 923 2493 libres

128 2522 256 2584 usualis
271 2525 422 2597 monetae,
434 2526 528 2587 vobis
541 2516 575 2589 et
589 2529 838 2590 successoribus
848 2545 925 2590 ves-

127 2619 189 2681 tris
211 2620 251 2681 de
276 2638 406 2683 camera
427 2622 514 2685 boati
542 2626 633 2687 Petri
660 2627 801 2702 singulis
825 2627 923 2688 annis

127 2718 360 2795 percipiendas
376 2722 611 2795 concessimus
635 2724 740 2785 donec
754 2725 789 2785 in
811 2724 923 2803 aliquo

128 2817 219 2878 certo
231 2817 303 2879 loco
313 2818 407 2881 vobis
415 2836 488 2881 esse
500 2821 626 2883 utiliter
634 2822 812 2897 assignatae
826 2821 921 2901 (sic):

127 2915 323 2989 statuentes,
349 2919 385 2978 ut
400 2922 458 2989 tea,
482 2935 555 2996 qnae
581 2919 623 2980 ad
650 2920 924 2982 sustentationem

126 3014 271 3074 vestram
285 3016 503 3078 consuevistis
515 3018 686 3095 percipere
700 3018 742 3078 de
752 3021 923 3079 monaste-

128 3110 179 3172 rio
192 3110 396 3185 Sublacensi,
404 3114 498 3175 vobis
509 3115 796 3177 etsuccessoribus
804 3118 924 3179 vestris

119 3202 474 3286 'propterhocminime
485 3215 698 3289 negarentur.
712 3215 924 3277 Postmodum

128 3308 322 3369 autemcum
337 3312 463 3373 reversi
480 3311 658 3375 fuissemus
669 3312 710 3374 ad
721 3312 847 3386 urbem,
859 3310 926 3393 [in-

126 3403 290 3486 venimus]
315 3409 475 3485 quosdam
498 3410 539 3471 de
562 3409 721 3472 fratribus
743 3411 861 3473 vestris
883 3411 924 3473 ad

130 3502 278 3565 nostram
310 3508 523 3583 praesentiam
555 3508 729 3571 destinatis
754 3510 925 3572 humiliter

127 3601 355 3680 implorantes,
372 3607 408 3667 ut
423 3607 671 3670 concessionem
690 3609 797 3685 ipsam
812 3609 848 3670 in
861 3609 926 3670 ali-

128 3716 194 3778 quo
209 3703 299 3763 certo
315 3702 387 3765 loco
403 3704 617 3779 dignaremur
638 3709 797 3782 perpetuo
821 3706 926 3768 stabi-

127 3798 202 3871 lire,
219 3799 339 3878 dequo
359 3801 516 3878 praefatas
538 3818 599 3863 sex
623 3803 726 3871 libras
751 3805 923 3882 percipere

127 3897 297 3959 valeretis.
320 3900 389 3961 Nos
412 3900 525 3975 igitur,
549 3899 663 3961 babilo
679 3902 818 3962 fratrum
841 3918 924 3964 nos-

127 3993 255 4055 trorum
271 3997 410 4058 consilio
434 3997 468 4059 et
490 4012 641 4070 assensu,
659 3998 851 4075 jamdictas
866 4016 926 4061 sex

128 4089 232 4152 libras
245 4092 338 4153 vobis
357 4094 390 4155 et
413 4094 663 4155 successoribus
676 4096 796 4157 vestris
816 4098 927 4174 perci-

129 4188 268 4267 piendae
282 4190 529 4266 singulisannis
540 4192 580 4253 de
592 4208 815 4255 annuocensu
824 4196 926 4258 castri

130 4286 926 4371 Portiuniconcedimus‚etconceesionemipsam

130 4387 287 4466 praesenti
300 4387 476 4465 privilegio
487 4389 732 4450 confirmamus.
746 4390 838 4451 Nulli
847 4407 926 4469 ergo

130 4484 266 4549 omnino
281 4484 452 4547 bominum
468 4487 566 4549 liceat
581 4487 668 4549 hanc
680 4488 835 4567 paginam
849 4506 929 4551 nos-

130 4582 924 4664 traeconcessionisetconstitutionisinfringere,

129 4682 184 4744 vel
207 4682 240 4744 ei
266 4697 351 4743 ausu
376 4682 555 4745 temerario
579 4684 757 4745 contraire.
788 4685 823 4745 Si
854 4686 927 4763 quis

131 4781 242 4843 antem
263 4780 327 4842 boc
354 4781 519 4843 attentare
549 4782 808 4859 praesumpserit,
834 4783 926 4844 indi-

131 4879 322 4953 gnationem
344 4880 579 4957 omnipotentis
603 4879 680 4953 Dei,
704 4882 737 4942 et
754 4879 927 4944 beatorum

130 4976 223 5038 Petri
239 4978 273 5038 et
284 4978 381 5038 Pauli
395 4978 628 5055 Apostolorum
647 4980 730 5056 eJus,
748 4994 784 5041 se
798 4982 929 5044 noverit

130 5072 353 5135 incursurum.
370 5080 486 5138 Amen.
507 5081 621 5139 Arnen.
638 5080 754 5137 Amen.

171 5173 280 5247 «Ego
312 5174 525 5236 Innocentius
561 5174 741 5235 Catholicae
770 5175 928 5237 Ecclesiae

132 5268 319 5346 episcopus.
336 5272 409 5333 Bet.
424 5272 580 5333 Laterani
602 5287 661 5349 per
675 5287 810 5333 manum
824 5272 929 5335 Blasii

131 5367 381 5429 Turritanensis
396 5369 503 5441 electi,
516 5372 610 5432 sexto
620 5369 926 5443 Kalendas'llartii,

133 5463 315 5527 indictione
325 5469 380 5538 Vl,
394 5467 635 5529 incarnationis
650 5468 831 5531 Dominicae
840 5484 928 5531 anuo

131 5564 259 5637 licon,
283 5563 494 5641 pontificatus
508 5579 587 5627 vero
603 5565 728 5629 domini
743 5567 929 5631 Innocentii

134 5665 234 5741 Papae
246 5664 303 5736 ΙΙΙ,
318 5678 406 5725 anno
421 5664 526 5725 sexto.
543 5682 562 5723 s

738 304 914 367 non’oun
935 306 981 367 111
1003 308 1150 369 OPERA.

1713 316 1773 381 24⁴

1013 467 1106 530 Nulli
1125 483 1205 545 ergo
1222 466 1357 533 omnino
1374 468 1547 534 hominum
1565 472 1666 538 liceat
1687 474 1773 539 hanc

974 567 1129 645 paginam
1154 570 1278 631 nostrae
1302 570 1531 632 concessionis
1556 573 1590 633 et
1610 574 1774 637 constitu-

974 665 1075 728 tionis
1086 666 1333 743 infringerevel
1351 669 1382 731 ei
1398 684 1482 731 ausu
1497 672 1679 733 temerario
1693 688 1773 734 con-

973 764 1088 827 traire.
1105 764 1140 827 Si
1165 765 1238 843 quis
1261 769 1372 829 autem
1395 766 1460 829 boc
1485 768 1658 831 attentare
1685 786 1775 848 prae-

974 863 1162 940 sumpserit,
1173 863 1436 941 indignationem
1447 866 1686 944 omnipotentis
1701 868 1769 943 Dei,

974 962 1008 1023 et
1029 960 1200 1024 beatorum
1225 964 1315 1025 Petri
1346 964 1379 1027 et
1413 964 1511 1026 Pauli
1544 967 1771 1043 apostolorum

974 1061 1057 1136 eJus,
1072 1076 1109 1121 se
1124 1059 1254 1122 noverit
1273 1060 1497 1124 incursurum.
1519 1064 1640 1125 Datum
1660 1066 1771 1141 Anag-

974 1157 1052 1231 niae,
1066 1159 1165 1222 tertio
1174 1161 1432 1239 nonasaugusti,
1440 1160 1658 1240 pontificatus
1668 1164 1771 1223 nostri

975 1270 1063 1318 anno
1079 1257 1197 1335 primo.

1289 1447 1461 1535 CXCVII

1029 1618 1081 1679 Ad
1092 1619 1386 1693 urclricptscopzou
1405 1620 1725 1697 salseburgensem.

1268 1756 1287 1813 4
1309 1755 1379 1814 febr.
1401 1757 1478 1815 tall.

1009 1872 1081 1934 [Cod.
1093 1872 1138 1924 lat.
1149 1870 1222 1931 suut,
1239 1886 1266 1936 p.
1280 1871 1320 1921 88.
1331 1874 1389 1923 llss.
1401 1871 1576 1939 bibliotheque
1589 1874 1744 1937 nationale]

977 2022 1093 2083 llendet
1111 2025 1148 2094 ei,
1180 2032 1211 2081 ut
1232 2021 1382 2096 prelatum
1406 2022 1511 2082 Wnallr
1542 2023 1605 2081 eine
1641 2023 1775 2082 diletione

1012 2113 1133 2171 libertati
1148 2114 1287 2183 restituet,
1301 2127 1355 2169 nec
1376 2112 1523 2185 impediat,
1536 2113 1694 2185 quominus
1708 2128 1771 2171 ceu·

1013 2218 1074 2260 sam
1087 2215 1170 2259 suam
1184 2216 1281 2260 coram
1302 2200 1427 2274 praefatis
1444 2200 1587 2274 iudicibus
1605 2201 1696 2260 libere
1710 2217 1771 2276 pro·

1013 2298 1157 2365 sequetur.

1018 2429 1098 2489 Cum
1114 2427 1204 2489 eade
1218 2425 1376 2490 fratribus
1390 2427 1424 2488 et
1435 2423 1642 2503 coepiscopis
1654 2426 1775 2489 nostris

978 2525 1166 2588 audivimus
1188 2541 1261 2603 quae
1290 2523 1489 2602 pontificalis
1513 2524 1686 2585 modestiae
1712 2539 1775 2585 non

979 2624 1112 2702 sapiunt
1126 2623 1334 2700 gravitatem,
1350 2622 1442 2684 tanto
1455 2621 1575 2699 majori
1586 2621 1775 2683 turbatione

978 2722 1223 2794 confundimur,
1236 2720 1360 2799 quanto
1375 2720 1509 2781 illorum
1524 2735 1685 2782 excessus
1701 2736 1774 2781 ma-

974 2822 1031 2898 jus
1046 2819 1167 2880 afferre
1187 2818 1381 2879 scandalum
1405 2817 1582 2889 intuemur,
1604 2817 1683 2878 dum
1700 2833 1776 2895 peo-

979 2919 1092 2979 cantes
1112 2931 1251 2994 peccare
1274 2915 1401 2976 faciunt
1424 2915 1509 2977 alios
1537 2915 1595 2992 qui
1619 2914 1778 2976 adhibere

978 3014 1136 3077 deberent
1151 3012 1303 3090 exemplo
1320 3012 1481 3074 bonorum
1502 3028 1640 3089 opernm
1655 3016 1779 3073 semet-

979 3112 1079 3191 ipsos.
1092 3115 1179 3173 Sane
1188 3112 1241 3172 W.
1257 3110 1440 3172 monachus
1457 3110 1654 3171 monasterii
1672 3110 1779 3171 sancti

979 3209 1147 3273 Lamberti
1161 3224 1297 3286 gravem
1312 3207 1407 3269 nobis
1421 3208 1665 3285 querimoniam
1680 3207 1779 3269 desti·

979 3309 1071 3372 navit
1084 3309 1183 3388 quod,
1208 3323 1310 3370 causa
1334 3307 1533 3368 electionum
1554 3305 1721 3368 factarum
1741 3304 1780 3367 de

979 3410 1051 3487 ipso
1088 3409 1121 3471 et
1148 3406 1278 3469 Vualck
1308 3405 1472 3467 monacho
1505 3405 1540 3465 in
1575 3404 1781 3465 monasterio

979 3507 1161 3568 memorato
1183 3504 1345 3583 pendente
1369 3518 1482 3564 coram
1503 3500 1674 3581 judicibus
1700 3518 1723 3563 a
1746 3516 1783 3562 se

980 3604 1065 3666 Sede
1077 3603 1266 3681 Apostolica
1281 3601 1454 3677 delegatis,
1472 3601 1506 3663 tu
1522 3615 1599 3661 eum
1614 3600 1651 3660 in
1666 3599 1781 3661 eccle-

980 3704 1029 3765 sia
1045 3702 1120 3779 capi
1136 3700 1311 3778 tyrannica
1326 3698 1458 3759 feritate
1473 3697 1582 3759 fecisti
1597 3699 1631 3758 et
1651 3697 1784 3759 retrudi

979 3801 1014 3862 in
1030 3814 1196 3861 carcerem
1209 3797 1356 3875 graviter
1369 3797 1581 3858 vulneratum
1593 3796 1628 3855 in
1645 3811 1711 3873 quo
1723 3796 1785 3857 ad·

979 3898 1045 3960 huo
1060 3897 1188 3958 detines
1212 3912 1287 3957 eum
1309 3896 1345 3956 in
1365 3894 1520 3966 vinculis,
1546 3895 1582 3955 ut
1600 3892 1650 3954 sic
1663 3894 1785 3956 saltem

980 3997 1118 4074 cogatur
1137 4012 1157 4057 a
1180 3995 1412 4073 prosecutione
1432 3993 1593 4054 desistere
1610 3993 1701 4069 jnris
1718 3993 1785 4065 sui,

980 4095 1159 4174 quostiam
1179 4093 1228 4154 sic
1251 4093 1382 4155 detento
1401 4108 1460 4169 pro
1481 4089 1690 4165 corrigendis
1710 4092 1786 4168 eius

982 4192 1186 4264 excessibus,
1208 4208 1291 4271 quos
1314 4189 1493 4251 insinuasti
1515 4204 1588 4249 esse
1614 4188 1733 4250 varios
1754 4190 1788 4251 et

981 4291 1193 4369 multiplices,
1217 4289 1416 4367 apostolicas
1446 4287 1575 4348 litteras
1595 4285 1788 4362 impetrasti

981 4391 1018 4452 ut
1036 4405 1151 4450 earum
1175 4388 1350 4449 occasione
1373 4384 1562 4447 deservires
1583 4382 1728 4445 liberius
1751 4386 1788 4447 in

981 4486 1143 4549 eumdem.
1170 4488 1274 4547 Porro
1303 4501 1377 4546 cum
1413 4483 1500 4544 idern
1529 4483 1789 4559 procuratorem

982 4603 1077 4647 suum
1091 4585 1131 4646 ad
1144 4584 1234 4646 tuam
1250 4582 1411 4660 synodum
1431 4579 1630 4641 destinasset
1645 4582 1790 4642 contra-

981 4683 1157 4753 dicturum,
1192 4697 1234 4742 ne
1266 4695 1367 4740 causa
1401 4678 1565 4756 pendente
1604 4676 1789 4753 praelatum

981 4781 1112 4845 Vualck
1122 4778 1334 4841 benediceres
1349 4778 1385 4838 in
1405 4776 1568 4838 abbatem.
1584 4778 1634 4836 Tu
1656 4776 1791 4839 nibilo-

982 4882 1092 4941 minus
1105 4881 1178 4957 post
1191 4876 1447 4954 appellationem
1472 4874 1513 4935 ab
1526 4875 1598 4950 ipso
1613 4889 1788 4950 procura-

982 4979 1053 5042 tore
1067 4976 1212 5054 legitime
1226 4974 1467 5052 interpositam,
1488 4972 1583 5033 illum
1598 4971 1658 5033 lite
1672 4974 1788 5037 adbuc

982 5076 1148 5138 existente
1166 5073 1227 5135 sub
1245 5072 1357 5151 jndice
1372 5072 1407 5132 in
1425 5070 1576 5131 abbatem
1591 5084 1789 5150 praesump-

983 5175 1055 5235 sisti
1068 5174 1102 5235 et
1115 5174 1150 5234 in
1171 5172 1420 5250 procuratorem
1439 5171 1509 5246 jam
1531 5167 1668 5240 dictum,
1691 5170 1789 5231 nulla

983 5272 1164 5334 monitione
1203 5270 1386 5348 praemissa,
1426 5266 1789 5329 excommunicationis

983 5369 1181 5432 sententiam
1204 5366 1415 5445 promulgare
1446 5364 1572 5425 faciens
1600 5364 1713 5440 ipsum
1745 5366 1789 5428 de

983 5468 1110 5546 synodo
1124 5467 1266 5544 turpiter
1280 5464 1357 5541 ejici
1372 5466 1437 5525 eta
1458 5460 1683 5523 servientibus
1703 5464 1787 5537 tuis,

983 5568 1062 5629 licet
1079 5567 1167 5629 esset
1181 5566 1216 5626 in
1236 5562 1491 5625 subdiaconatus
1513 5558 1631 5621 ordine
1649 5561 1786 5623 consti-

982 5665 1073 5728 tutus
1094 5661 1269 5725 inhoneste
1290 5657 1439 5721 tractari.
1463 5656 1511 5719 ΙΙΙ
1533 5656 1604 5718 haec
1619 5672 1696 5719 cum
1711 5673 1787 5721 mo-
