3802 6166
60 288 122 349 653

62 450 133 511 et...
147 447 295 524 ejusdem
312 446 378 509 loci
389 446 458 509 et...
475 446 515 508 de
527 444 677 507 Exidolio
690 444 857 524 prioribus

61 546 271 608 Lemouicen.
286 544 451 606 dioecesis.

104 648 210 717 Quum
235 643 330 705 bonae
356 643 524 704 memoriae
540 641 752 704 Innocentius
772 658 857 719 papa

61 739 858 820 praedecessornosterolimsuisdedissetlitteris

62 842 98 902 in
112 840 278 900 mandatis
287 840 432 916 capitulo
443 838 555 900 Sancti
564 838 701 901 Juniani
711 837 859 898 Lemovi-

62 955 136 1001 cen.
163 938 315 1000 dioecesis
351 938 387 997 ut
412 937 567 998 dilectum
594 937 698 996 illium
724 936 858 996 Petrum

61 1033 858 1119 Barbeclericumincanonicumreciperentetin

61 1134 211 1204 fratrem,
229 1133 349 1194 dilecto
360 1132 428 1193 filio
444 1134 479 1192 l..
495 1132 731 1193 archidiacono
747 1133 860 1191 Lemo·

61 1232 170 1293 vicen.
188 1232 220 1291 et
233 1233 304 1307 eJ'us
322 1230 459 1306 collegis
474 1230 581 1290 eidem
594 1229 715 1290 clerieo
731 1243 857 1290 execu-

63 1327 192 1391 toribus
202 1327 377 1403 deputatis,
393 1327 493 1387 iidem
504 1328 700 1388 executores
708 1326 743 1385 in
754 1325 860 1402 ipsius

62 1426 129 1487 loci
145 1425 323 1487 canonicos
340 1425 464 1486 dictum
479 1425 635 1486 clericum
646 1425 744 1501 juxta
763 1439 860 1484 man-

62 1524 176 1584 datum
187 1522 411 1599 apostolicum
423 1523 571 1599 recipere
581 1522 775 1583 recusantes
787 1521 860 1597 post

63 1621 320 1699 appellationem
336 1620 375 1680 ad
391 1636 450 1681 nos
465 1619 507 1681 ab
521 1619 571 1681 eis
583 1619 740 1694 legitime,
755 1618 858 1680 uidi-

62 1720 161 1790 citur,
178 1718 385 1794 interjectam
401 1716 765 1789 excommunicationis,
782 1716 859 1778 etin

61 1832 177 1877 eorum
192 1815 367 1877 ecclesiam
390 1815 558 1877 interdicti
577 1813 761 1875 sententias
781 1829 859 1889 pro-

63 1914 219 1976 tulerunt.
244 1916 349 1974 Porro
370 1913 476 1990 ipsius
502 1912 565 1973 loci
590 1912 778 1988 praeposito,
803 1911 858 1989 qui

61 2028 129 2073 una
146 2028 221 2073 curn
238 2027 352 2072 eorum
380 2011 497 2073 nuntio
513 2009 768 2087 appellationem
791 2008 858 2070 hu-

56 2110 206 2187 jusmodi
232 2109 368 2180 lecerat,
394 2110 430 2170 ut
451 2108 625 2179 asseritur,
651 2110 856 2184 prosecutus,

61 2208 232 2269 subtracto
248 2206 380 2267 interim
396 2206 437 2267 ab
450 2206 513 2267 hac
524 2206 608 2276 luce,
622 2221 724 2282 super
737 2204 861 2266 contir-

62 2306 209 2366 matione
227 2304 459 2381 praedictarum
479 2303 720 2364 sententiarum
740 2302 859 2364 litteris

58 2406 131 2480 jam
147 2418 166 2463 a
182 2402 276 2463 nobis
292 2401 434 2463 obtentis
449 2418 508 2478 per
523 2400 680 2462 clericum
696 2416 862 2461 memora-

61 2498 860 2571 turn,dilectusilliusnosterB.titulisanctorum

60 2598 228 2661 iohannis
263 2598 297 2659 et
328 2597 425 2658 Pauli
457 2596 631 2674 presbyter
667 2595 858 2664 cardinalis,-

63 2696 263 2773 Apostolicae
278 2694 371 2756 Sedis
380 2695 520 2771 legatus,
532 2696 565 2755 et
578 2693 737 2769 magister
747 2696 784 2755 L.
796 2695 861 2753 Le-

62 2792 861 2869 mouicen.archidiaconus,expartelegatiejns-

63 2892 150 2964 dem,
171 2886 231 2971 per
244 2891 372 2953 litteras
387 2907 465 2951 suas
480 2890 696 2951 inhibuerunt
715 2890 860 2966 capitulo

62 2991 143 3052 dicti
160 2990 279 3051 locine
295 2988 419 3064 absque
435 2990 547 3049 nostro
562 2988 614 3051 vel
631 2990 703 3065 ejus
720 3003 861 3048 assensu

62 3088 279 3165 procellerent
291 3087 332 3147 ad
343 3087 538 3147 electionem
550 3084 717 3162 praepositi
733 3074 862 3145 lacien-

61 3186 150 3247 dam.
168 3189 275 3257 Quare
287 3185 374 3246 idem
388 3184 568 3261 capitulum
583 3185 620 3243 P.
637 3183 677 3242 de
690 3183 862 3242 Montecu-

62 3280 861 3356 culicanonicumsuumadnostrampraesentlarn

61 3381 240 3442 destinavit
259 3396 319 3456 pro
334 3379 553 3449 absolutione,
575 3393 614 3438 ac
635 3392 775 3438 assensn
798 3375 862 3437 eli·

63 3480 163 3553 gendi
182 3479 395 3556 praepositum
412 3476 628 3554 postulandis
642 3490 801 3536 concessa
816 3475 859 3545 ei,

64 3578 153 3640 sicut
176 3593 236 3653 per
259 3592 373 3638 eorum
398 3573 578 3652 apparebat
600 3574 739 3646 litteras,
756 3572 861 3633 libera

65 3675 239 3753 potestate,
258 3676 293 3735 ut
305 3689 420 3735 eorum
435 3674 507 3733 uice
522 3671 729 3748 singulorum
743 3673 776 3732 et
790 3686 863 3731 orn-

63 3774 157 3833 nium
168 3773 203 3832 in
214 3772 392 3849 praesentia
403 3774 515 3832 nostra
527 3770 689 3847 reciperet
704 3768 861 3830 clericum

63 3872 278 3942 antedictum,
292 3870 390 3947 quod,
406 3870 483 3930 lieet
498 3884 608 3929 coram
624 3867 772 3944 praelatis
787 3882 863 3928 exe-

62 3968 245 4041 cutoribus,
271 3968 393 4028 luerint
408 3967 589 4043 adimplere
604 3966 724 4042 parati,
739 3965 861 4041 nequi-

61 4070 184 4128 verunt
195 4070 306 4127 tamen
319 4064 420 4125 abeis
431 4063 649 4125 absolutionis
664 4062 861 4124 beneficium

63 4163 225 4224 obtinere.
244 4164 367 4222 Verum
387 4159 523 4237 praelato
544 4161 581 4219 P.
602 4160 742 4220 lecimus
760 4157 863 4219 bene-

63 4262 176 4322 sscium
205 4258 423 4320 absolutionis
449 4257 606 4334 impendi,
633 4260 666 4318 et
689 4255 862 4333 praefatum

64 4360 223 4421 clericum
237 4357 340 4434 recipi
355 4356 397 4416 ab
414 4356 540 4416 eodem.
559 4356 628 4415 Nos
641 4355 744 4429 igitur
764 4353 862 4415 tinem

64 4452 860 4535 praenicticlertcilaboribusvolentesimponere,

64 4550 864 4627 acindemnitaliecclesiaesuperelectioneprae-

67 4654 167 4731 positi
200 4666 407 4729 praecavere,
437 4647 631 4713 discretioni
657 4648 776 4709 uestrae
803 4661 863 4723 per

65 4752 255 4830 apostolica
282 4748 406 4824 scripta
431 4747 626 4807 mandamus
655 4746 863 4821 quatenusa

65 4849 206 4923 siugulis
226 4849 266 4909 de
287 4845 433 4922 capitulo
455 4845 527 4921 ipso
547 4844 658 4904 standi
678 4858 777 4919 super
800 4842 863 4903 boo

65 4948 222 5009 mandato
237 4947 350 5006 nostro
366 4945 498 5019 recepta
512 4940 677 5020 juratoria
694 4940 861 5012 cautione,

65 5044 233 5108 interdicti
251 5042 450 5104 sententiam
461 5041 664 5109 relaxantes
676 5038 759 5116 ipsis
770 5038 865 5100 abso·

67 5142 204 5204 lutimris
215 5140 410 5202 beneficium
422 5137 632 5215 impendatis,
645 5138 678 5200 et
688 5136 865 5212 praecipia-

63 5244 108 5305 tis
121 5240 246 5301 eisdem
266 5236 446 5298 subdebile
461 5234 601 5312 praestiti
612 5234 807 5311 juramenti,
830 5236 866 5294 ut

65 5340 139 5400 sine
155 5353 256 5397 morae
271 5334 444 5412 dispendio
456 5334 493 5397 in
512 5331 648 5393 fratrem
672 5332 705 5393 et
725 5330 865 5395 canoni-

66 5453 141 5500 cum
162 5435 325 5511 recipiant
339 5432 496 5493 clericum
517 5430 731 5516 antedictum,
747 5444 816 5500 eos,
835 5428 864 5488 si

65 5537 131 5598 boc
153 5534 263 5595 lacero
281 5530 486 5600 recusarent,
510 5530 543 5589 et
558 5544 673 5588 eorum
688 5527 866 5590 ecclesiam

67 5636 102 5699 in
117 5632 281 5711 pristinas
294 5629 491 5694 reducentes
504 5626 700 5701 sententias,
717 5625 803 5689 etde
813 5628 868 5703 ju-

690 286 920 349 s-msronae.
943 254 1021 347 me.
1047 287 1086 347 n.

1550 244 1854 373 'oss‘

911 446 1057 508 ramenti
1063 446 1332 523 transgressione
1345 445 1506 507 canonice
1520 424 1710 523 punientes.

913 544 1091 622 Postquam
1107 544 1217 607 autem
1228 545 1337 623 ipsum
1348 543 1545 623 receperint,
1563 544 1710 621 eligendi

913 642 1126 720 praepositum
1137 644 1235 720 juxta
1250 642 1401 705 ecclesie
1411 659 1480 704 suae
1495 642 1713 705 consuetudi-

913 756 1000 808 nem.
1022 740 1152 802 sublato
1179 741 1356 819 quuslibet
1375 741 1658 814 contradictionis,
1679 740 1714 804 et
1792 770 1802 787 ι
1841 800 1846 811 ,

913 839 1147 916 appellationis
1168 838 1350 911 obstaculo,
1377 839 1568 901 concedatis
1586 838 1712 901 eisdem

913 936 1054 998 liberam
1075 936 1276 1009 facultatem,
1300 939 1455 1000 revocato
1477 939 1512 999 in
1530 938 1660 1001 irritum
1683 938 1713 999 si

914 1034 1002 1111 quid,
1017 1034 1189 1112 postquam
1205 1036 1341 1097 nuntius
1357 1035 1420 1097 iter
1432 1036 1576 1112 arripuit
1592 1036 1634 1096 ad
1650 1038 1713 1097 Se·

914 1133 988 1195 dem
999 1133 1222 1210 Apostolicam
1237 1133 1410 1206 veniendi,
1428 1150 1528 1210 super
1544 1134 1710 1212 praeposi-

914 1230 988 1293 turo
1007 1230 1042 1292 in
1064 1246 1180 1294 eorum
1195 1232 1427 1310 praejudicium
1444 1232 1639 1293 inveneritis
1659 1232 1713 1293 at·
1741 1222 1745 1229 '
1803 1278 1810 1287 .

913 1329 1086 1390 tentatum.
1111 1332 1198 1391 Sane
1213 1344 1255 1390 ne
1275 1330 1348 1407 quis
1372 1329 1456 1391 lorte
1478 1331 1635 1391 causetur
1653 1344 1711 1390 eos

909 1429 967 1504 jus
988 1425 1135 1502 eligendi
1159 1442 1218 1503 per
1246 1427 1414 1489 diversum
1440 1428 1599 1503 temporis
1626 1428 1713 1489 arni-

914 1524 1010 1596 sisse,
1037 1524 1191 1586 nolumus
1219 1525 1305 1602 quod
1324 1528 1454 1602 tempus
1479 1527 1608 1603 lapsum
1634 1526 1712 1587 ante
1766 1532 1787 1583 '.
1859 1498 1864 1509 ⁵

914 1638 1106 1684 concessam
1123 1622 1187 1684 sibi
1208 1623 1351 1699 eligendi
1370 1623 1539 1684 licentiam
1559 1623 1608 1685 eis
1634 1639 1713 1684 cur-

914 1724 976 1788 rat,
994 1737 1069 1782 oum
1084 1722 1284 1793 constitutis,
1298 1738 1370 1799 quae
1381 1720 1421 1781 de
1437 1721 1628 1800 hujusmodi
1640 1721 1714 1798 lap-

914 1836 954 1879 su
982 1819 1140 1895 temporis
1169 1819 1330 1895 loquitur,
1362 1820 1478 1880 contra
1500 1819 1712 1895 negligentiae

915 1916 1031 1977 vitium
1044 1915 1144 1977 tuerit
1156 1917 1375 1993 promulgata,
1386 1919 1420 1978 et
1432 1916 1456 1977 ii
1467 1917 1532 1979 dici
1548 1918 1715 1993 nequeant

915 2015 1131 2091 negligentes,
1147 2031 1246 2091 quum
1259 2030 1325 2075 raon
1340 2016 1474 2093 possent
1488 2015 1612 2091 eligere
1625 2030 1714 2091 prae·

915 2113 1029 2174 sertim
1046 2130 1145 2189 quum
1171 2129 1213 2173 ex
1241 2113 1320 2174 dicti
1348 2113 1529 2175 cardinalis
1558 2113 1713 2174 mandato

916 2212 1075 2282 nostram,
1090 2210 1143 2271 uel
1161 2213 1232 2288 ejus
1243 2212 1436 2272 tenerentur
1451 2211 1620 2271 licentiam
1631 2226 1712 2288 pos-

914 2308 1034 2369 tulare.
1058 2308 1192 2381 Quodsi
1209 2324 1275 2370 non
1297 2324 1422 2377 omnes,
1445 2309 1521 2380 etc,
1543 2309 1608 2369 duo
1629 2324 1710 2369 ues-
1739 2346 1764 2389 ·.
1850 2296 1864 2321 ”

914 2409 1014 2478 trium,
1043 2408 1105 2467 etc.
1132 2408 1251 2468 Datum
1280 2408 1436 2469 Laterani
1461 2408 1578 2486 quarto
1607 2421 1713 2468 nonas

916 2505 1027 2566 martii
1042 2519 1131 2565 arrno
1145 2505 1301 2567 secundo.

1256 2675 1374 2762 CLIV

959 2821 1010 2879 Ad
1029 2818 1257 2893 prepositum
1271 2818 1305 2878 et
1320 2820 1358 2878 G.
1378 2818 1411 2878 et
1428 2820 1467 2879 lt.
1487 2820 1669 2879 santonicos

1215 2919 1411 2977 Italicenses

1207 3038 1224 3095 t
1237 3045 1320 3096 mart.
1339 3039 1417 3096 l2l8.

947 3154 1067 3218 idapem,
1080 3154 1124 3203 lib.
1141 3154 1172 3211 ll,
1186 3154 1258 3217 epist.
1271 3153 1326 3201 9²0.
1339 3154 1440 3203 bissba
1452 3154 1526 3203 Porto
1541 3153 1575 3203 du
1590 3154 1684 3215 Tlreil]

916 3268 1065 3327 Constituit
1083 3266 1194 3339 judices
1210 3281 1260 3338 pro
1284 3266 1332 3322 lite
1351 3265 1410 3339 iarn
1430 3272 1599 3334 contestata,
1615 3266 1644 3323 in
1660 3282 1715 3339 qua

949 3356 1036 3429 jiulox
1063 3371 1136 3412 unus
1157 3362 1286 3412 mortuus
1300 3362 1328 3411 et
1351 3355 1424 3412 alius
1436 3353 1641 3427 impedimento
1662 3355 1714 3412 de·

953 3447 1067 3503 tinetur.

957 3562 1125 3624 Honorius
1141 3561 1272 3623 dilectis
1288 3561 1377 3631 tiliis,
1390 3561 1466 3633 etc,
1486 3560 1663 3637 preposito
1682 3562 1716 3623 et

917 3662 1077 3739 magistro
1099 3664 1136 3721 (l.
1157 3663 1257 3720 Gorn.
1272 3663 1305 3721 et
1319 3662 1358 3722 R.
1375 3658 1415 3719 de
1431 3657 1592 3721 Lauduno
1610 3674 1714 3721 eano-

918 3761 1003 3821 nicis
1021 3762 1156 3821 Rernen.

957 3857 1163 3918 praesentata
1173 3854 1715 3917 nobistiorn.suessionenarcbi·

917 3955 1049 4018 diaconi
1062 3955 1175 4032 petitio
1191 3953 1390 4024 continebat,
1411 3953 1496 4031 quod
1513 3970 1614 4031 quum
1629 3953 1718 4014 inter

917 4054 1081 4131 quondam
1096 4056 1134 4114 R.
1152 4052 1429 4129 praedecessorem
1453 4068 1549 4112 suum
1564 4054 1716 4129 exparte
1812 4070 1817 4075 ·
1854 4036 1859 4041 ¹

918 4168 984 4214 una
999 4154 1032 4213 et
1051 4150 1232 4227 capitulum
1257 4149 1370 4211 Sancti
1392 4150 1482 4212 Petri
1502 4149 1715 4211 suessionen.

918 4250 1092 4317 exaltera,
1121 4263 1222 4325 super
1242 4248 1476 4325 jurisdictione
1502 4263 1601 4324 quam
1631 4247 1718 4309 idem

917 4348 1174 4409 archidiaconus
1203 4361 1238 4405 se
1259 4345 1397 4405 indicta
1423 4345 1566 4405 ecclesia
1588 4346 1718 4407 ratione

918 4445 1218 4513 archidiaconatus,
1235 4441 1440 4518 proponebat
1452 4441 1586 4513 babere,
1608 4458 1719 4519 qums-

917 4545 963 4605 tio
979 4544 1175 4609 verteretur,
1189 4540 1322 4603 tandem
1338 4540 1378 4599 de
1393 4539 1555 4601 bonorum
1568 4541 1717 4601 virorum

919 4642 1069 4711 consilio,
1087 4640 1291 4701 Bernardum
1303 4637 1541 4699 cancellarium
1553 4637 1715 4699 Parisien.

917 4744 951 4802 et
985 4740 1161 4815 magistros
1191 4737 1323 4799 ltaduli.
1357 4739 1492 4798 Rernen.
1524 4737 1556 4797 et
1584 4736 1718 4797 Petrum

918 4839 1044 4900 Briton.
1061 4836 1202 4898 clericos
1217 4850 1319 4911 super
1343 4834 1405 4896 hoc
1433 4833 1577 4895 arbitros
1601 4833 1717 4911 elege-

919 4938 1007 5008 runt,
1029 4935 1200 5013 quiquum
1226 4936 1378 5010 suscepto
1407 4932 1546 4994 arbitrio
1572 4933 1654 4994 adeo
1683 4932 1718 4995 in
1812 4984 1817 4991 .

919 5035 1077 5113 praedlcm
1098 5031 1229 5107 negotio
1253 5031 1503 5108 processissent,
1525 5031 1611 5107 quod
1636 5034 1736 5108 pro·'

919 5134 1026 5194 ductis
1047 5130 1197 5201 testibus,
1215 5131 1247 5191 et
1265 5128 1526 5205 depositionibus
1542 5128 1718 5205 publicatis

920 5246 1046 5301 eorum,
1080 5227 1288 5305 receptisque
1323 5226 1580 5301 allegationibus
1620 5230 1716 5288 utro-

920 5344 1069 5405 rumque,
1084 5327 1167 5388 actis
1182 5324 1335 5387 omnibus
1349 5324 1493 5386 redactis
1517 5325 1551 5385 in
1571 5325 1716 5401 scriptis,

920 5430 952 5489 et
967 5426 1151 5501 sigillorum
1176 5438 1312 5485 suorum
1327 5424 1545 5501 impressione
1563 5423 1715 5499 signatis,

920 5524 1093 5587 arbitrium
1109 5522 1259 5601 prolerre
1277 5521 1444 5593 deberent,
1462 5521 1586 5583 eisdem
1602 5520 1633 5581 id
1648 5519 1717 5580 dil-

920 5621 1102 5685 lerentibus
1128 5636 1188 5701 pro
1208 5635 1278 5683 suae
1298 5620 1392 5682 libito
1416 5618 1607 5690 voluntatis,
1631 5634 1718 5679 unm
