3802 6166
128 250 190 317 aas
620 248 1281 317 nrxru.-1urnsrov1ss1nuu.
1364 324 1367 333 ,
1713 208 1786 325 aso
1859 234 1863 241 '

129 412 289 475 describit
311 412 352 475 de
377 412 471 490 regia
491 410 580 475 tribu
602 410 757 489 inquiens
777 427 785 473 :
802 412 927 475 denuit
979 412 1106 475 talenta
1125 411 1210 475 bene
1231 414 1444 491 expenderat.
1468 416 1642 481 Talentum
1666 420 1771 498 signi·

127 515 253 587 Josepu
264 514 382 573 otram
389 513 517 573 Μανίας
524 514 564 573 de
577 525 645 585 quo
654 511 816 573 natusest
825 514 927 575 destas
980 510 1057 574 neat
1077 510 1199 573 donum
1216 511 1344 589 gratiae,
1361 514 1448 590 quod
1466 512 1616 578 autertur
1629 533 1650 578 a
1665 520 1774 597 negli-

128 610 188 681 qut
201 603 658 683 uocaturcbristua(ldattb.
675 621 698 678 1,
720 606 784 683 16).
810 606 925 669 Oleum
979 608 1130 685 gentibus
1152 609 1185 669 et
1202 609 1302 671 datur
1324 609 1409 671 bene
1426 614 1651 689 operantibus.
1679 618 1773 680 Unde

129 705 276 781 apponat
285 705 428 773 Marcus,
439 704 495 780 qui
506 703 546 763 de
556 706 628 781 ejus
639 702 866 765 misericordia
876 704 926 765 in·
979 708 1012 767 et
1023 705 1138 768 beatus
1149 706 1425 771 Petrusdicebat:
1441 713 1674 787 uiamqmsquc
1683 716 1773 777 sicut

128 803 202 879 quit
214 818 220 862 :
230 803 403 864 Misereor
411 816 517 875 suaper
527 801 674 873 turbam,
686 805 851 875 quiajam
865 803 925 864 trt-
977 804 1101 877 ancipit
1111 806 1265 881 qratiam
1279 809 1316 867 tn
1329 807 1540 869 atterutrum
1552 812 1646 871 dium
1660 815 1773 875 admi-

129 903 196 961 duo
208 899 368 974 suspectat
377 914 443 970 me,
458 913 521 961 occ
531 901 629 961 licbct
641 902 729 973 qued
742 902 924 961 maiiducet
978 902 1179 973 assuentes,
1193 904 1282 964 stom
1296 906 1374 964 boici
1391 906 1646 980 dispensatores
1660 912 1773 973 natati-

128 996 246 1075 (biarc.
262 1012 337 1069 vin,
351 995 726 1075 2).1.iciniumapponat
739 997 923 1075 Luces,qui
977 1001 1101 1071 soranis
1111 1000 1238 1075 qrottae
1249 1003 1313 1061 Det
1323 998 1352 1079 (l
1367 1001 1457 1063 Petr.
1467 1017 1512 1075 iv,
1525 1002 1588 1082 10).
1600 1006 1639 1067 iit
1651 1009 1773 1069 notan·

127 1096 170 1157 de
184 1099 257 1172 ejus
278 1096 390 1157 anima
408 1094 556 1156 clamans
575 1110 657 1156 voce
671 1111 792 1171 magna
813 1094 921 1158 dixit:
978 1094 1055 1156 dum
1082 1098 1133 1157 est
1155 1095 1240 1173 quod
1266 1113 1335 1158 non
1362 1099 1481 1161 ardent
1505 1100 1675 1177 lampades
1698 1104 1771 1169 sine

87 1273 94 1285 ·
127 1195 240 1256 Potor
259 1197 295 1254 tn
308 1207 435 1255 manus
454 1193 532 1253 tuos
548 1196 745 1254 cotttmeudo
758 1194 924 1267 spiritum
978 1193 1063 1265 oleo,
1079 1193 1174 1266 idest,
1195 1193 1282 1255 bona
1304 1211 1405 1274 opera
1428 1197 1501 1258 sine
1526 1200 1643 1273 gratiae
1669 1201 1771 1280 adju·

126 1307 245 1352 ranetam
257 1288 352 1368 (Luc.
366 1306 445 1361 xxv,
456 1288 524 1368 46).
540 1292 653 1364 Ignem
665 1290 811 1367 apponat
820 1291 925 1351 Joan-
977 1289 1074 1352 torio.
1100 1291 1284 1355 Prudentes
1312 1309 1392 1370 ergo
1425 1295 1575 1372 uirgines
1602 1298 1772 1377 accipiunt

127 1404 187 1449 nes
207 1388 265 1465 qui
287 1388 327 1449 de
348 1388 426 1464 igne
440 1387 624 1449 divinitatis
645 1403 714 1448 suae
732 1387 840 1464 inquit
856 1403 864 1449 ε
880 1391 923 1448 Iu
978 1388 1146 1466 lampades
1163 1405 1253 1463 suas,
1270 1391 1359 1468 quia,
1379 1392 1436 1469 qui
1456 1409 1536 1455 uero
1553 1392 1667 1457 fideles
1682 1399 1769 1465 sunt.

126 1490 298 1561 praccipio
324 1486 403 1547 erat
435 1488 591 1557 Verbum,
616 1486 650 1547 et
677 1488 823 1547 Verbum
845 1487 923 1547 erat
978 1485 1089 1548 lumen
1103 1486 1198 1549 bonae
1218 1489 1422 1565 operationis
1437 1506 1568 1568 semper
1582 1492 1716 1556 babent.
1731 1498 1773 1558 Et

125 1588 345 1659 apotolicum,
353 1584 386 1645 et
393 1588 485 1646 Deris
492 1583 569 1645 erat
580 1581 921 1662 Verbum(ioan.1,l).
977 1584 1177 1645 econtrario
1192 1584 1291 1647 fatuae
1305 1586 1454 1662 virgines
1472 1603 1546 1664 quae
1563 1605 1629 1651 non
1648 1591 1774 1655 habent

167 1682 351 1759 Lampados
367 1681 522 1743 dicuntur
535 1680 622 1741 bona
637 1695 750 1757 opera.
775 1683 923 1758 Sponsus
977 1680 1089 1741 lumen
1108 1682 1144 1742 in
1161 1682 1231 1743 suis
1251 1683 1469 1761 lampadibus,
1489 1683 1586 1756 idest,
1606 1689 1771 1764 justitiam

126 1783 160 1842 et
172 1782 299 1856 Sponsa
314 1779 464 1841 Christus
479 1779 531 1839 est
551 1778 760 1855 triumphans
775 1778 811 1839 in
829 1778 922 1841 coelis
976 1778 1011 1838 in
1023 1779 1092 1839 suis
1103 1778 1269 1857 operibus,
1278 1781 1488 1857 arguentura
1499 1782 1635 1857 lumine,
1644 1785 1773 1859 idesta

127 1894 202 1939 cum
217 1876 375 1939 Ecclesia.
392 1877 434 1937 Hi
449 1875 546 1938 modo
565 1876 704 1937 veniunt
729 1891 789 1952 per
810 1876 921 1937 mani·
977 1875 1118 1938 Christo.
1136 1878 1316 1955 Sequitur:
1332 1878 1773 1959 Boctcruntodotomspon-

127 1975 336 2037 testationem
347 1969 473 2050 gloriae,
488 1974 524 2034 in
536 1974 719 2035 novissimo
731 1973 869 2035 veniunt
880 1974 921 2035 ad
975 1988 1014 2033 so
1028 1974 1061 2034 et
1075 1989 1210 2049 sponsae
1222 1973 1353 2053 (Metili.
1369 1992 1450 2045 xxv,
1467 1976 1511 2056 l).

121 2072 297 2151 judicium.
322 2072 382 2133 llis
404 2070 611 2148 lampadibus
635 2071 922 2148 superinfunditur
1016 2072 1062 2131 De
1074 2071 1181 2132 tribus
1194 2071 1276 2133 locis
1295 2074 1419 2135 exeunt
1432 2074 1590 2150 uirgines,
1609 2076 1643 2138 et
1656 2092 1772 2159 omnes¹
1877 2078 1896 2103 ·

124 2171 236 2231 oleum
251 2186 270 2230 a
284 2171 351 2230 Deo
365 2170 475 2239 Patre,
492 2168 623 2245 quando
637 2168 827 2245 spiritualis
843 2185 923 2245 gra-
971 2167 1066 2242 justi,
1087 2167 1253 2241 videlicet,
1276 2170 1317 2232 de
1342 2153 1484 2233 Sodoma
1509 2172 1595 2234 sicut
1613 2174 1708 2247 Loth,
1730 2175 1771 2237 de

124 2269 173 2330 tia
195 2267 293 2330 datur
306 2266 390 2328 bene
404 2265 629 2345 operantibus,
646 2267 683 2327 ut
696 2265 825 2343 possint
846 2281 920 2327 ωθ-
977 2264 1131 2326 ebeldaea
1144 2268 1181 2327 ut
1191 2266 1370 2334 Abraham,
1386 2269 1427 2329 de
1446 2269 1604 2346 spelunca
1618 2273 1653 2332 ut
1668 2272 1771 2333 Elias.

125 2366 192 2427 lius
208 2364 339 2442 operari
354 2384 363 2424 ε
377 2368 426 2425 Pu
447 2364 565 2425 autem
577 2366 821 2436 cusnjcjunos,
833 2378 923 2440 uriae
978 2361 1118 2423 Sodoma
1137 2363 1188 2424 est
1206 2364 1307 2425 ardor
1330 2364 1499 2441 libidinis;
1516 2366 1773 2446 chaldaeaque

122 2465 228 2537 cupiet
260 2463 359 2523 trium
392 2465 464 2523 oleo
495 2460 530 2521 et
556 2463 681 2534 taciem
714 2461 812 2521 tuom
844 2464 923 2522 lova
977 2459 1215 2537 interpretatur
1226 2461 1321 2538 quasi
1334 2461 1475 2535 daemon,
1487 2463 1619 2525 insania
1630 2463 1772 2541 luroris;

123 2559 320 2639 (Mutilum,
341 2560 402 2633 17).
420 2560 490 2619 Ηοθ
504 2558 614 2618 oleum
629 2557 669 2618 de
684 2557 793 2633 capite
808 2560 921 2619 nostro
977 2557 1145 2633 spelunca,
1176 2557 1269 2619 labor
1296 2558 1373 2620 vitae
1403 2560 1556 2622 actualis.
1590 2564 1636 2623 be
1666 2562 1773 2640 prima

125 2672 305 2734 numquam
329 2655 472 2726 deliciet,
504 2655 655 2716 hilaritas
682 2654 809 2716 scilicet
836 2670 922 2716 con·
976 2653 1194 2729 egrediuntur
1218 2670 1277 2732 per
1304 2656 1467 2718 castitatis
1491 2658 1706 2735 munditiam
1733 2659 1774 2723 de

125 2754 277 2815 scientiae
291 2753 323 2815 et
336 2752 509 2815 charitatis
522 2750 722 2828 pinguendo.
737 2751 786 2812 Ob
799 2754 806 2811 t
821 2768 923 2829 quen·
977 2750 1123 2813 secunda
1141 2768 1201 2830 per
1215 2752 1481 2815 mansuetudinis
1502 2756 1715 2833 patientiam3
1731 2756 1773 2819 de

124 2854 178 2913 tus
193 2851 288 2912 dolor
302 2851 331 2911 si
346 2850 420 2927 quis
434 2849 518 2912 sorte
537 2848 637 2910 fuerit
660 2848 748 2911 inter
768 2865 839 2921 nos,
865 2848 921 2926 qui
975 2849 1074 2911 tertia
1093 2865 1154 2927 per
1175 2851 1463 2928 contemplationis
1482 2852 1692 2915 industriam.
1712 2856 1776 2917 So·

124 2965 191 3011 non
207 2949 317 3009 sumat
328 2948 392 3010 hoo
406 2948 559 3009 oleumiu
571 2948 660 3008 vasis
676 2948 746 3008 suis
757 2963 832 3008 cum
843 2948 922 3009 lam·
976 2945 1085 3015 doma,
1093 2960 1166 3024 quae
1179 2945 1412 3010 fuitsucoensa
1421 2948 1511 3025 igne,
1523 2949 1689 3027 significat
1703 2968 1774 3015 car·

125 3046 285 3125 pedibus!
311 3048 426 3123 Neque
448 3046 536 3107 enim
560 3046 715 3123 poterunt
742 3045 782 3105 ad
807 3046 921 3123 sponsi
976 3060 1051 3105 nem
1066 3060 1141 3122 quae
1161 3045 1343 3108 delectatur
1358 3046 1588 3109 fornicatione.
1601 3051 1679 3120 Quae
1694 3065 1774 3112 caro

124 3146 258 3220 nuptias
274 3145 424 3215 introire,
441 3143 541 3204 ίωωο
560 3145 594 3204 et
611 3143 727 3203 clausa
746 3143 845 3204 etiam
862 3146 920 3221 ja·
976 3141 1076 3203 babet
1089 3142 1212 3218 ignem,
1227 3143 1323 3215 idest,
1336 3142 1483 3204 libidinis
1494 3145 1659 3218 ardorem,
1675 3145 1775 3210 habet

124 3258 191 3305 uua
217 3241 363 3304 audituri
386 3243 463 3302 sunt
481 3256 594 3302 vocem
616 3240 707 3301 illam
725 3244 823 3302 :Non
840 3244 921 3302 novt
976 3240 1010 3299 et
1023 3239 1174 3315 sulphur,
1197 3240 1294 3309 idest,
1324 3240 1471 3302 infamias
1496 3241 1658 3320 ioetorem.
1683 3244 1769 3305 Nam

125 3356 187 3402 cos
209 3339 338 3418 (Metili.
359 3354 440 3411 xxv,
458 3337 521 3415 12).
542 3342 614 3399 Ηθρ
630 3339 752 3416 quanta
773 3338 918 3410 tristitia,
976 3334 1199 3398 abominabile
1210 3337 1261 3399 est
1271 3352 1382 3399 coram
1394 3339 1461 3399 Deo
1473 3340 1505 3399 et
1516 3338 1772 3401 bominibusbe

125 3439 154 3498 si
171 3438 244 3499 sine
258 3440 349 3499 veste
364 3436 505 3513 nuptiali
529 3435 633 3511 aliqui
654 3436 859 3511 praesumant
878 3436 919 3496 ad
977 3432 1119 3494 Sodoma
1133 3433 1229 3495 docet
1251 3450 1312 3494 nos
1333 3433 1450 3495 beatus
1473 3435 1649 3511 Apostolus
1666 3437 1770 3509 exire,

125 3534 187 3597 bas
202 3535 336 3613 nuptias
359 3534 519 3607 introire;
543 3533 638 3609 ligati
657 3532 745 3593 θρίω
767 3532 920 3594 manibus
975 3530 1111 3590 dicens:
1127 3531 1540 3606 Ficqitcsorntcotiencm,
1557 3547 1657 3593 οωρθ
1678 3534 1774 3595 θρίω

125 3632 308 3711 etpedibus
322 3632 540 3709 projicientur
553 3632 588 3690 in
603 3628 757 3691 tenebras
775 3630 922 3691 exterio-
972 3626 1152 3701 peccatum
1163 3630 1250 3700 quod
1264 3628 1385 3701 fecerit
1397 3632 1507 3699 lionae,
1528 3629 1634 3689 cestro
1647 3642 1773 3703 corpus

124 3748 190 3803 res,
215 3731 270 3792 ubi
293 3730 408 3791 umbra
429 3729 545 3790 mortis
565 3730 597 3789 et
619 3727 729 3788 nullus
744 3727 837 3798 ordo,
863 3728 920 3789 sed
975 3725 1038 3795 cst,
1057 3728 1115 3797 qut
1132 3724 1250 3785 utitem
1263 3725 1460 3798 fornicatur·
1476 3728 1514 3785 in
1529 3738 1655 3799 corpus
1667 3741 1771 3789 satum

124 3830 344 3905 sempiternus
361 3827 480 3888 horror
500 3825 676 3887 inhabitat.
698 3824 761 3886 Ubi
775 3824 920 3886 tenebrae
973 3822 1092 3896 peccat
1107 3822 1136 3900 (Ι
1155 3822 1229 3883 Cor.
1251 3836 1295 3893 ω,
1311 3821 1374 3900 18).
1396 3820 1470 3883 Non
1485 3822 1558 3883 sine
1573 3837 1673 3883 cansa
1691 3823 1772 3885 dicit

123 3927 307 4005 palpabiles
320 3925 414 3995 adeo,
429 3922 516 4001 quod
533 3939 593 3984 nec
608 3923 668 3983 illa
683 3936 805 3998 magna
821 3923 922 3983 lumi-
975 3920 1109 3980 sanctus
1123 3919 1300 3996 Apostolus
1324 3941 1331 3980 ε
1350 3920 1475 3996 Fugite
1491 3921 1768 3995 sorraicationem,
1892 3934 1895 3941 ·

121 4025 232 4096 naria,
249 4040 322 4101 quae
348 4024 426 4083 iecit
461 4022 620 4082 Dominus
649 4021 683 4082 in
712 4020 919 4082 firmamento
975 4016 1054 4093 quia
1077 4017 1111 4077 in
1131 4016 1208 4078 aliis
1231 4017 1322 4079 vitiis
1347 4019 1455 4095 potest
1473 4018 1572 4079 bomo
1593 4020 1770 4097 expectare

123 4123 212 4194 oceli,
227 4122 361 4200 possent
379 4121 423 4181 ibi
442 4118 483 4180 ad
498 4118 653 4180 solatium
669 4117 753 4179 lucis
771 4118 919 4179 admini-
975 4114 1175 4188 conflictum,
1203 4115 1260 4177 sed
1280 4117 1315 4176 in
1337 4116 1558 4192 fornicatione
1581 4132 1647 4178 non
1675 4116 1773 4179 debet

123 4221 234 4283 culum
260 4219 514 4281 administrare!
538 4215 593 4277 ubi
621 4216 718 4278 ioetor
748 4215 921 4277 intollera·
974 4213 1143 4290 suscipere
1163 4213 1354 4289 cogitatum.
1372 4215 1456 4275 Nam
1471 4214 1501 4274 si
1518 4214 1597 4275 talis
1614 4214 1771 4291 cogitatio

120 4318 200 4380 bilis
224 4319 318 4389 adeo,
344 4318 380 4378 ut
403 4331 464 4377 nec
489 4314 611 4375 areolae
633 4314 817 4375 aromatum
843 4329 918 4375 cum
974 4310 1083 4371 cordis
1116 4311 1276 4388 recipitur
1303 4326 1409 4388 usque
1435 4311 1477 4371 ad
1503 4311 1767 4381 delectationem,

121 4414 276 4477 omnibus
296 4413 412 4491 primis
427 4410 605 4487 unguentis
620 4411 756 4487 possent
773 4408 820 4470 ibi
838 4409 919 4470 red·
973 4408 1104 4485 quando
1119 4407 1322 4485 perducitur,
1337 4409 1370 4470 et
1387 4408 1453 4469 nisi
1466 4409 1564 4485 caput
1577 4409 1676 4470 istius
1692 4424 1769 4470 ser-

121 4515 201 4573 dere
230 4512 488 4589 spiramentuml
521 4508 575 4569 ubi
605 4507 679 4569 sitis
705 4507 823 4579 anxia,
844 4524 917 4585 quae
973 4505 1092 4582 pontis,
1106 4504 1192 4566 idest
1207 4505 1363 4581 cogitatio
1379 4504 1619 4573 fornicationis,
1633 4506 1771 4581 perima-

120 4612 249 4674 tantum
265 4626 325 4671 nec
339 4611 466 4685 guttam
481 4607 522 4667 de
539 4605 643 4683 digito
666 4605 783 4666 Lazari
799 4605 919 4682 poterit
972 4604 1037 4675 tur,
1053 4604 1142 4665 totus
1157 4618 1295 4679 serpens
1308 4602 1468 4664 illabitur.
1488 4602 1583 4664 Unde
1599 4601 1640 4663 de
1661 4603 1769 4679 prima

120 4710 326 4785 degustaret
358 4706 414 4767 ubi
444 4706 557 4767 leones
591 4702 736 4780 rugiunt.
777 4703 917 4779 Rugitus
972 4701 1111 4762 muliere
1126 4700 1249 4762 dictum
1267 4702 1317 4762 est
1334 4700 1498 4777 serpenti:
1519 4703 1601 4773 ipso
1614 4700 1770 4761 conteret

120 4808 209 4868 enim
225 4805 332 4867 leonis
345 4806 378 4865 et
391 4819 459 4864 vox
473 4802 587 4863 leaenas
603 4802 636 4861 et
656 4800 771 4862 dentes
786 4799 917 4863 catulo·
971 4799 1245 4875 cupidissume!
1263 4798 1299 4858 tu
1319 4799 1498 4859 insidiosis
1518 4801 1675 4857 calcaneo
1692 4799 1769 4869 ajtts
1886 4820 1891 4827 ·

121 4920 194 4965 rum
211 4905 354 4972 leonum,
369 4899 477 4978 parati
493 4901 569 4960 sunt
584 4898 631 4959 ibi
645 4898 806 4959 devorare
825 4896 914 4969 illos,
972 4894 1067 4974 (Gen.
1092 4910 1143 4966 111,
1167 4892 1231 4973 15).
1258 4892 1420 4955 Debemus
1437 4892 1525 4952 enim
1548 4892 1581 4953 et
1604 4906 1665 4953 nos
1682 4907 1767 4954 cou-

121 5003 177 5081 qui
193 5002 317 5063 ducunt
338 5000 372 5061 in
387 4998 484 5060 bonis
505 4996 577 5058 dies
594 5012 683 5067 suos,
700 4996 734 5058 et
747 4994 782 5055 in
796 4997 916 5072 puncto
971 4995 1079 5054 terere
1093 4990 1193 5069 caput
1204 4989 1378 5068 serpentis,
1392 4987 1488 5059 idest,
1505 4988 1637 5050 initium
1650 4987 1768 5050 diabo-

120 5100 161 5161 ad
186 5098 318 5161 interna
342 5094 554 5158 descendunt.
583 5093 676 5155 Sicut
700 5093 789 5155 enim
807 5092 916 5169 gratia
971 5089 1045 5152 lices
1066 5087 1298 5166 suggestionis,
1317 5085 1468 5165 quemvis
1497 5085 1569 5163 ipse
1590 5086 1768 5148 insidietur

120 5191 570 5270 auterturanegligentibus,
583 5207 621 5253 eo
633 5190 717 5269 quod
729 5191 915 5251 insacuum
971 5186 1139 5259 calcaneo,
1165 5184 1259 5256 idest,
1276 5180 1433 5245 finalibus
1451 5182 1606 5259 operibus
1628 5182 1764 5255 nostris,

121 5296 213 5357 illam
231 5292 414 5370 accipiunt,
438 5292 485 5353 ita
509 5290 607 5351 datur
629 5287 855 5365 diligentibus,
877 5304 916 5349 eo
966 5286 1064 5364 juxta
1091 5283 1172 5345 illud
1200 5281 1423 5360 poeticumes
1450 5280 1629 5357 Principiis
1658 5279 1764 5354 obsta,

121 5393 206 5471 quod
234 5394 270 5453 in
297 5391 353 5451 illa
380 5388 567 5467 proficiunt.
595 5387 688 5449 Unde
712 5386 853 5462 legimus
880 5385 916 5446 in
971 5398 1046 5445 sero
1070 5381 1234 5442 medicina
1250 5380 1397 5457 paratur,
1414 5394 1489 5440 cum
1506 5378 1595 5441 mala
1614 5393 1674 5456 per
1691 5377 1769 5439 lou-

121 5490 302 5567 Evangelio
324 5487 411 5567 quod
436 5487 595 5551 talentum
622 5484 684 5546 tuit
708 5483 915 5545 sublatuma
970 5497 1030 5557 gas
1049 5480 1221 5541 invaluere
1231 5494 1387 5539 moras.»

120 5591 215 5667 pigro
231 5602 339 5659 servo,
360 5587 393 5648 et
416 5584 528 5646 datum
544 5582 594 5644 illi
610 5583 666 5659 qui
688 5581 755 5643 alia
772 5581 916 5659 quinque
1010 5574 1612 5654 Chaldaea,quainterpretaturquasi
1623 5573 1762 5645 daemon,
