3802 6166
122 315 184 375 405

164 475 233 549 ligo
258 471 446 550 Stephanus
468 474 501 533 S.
515 470 654 535 Adriani
669 470 829 535 diaconus
844 484 920 532 car-

122 571 257 631 dinalis.

162 671 232 744 Ego
248 669 384 745 Egidius
401 670 458 729 SS.
480 670 607 729 cosmae
623 668 656 731 et
673 668 826 730 Damiani
841 668 918 729 dia-

124 783 228 828 conus
243 766 433 829 cardinalis,

165 866 286 925 Datum
299 864 455 925 Laterani
471 879 530 941 per
543 880 677 925 manum
693 863 841 932 Ranerii,
858 866 920 926 Ro-

125 978 234 1023 manae
249 962 406 1023 Ecclesiae
430 962 698 1023 vicecancellarii
719 962 833 1040 quinto
848 962 918 1022 idi-

123 1059 187 1120 bus
211 1060 304 1131 Maii,
327 1060 509 1123 indictione
537 1062 644 1131 sexta,
675 1059 918 1122 incarnationis

124 1157 307 1219 Dominicae
323 1173 410 1219 anno
426 1158 602 1220 millesimo
621 1157 846 1219 ducentesimo
866 1157 919 1219 de·

755 311 985 373 EPIS'l'OLAE.
1008 310 1086 371 Lib.
1109 310 1135 369 Ι.

1714 308 1775 371 400

973 468 1183 548 synodalium
1201 466 1425 532 celebratione
1446 466 1685 535 conventuum,
1704 466 1774 529 tarn

973 570 1008 632 tu
1034 583 1133 644 quam
1157 582 1366 629 successores
1390 566 1439 628 tui
1462 566 1505 627 ad
1524 565 1696 626 ¹sinistrum
1712 568 1776 627 Ro·

973 667 1063 727 mani
1077 664 1248 725 Pontificio
1263 665 1362 736 latus,
1379 664 1522 740 primum
1537 662 1697 723 sessionis
1718 662 1773 724 lo-

974 780 1047 825 cum
1073 762 1310 840 perpetualiter
1334 761 1495 833 habeatis,
1512 761 1547 821 in
1560 760 1775 823 monasteriis

973 861 1216 927 auctoritatem,
1235 862 1294 923 aut
1308 860 1446 937 capellis
1465 858 1632 937 aliquibus
1654 860 1777 935 praeter

973 959 1145 1021 matricem
1172 957 1346 1020 ecclesiam
1365 957 1566 1034 baptismum
1584 956 1776 1033 generalem

973 1057 1046 1118 lieri
1084 1057 1215 1134 penitus
1250 1055 1476 1135 prohibemus.
1515 1055 1550 1115 in
1583 1053 1715 1132 quibus,
1743 1053 1774 1115 si

973 1171 1047 1232 quae
1070 1154 1155 1217 forte
1182 1156 1345 1233 praecepta
1361 1154 1476 1215 contra
1491 1168 1605 1215 sacros
1626 1167 1772 1213 canones

973 1253 1087 1315 elicita
1098 1252 1243 1315 inveniri
1260 1253 1449 1328 contigerit,
1465 1251 1587 1313 uestris
1603 1238 1773 1313 canonicis

973 1366 1039 1412 non
1052 1350 1269 1428 praejudicent
1281 1350 1457 1424 iustitutis;
1478 1348 1634 1420 clericos,
1651 1346 1773 1411 sancti·

974 1447 1148 1515 moniales,
1175 1447 1294 1509 viduas
1316 1446 1408 1507 urbis
1430 1448 1559 1517 vestrae,
1575 1445 1647 1506 sine
1660 1446 1773 1506 vestra

973 1545 1178 1606 conscientia
1206 1560 1302 1606 nemo
1335 1545 1516 1621 praesumat
1546 1543 1581 1603 in
1609 1542 1775 1620 judicium

971 1641 1106 1703 trahere
1130 1643 1188 1704 aut
1201 1642 1268 1701 vim
1289 1656 1404 1703 eorum
1423 1639 1522 1702 rebus
1545 1639 1682 1701 inferre.
1703 1640 1774 1699 Nec

515 1817 532 1829 Η
973 1740 1237 1801 coemeteriorum
1252 1755 1325 1817 quae
1348 1739 1453 1810 intra,
1475 1737 1529 1799 νο]
1555 1738 1649 1798 extra
1684 1735 1774 1797 circa

418 1818 449 1874 ¹¹
465 1832 534 1874 ”¹⁰¹¹
550 1818 627 1875 ¹²¹⁷·
973 1838 1140 1900 civitatem
1153 1839 1240 1910 sunt,
1256 1853 1371 1899 curam
1386 1837 1490 1909 vobis,
1505 1838 1563 1897 aut
1577 1835 1773 1913 potestatem

271 1931 390 1997 [uariant
403 1932 573 1989 Iuliasque,
587 1939 606 1982 ¹·
620 1934 639 1989 1,
652 1948 677 1997 ν·
690 1932 771 1998 ¹0⁹8l
973 1935 1169 1997 subtrahere
1183 1936 1339 2014 quaelibet
1353 1951 1495 2013 persona
1510 1934 1700 2011 praesumat,
1711 1948 1776 1993 nec

121 2040 267 2097 Honorem
279 2046 308 2096 et
319 2038 488 2111 dignitatem
503 2040 706 2112 epiunpaiem,
721 2039 870 2113 privilegia
886 2053 920 2096 ac
974 2034 1063 2094 ullus
1079 2050 1223 2112 unquam
1232 2036 1469 2111 cujuscumque
1484 2032 1657 2094 saecularis
1669 2031 1777 2107 digni·

154 2129 218 2200 jura
233 2128 392 2197 coutlrmat,
409 2127 595 2201 conceditque
614 2127 718 2196 eidem,
738 2136 769 2186 ut
788 2129 861 2185 inter
877 2142 921 2184 sn·
973 2132 1062 2203 tatis,
1080 2133 1138 2195 aut
1152 2133 1307 2210 potentiae
1329 2132 1428 2194 bomo
1443 2131 1540 2208 quasi
1561 2129 1624 2191 suh
1637 2129 1775 2191 obtentu

157 2233 205 2273 cil
222 2218 375 2275 mimium
390 2217 920 2291 ⁸⁰¹efflssi⁸l³¹¹i⁰1¹1bissir⁰00³³i0¹¹³
974 2229 1223 2306 hospitalitatis,
1248 2228 1299 2290 νο]
1324 2231 1518 2306 patronatus
1535 2227 1711 2289 occasione
1738 2226 1775 2286 in

157 2307 321 2364 Palmarum
336 2315 365 2364 et
375 2306 453 2364 leriae
467 2307 601 2365 secundae
611 2315 680 2409 ⁸post
694 2306 804 2407 Pascha
814 2320 920 2379 equum
974 2328 1031 2388 tuo
1047 2327 1227 2404 episcopio,
1244 2329 1302 2389 aut
1316 2328 1350 2389 jn
1373 2326 1525 2388 domibus
1549 2325 1773 2395 sacerdotum,
1866 2374 1873 2397 Ι

158 2395 358 2453 ³¹b¹¹¹¹¹¹¹d⁰⁰⁹
371 2405 538 2470 ⁰⁰⁰9⁰¹²¹¹¹¹¹
552 2404 663 2469 “lum
665 2411 681 2453 ⁰
694 2403 793 2469 ¹³⁰⁸⁸¹²·
975 2440 1034 2485 seu
1046 2424 1243 2487 clericorum
1257 2428 1389 2487 tuorum
1402 2425 1556 2495 sinatus,
1572 2426 1771 2500 tuorumque

165 2522 330 2583 Honorius
352 2522 526 2599 episcopus
547 2538 666 2585 servus
682 2522 793 2593 Dei...,
810 2521 872 2582 etc.
975 2538 1205 2585 successorum
1240 2522 1411 2585 voluntate
1435 2523 1557 2584 audeat
1580 2521 1771 2599 applicare,

162 2619 202 2681 nt
216 2617 288 2695 ipsa
310 2619 451 2696 Justitiae
465 2620 551 2680 ratio
566 2623 599 2681 et
615 2617 920 2695 apostolicaesedis
975 2621 1084 2681 necin
1098 2620 1198 2682 rebus
1212 2620 1387 2682 mobilibus
1402 2623 1435 2684 et
1449 2619 1683 2690 immobilibus,
1701 2618 1775 2680 sire

123 2716 273 2792 deposcit
295 2716 501 2793 benignitas,
529 2718 566 2778 ut
591 2716 685 2784 locis,
716 2716 749 2778 et
768 2715 920 2793 personis
975 2719 1126 2795 personis
1135 2721 1355 2796 cujucumque
1364 2717 1566 2780 conditionis
1576 2717 1618 2778 ad
1627 2718 1773 2777 vestram

122 2816 159 2874 B.
177 2816 285 2885 Petro,
301 2814 333 2875 οί
346 2816 378 2876 S.
397 2817 435 2876 R.
452 2817 488 2875 Ε.
505 2813 734 2891 spiritualibus
749 2814 922 2874 adhaeren-
974 2817 1149 2878 ecclesiam
1180 2816 1423 2893 pertinentibus
1455 2816 1676 2886 invasionem,
1716 2812 1776 2875 aut

123 2910 222 2982 tibus,
249 2914 283 2973 et
307 2912 341 2972 in
361 2914 433 2988 ejus
453 2911 642 2984 devotione,
670 2912 704 2974 et
731 2910 920 2973 obedientia
975 2914 1168 2976 violentiam
1199 2914 1294 2976 vobis
1323 2914 1439 2975 invitis
1467 2912 1540 2975 lieri
1571 2913 1644 2974 sine
1672 2910 1774 2988 legali

121 3009 385 3086 persistentibus,
403 3010 590 3087 patrocinii,
604 3011 637 3072 et
650 3009 831 3071 evectionis
840 3024 921 3074 nos·
976 3012 1104 3074 ratione
1117 3013 1337 3089 permittimus
1354 3013 1536 3089 :praeterea
1551 3024 1776 3090 quascumque

120 3110 181 3168 trae
195 3123 328 3168 manum
344 3107 579 3179 abundantius,
594 3107 628 3169 et
648 3107 844 3184 propensius
860 3121 921 3167 ex·
975 3110 1215 3187 possessiones,
1232 3125 1448 3186 quaecumque
1464 3109 1562 3181 bona,
1575 3125 1648 3186 quae
1658 3107 1776 3169 cadem

119 3205 260 3266 tendere
289 3204 482 3280 debeamus3
513 3204 613 3282 hujus
643 3205 755 3281 itaque
780 3203 921 3266 rationis
975 3208 1117 3269 ecclesia
1140 3208 1177 3269 in
1196 3207 1449 3285 praesentiarum
1465 3208 1555 3284 Juste
1569 3205 1776 3268 stennonice

120 3302 232 3363 debito
248 3304 400 3380 promoti,
420 3303 580 3365 bonorem
600 3305 633 3365 et
646 3304 841 3380 dignitatem
861 3309 920 3367 Pa·
976 3305 1135 3381 possidet,
1151 3304 1255 3367 autin
1269 3304 1416 3366 turturum
1435 3303 1648 3367 concessione
1659 3303 1774 3380 ponti-

122 3401 231 3476 piensi
242 3400 391 3462 ecclesiae
404 3401 561 3481 tanquam
573 3401 726 3478 propriae,
741 3402 773 3462 et
783 3403 921 3478 speciali
975 3404 1091 3473 licum,
1121 3402 1311 3478 -largitione
1340 3417 1472 3478 regum,
1499 3401 1553 3463 νο]
1575 3400 1773 3478 principum,

120 3498 319 3575 apostoncae
335 3498 430 3559 Sedis
445 3499 523 3560 tiliae
541 3499 696 3560 volumus
707 3515 919 3561 conservare.
976 3500 1143 3562 oblatione
1172 3499 1329 3572 lidelium,
1347 3516 1406 3562 sen
1437 3499 1514 3561 aliis
1538 3499 1639 3576 iustis
1669 3497 1776 3559 modis

124 1255 211 1317 cimo
249 1255 409 1333 septimo,
444 1256 656 1333 pontincatus
683 1270 762 1317 vero
792 1255 918 1317 domini

123 1353 263 1414 Honorii
279 1356 378 1430 Papae
392 1354 482 1416 tertii
497 1370 586 1417 anno
599 1353 718 1432 primo.

421 1541 623 1629 CCCXXII

173 1695 226 1755 Ad
237 1696 421 1756 Falconem
434 1696 629 1768 episcopum
643 1697 863 1770 papiensem.

121 3596 296 3668 Quocirca,
321 3611 433 3658 vener.
459 3596 494 3656 in
523 3597 654 3658 Christo
678 3596 791 3668 irater,
820 3597 921 3659 Falco
976 3600 1043 3659 Deo
1068 3597 1211 3675 propitio
1237 3598 1360 3674 poterit
1393 3596 1545 3673 adipisci,
1579 3596 1674 3656 tirma
1699 3593 1774 3663 tibi,
1863 3652 1866 3657 .

121 3694 287 3770 episcope,
302 3709 399 3770 quern
414 3694 545 3755 sincera
561 3695 596 3755 in
611 3695 741 3756 Christo
757 3695 921 3758 charitate
977 3697 1107 3773 tuisque
1137 3695 1406 3767 successoribus,
1429 3695 1463 3756 et
1487 3693 1614 3755 illibata
1643 3707 1777 3770 perma-

121 3790 301 3867 diligimuS,
335 3792 402 3852 tuis
422 3792 522 3869 justis
543 3792 819 3869 postulationibus
838 3809 921 3869 gra·
976 3794 1088 3866 neant,
1108 3793 1143 3855 in
1160 3792 1279 3874 quibus
1294 3792 1366 3855 haec
1386 3791 1531 3870 propriis
1549 3791 1706 3851 duximus
1720 3805 1779 3852 ex·

121 3890 191 3951 turn
223 3888 451 3966 impartientes
480 3906 653 3951 assensum
682 3891 724 3951 ad
751 3892 923 3968 exemplar
976 3889 1347 3969 primendavocabulis.

122 3988 402 4064 praedecessorum
418 3989 606 4049 nostrorum
625 3987 733 4050 felicis
752 3990 921 4051 memoriae
1016 3988 1254 4051 nonasterium
1278 3991 1310 4049 S.
1335 3986 1571 4049 bartholomaei
1594 3985 1630 4047 in
1653 3986 1774 4059 Strata,

121 4084 254 4156 calixti,
283 4085 478 4156 Innocentii,
504 4085 654 4161 Eugenii,
682 4087 861 4158 anastasii,
890 4088 924 4148 οί
977 4088 1215 4149 monasterium
1235 4089 1365 4148 Sanctae
1387 4084 1503 4146 Mariae
1528 4083 1609 4145 loris
1628 4086 1774 4161 portam3

122 4182 305 4243 innocentii
333 4186 556 4246 Romanorum
586 4183 799 4255 Pontificum,
831 4200 921 4261 prm·
976 4185 1215 4248 monasterium
1240 4184 1353 4247 Sancti
1376 4183 1603 4261 Appollinaris
1627 4199 1702 4243 cum
1723 4197 1777 4243 ca·

121 4280 244 4341 dictam
263 4281 460 4357 Papiensem
479 4281 667 4351 ecclesiam,
687 4281 740 4342 cui
756 4284 921 4344 Deoauc-
976 4283 1091 4359 pellis,
1132 4284 1167 4346 et
1200 4281 1369 4359 parochiis
1408 4282 1496 4352 suis,
1537 4280 1777 4342 monasterium

121 4380 194 4439 tore
209 4394 353 4455 praeesse
368 4378 605 4454 dignoscimus,
619 4380 792 4455 praesentis
807 4381 922 4457 scripti
977 4380 1091 4442 Sancti
1126 4379 1237 4451 Petri,
1274 4379 1361 4457 quod
1398 4377 1521 4440 dicitur
1555 4381 1776 4455 Leprosorum
1879 4436 1882 4441 .

121 4476 297 4554 privilegio
323 4477 575 4548 communimus,
602 4478 636 4539 et
662 4493 794 4538 omnem
816 4478 922 4555 ipsius
977 4494 1052 4539 cum
1076 4476 1226 4555 capellis,
1251 4478 1284 4538 et
1307 4476 1476 4554 parochiis
1502 4475 1584 4547 suis,
1608 4476 1777 4536 monaste-

121 4574 272 4636 ecclesiae
299 4574 494 4650 dignitatem
516 4591 576 4651 per
594 4574 784 4636 eorumdem
799 4578 923 4638 Roma·
976 4575 1063 4637 rium
1080 4574 1193 4637 Sancti
1208 4574 1355 4646 Martini,
1372 4590 1446 4635 cum
1461 4572 1609 4650 capellis,
1626 4572 1660 4634 et
1672 4586 1775 4648 paro-

121 4686 242 4735 norum
254 4672 451 4734 Pontificum
460 4673 646 4749 privilegia,
660 4673 713 4734 νο]
726 4673 921 4736 authentica
976 4673 1062 4735 chiis
1097 4672 1181 4745 suis,
1212 4673 1450 4733 monasterium
1478 4670 1592 4733 Sancti
1624 4667 1775 4731 Gervasii

121 4771 246 4846 scripta
268 4786 471 4842 concessam,
489 4786 550 4832 nos
568 4786 698 4848 quoque
713 4771 921 4833 auctoritatis
976 4787 1051 4833 cum
1077 4769 1216 4848 capellis
1243 4773 1277 4831 et
1301 4769 1469 4847 parochiis
1493 4768 1573 4838 suis,
1600 4766 1774 4827 monaste-

121 4871 246 4929 nostrae
272 4867 386 4929 favore
424 4868 641 4930 nihilominus
674 4869 918 4932 confirmamus.
975 4870 1062 4931 rium
1079 4868 1191 4930 Sancti
1212 4867 1307 4929 Pauli
1322 4870 1355 4928 et
1370 4865 1483 4929 Sancti
1503 4863 1774 4927 JacobidcTer-

121 4967 334 5027 Fraternitati
355 4966 517 5042 siquidem
537 4967 602 5028 tuae
623 4967 711 5029 inter
725 4982 821 5029 sacra
841 4967 923 5028 mis·
976 4966 1111 5035 nabula,
1138 4965 1376 5027 monasterium
1401 4965 1509 5034 retus,
1537 4961 1775 5023 monasterium

121 5080 234 5125 sarum
250 5063 412 5125 solemnia
429 5064 809 5140 palliouti,ettamtibi,
823 5081 922 5143 quam
976 5063 1141 5126 senatoris
1169 5079 1244 5125 cum
1272 5062 1409 5139 capellis
1434 5062 1467 5123 et
1491 5059 1660 5137 parochiis
1686 5058 1772 5128 snis,

120 5161 369 5224 successoribus
379 5162 445 5223 tuis
455 5162 488 5222 in
497 5163 710 5239 processione
717 5162 920 5235 Palmarum,
977 5162 1215 5224 monasterium
1235 5160 1348 5232 Leuni,
1364 5161 1396 5221 et
1408 5158 1645 5222 monasterium
1661 5157 1775 5219 Sancti

121 5262 153 5321 et
167 5260 260 5321 serias
276 5261 391 5337 llpost
405 5260 534 5321 Pascha
550 5276 671 5337 equum
686 5260 798 5322 album
814 5261 922 5322 udone
975 5261 1110 5322 Tlromae
1138 5275 1213 5320 cum
1247 5258 1403 5336 capellis,
1433 5258 1467 5319 et
1493 5255 1662 5333 parochiis
1690 5256 1773 5324 suis,

120 5359 311 5434 coopertum
326 5357 487 5435 equitare,
502 5374 631 5419 necnon
645 5360 678 5420 et
692 5374 823 5420 crucem
835 5359 923 5420 inter
976 5357 1213 5419 monasterium
1239 5356 1351 5417 Sancti
1376 5355 1496 5417 Felicis
1522 5370 1597 5415 cum
1623 5353 1773 5431 capellis,

120 5455 357 5515 ambulandum
378 5456 536 5533 praelerro
553 5456 776 5528 concedimus,
791 5456 832 5518 ob
849 5472 923 5517 ma·
976 5457 1009 5517 et
1032 5454 1200 5532 parochiis
1215 5454 1286 5515 suis
1304 5476 1312 5513 ι
1330 5453 1477 5532 ipsorum
1503 5468 1583 5515 vero
1606 5452 1775 5512 monaste-

115 5555 225 5630 jorem
261 5569 391 5631 quoque
429 5554 534 5631 ipsius
563 5553 736 5631 Papiensis
769 5555 921 5618 ecclesiae
976 5552 1118 5622 riorum,
1148 5568 1221 5629 quae
1246 5551 1333 5612 infra
1361 5552 1480 5613 vestrae
1509 5548 1663 5611 dioecesis
1690 5547 1773 5607 lines

119 5650 316 5729 dignitatem
344 5651 579 5715 confirmantes
606 5651 794 5725 statuimus,
830 5652 920 5715 utin
975 5651 1063 5721 sunt,
1087 5650 1248 5712 canonica
1274 5649 1449 5727 dispositio
1475 5649 1509 5711 et
1528 5646 1696 5716 abbatum,
1718 5642 1776 5723 qui
