3802 6166
61 363 126 427 145
523 359 925 424 33,-1111313333
948 360 1098 425 SANCTI
1119 362 1256 427 PETRI.

1656 372 1715 434 146

60 523 167 586 ettam
192 521 330 601 peccata
356 536 416 583 333
444 537 518 600 quae
551 522 643 599 prius
670 523 865 600 ignoranter
918 520 1008 586 euim
1033 522 1163 602 quando
1190 523 1262 587 haec
1290 523 1391 599 dixit,
1427 526 1602 590 trinomius
1628 532 1711 594 erat

62 620 290 691 commiserat,
318 635 556 696 recognoscere
576 620 724 698 incipiat,
750 623 863 684 diceus
919 620 1030 683 Primo
1044 620 1132 682 enim
1145 623 1281 683 vocatus
1294 620 1356 684 1311
1371 621 1496 697 Simon,
1512 626 1599 702 quod
1614 627 1715 689 inter·

62 734 140 779 cnm
173 717 374 794 Propheta:
401 720 627 793 ratiquctatem
655 735 770 783 meum
802 734 864 797 ego
918 720 1066 795 pretatur
1086 717 1254 781 obediens.
1272 719 1424 782 Secundo
1440 724 1611 797 DarJona,
1628 724 1715 788 idest

62 830 213 893 agnosco
234 816 267 877 et
285 818 445 877 delictum
462 832 579 878 mcum
597 817 718 880 contra
736 832 792 879 me
812 817 864 880 est
918 814 1007 877 iilius
1037 817 1212 889 columbae,
1245 817 1330 879 idest
1356 818 1564 882 humilitatis.
1602 821 1715 885 Tertio

64 926 206 988 sempe-r
221 912 290 992 (Ps.
307 914 357 984 50,
374 912 419 995 4).
918 914 1037 977 Petrus
1049 912 1105 992 qui
1119 914 1357 991 interpretatur
1379 916 1503 978 firmus.
1526 919 1640 981 Simon
1655 921 1713 982 in-

106 1010 202 1072 Unde
217 1010 387 1072 sciendum
404 1012 555 1089 estquod
573 1013 749 1090 autequam
765 1013 863 1076 home
916 1012 1117 1088 terpretatur
1131 1010 1300 1085 obediens,
1326 1014 1359 1075 et
1376 1013 1453 1090 quid
1467 1015 1511 1076 sit
1524 1015 1714 1080 obedientia

68 1108 240 1181 moriatur,
261 1124 370 1170 sermo
386 1109 518 1171 divinus
541 1112 593 1172 est
614 1127 688 1172 cum
704 1126 755 1183 eo,
781 1126 865 1187 quo-
918 1112 950 1171 et
964 1110 1079 1186 quanti
1092 1110 1201 1171 meriti
1216 1108 1269 1183 sit,
1288 1113 1405 1172 Petrus
1420 1113 1453 1173 et
1466 1113 1615 1176 Andreas
1630 1116 1715 1177 indi·

69 1204 155 1266 uiam
181 1206 215 1267 et
235 1222 256 1267 a
282 1222 435 1268 sermone
460 1207 572 1269 divino
597 1208 704 1284 potest
728 1208 860 1281 instrui,
918 1208 1004 1270 caut.
1025 1208 1188 1269 Continuo
1207 1210 1379 1285 postquam
1398 1212 1495 1271 lesus
1520 1210 1626 1274 dixit:
1648 1217 1715 1276 Vc-

70 1302 101 1365 et
118 1319 177 1380 per
203 1319 389 1366 sermonem
416 1304 566 1366 divinum
589 1307 674 1366 31103
699 1306 863 1368 instruere
917 1306 1078 1379 31133031
1098 1321 1165 1377 me,
1186 1305 1258 1368 sine
1273 1322 1377 1379 mora,
1400 1307 1526 1370 relictis
1540 1309 1666 1371 retibus
1681 1312 1715 1373 et

73 1401 185 1478 potest,
220 1400 305 1478 quod
342 1402 417 1479 post
448 1404 587 1464 mortem
620 1403 756 1466 minime
790 1404 863 1466 fleri
917 1403 995 1464 navi
1019 1403 1569 1483 33031133313333111310311333
1588 1408 1723 1486 recepit

78 1499 182 1574 potest.
210 1498 273 1560 1110
297 1501 348 1561 331
375 1515 454 1576 ergo
481 1501 539 1563 ille
564 1501 704 1578 angelus
730 1503 771 1563 de
799 1519 862 1579 quo
918 1499 1056 1560 mortem
1075 1499 1298 1577 incrncepro
1314 1500 1374 1572 313,
1391 1501 1486 1564 itaet
1506 1502 1570 1579 1331
1589 1505 1713 1580 praeis

80 1594 146 1656 dicit
167 1595 316 1657 Ecclesia
334 1598 442 1669 :Quia
464 1598 555 1661 misit
576 1599 734 1660 Dominus
759 1615 864 1675 ange·
917 1597 1114 1674 receperunt
1127 1597 1276 1659 eamdem
1292 1598 1443 1659 mortem.

83 1690 136 1751 lum
149 1709 255 1753 suum.
283 1693 346 1754 Sed
363 1696 449 1755 Deus
473 1696 573 1756 Pater
595 1696 750 1772 angelum
767 1713 862 1757 suum
959 1694 1052 1756 Unde
1066 1694 1163 1755 datur
1184 1695 1371 1772 exemplum
1386 1698 1432 1768 ut,
1455 1696 1629 1775 siquando
1645 1698 1713 1759 ali-

85 1789 166 1860 31311,
187 1806 253 1850 non
269 1790 459 1868 quemlibet,
482 1791 539 1853 sed
556 1809 663 1866 strum,
686 1793 781 1862 idest,
807 1794 864 1855 Fi·
917 1792 991 1871 quis
1007 1791 1164 1869 praelatus
1179 1792 1329 1870 praecipit
1343 1793 1473 1855 subdito
1486 1811 1546 1855 suo
1568 1794 1609 1856 de
1624 1797 1714 1857 omni

85 1884 148 1946 lium
160 1886 222 1948 sihi
238 1887 565 1961 consubstantialem,
582 1907 649 1952 non
660 1891 860 1968 adoptatum,
916 1886 1023 1962 gradu
1043 1888 1077 1947 et
1100 1886 1140 1947 de
1160 1887 1250 1948 omui
1263 1888 1391 1960 ordine,
1408 1889 1519 1951 statim
1536 1889 1609 1950 sine
1624 1888 1714 1951 omni

85 1984 109 2043 et
120 1983 266 2045 liberavit
279 2002 353 2046 euin
370 1985 410 2046 de
425 2003 524 2047 mann
538 1988 690 2049 Herodis.

114 2081 253 2142 Herodes
267 2080 420 2143 diabolus
435 2084 495 2145 est.
522 2084 679 2146 Diabolus
694 2085 776 2146 duas
791 2103 863 2147 ma-

83 2192 132 2237 nus
149 2178 257 2241 habet.
287 2181 368 2241 Duae
398 2198 515 2243 manus
537 2182 660 2244 diaboli
687 2186 764 2246 sunt
789 2184 862 2245 duae

80 2276 192 2351 species
207 2277 410 2354 iniquorum.
435 2280 578 2342 Dextera
598 2296 716 2342 manus
738 2282 864 2357 signiti-

79 2373 215 2446 catillus,
225 2375 282 2451 qui
293 2374 416 2437 habent
426 2378 620 2453 potestatem
631 2379 860 2455 temporalem3

76 2470 201 2533 sinistra
222 2472 375 2550 designat
398 2474 473 2535 illos
497 2475 552 2552 qui
577 2475 701 2538 habent
724 2476 861 2553 sapien-

72 2567 145 2629 tiam
163 2570 347 2642 carnalem,
379 2587 438 2648 per
459 2589 541 2649 quos
563 2573 681 2649 affligit
702 2574 861 2650 qarosdam

69 2664 108 2724 da
130 2666 286 2728 Ecclesia.
310 2667 416 2729 Aliter
436 2667 510 2729 duae
533 2685 650 2731 manus
674 2671 863 2747 significant

66 2762 147 2822 duas
162 2764 351 2839 potestates,
368 2781 450 2842 3333
469 2765 569 2829 habet
583 2766 745 2829 diabolus.
771 2772 862 2831 Dex-

63 2862 135 2920 tera
149 2860 315 2935 signitlcat
328 2862 520 2938 potestatem
534 2864 683 2926 tentandi
699 2866 860 2943 animam;

60 2957 200 3020 sinistra
225 2959 392 3034 significat
413 2962 607 3037 potestatem
627 2963 768 3024 nocendi
787 2980 863 3026 cor-

57 3054 213 3133 poribus.
231 3056 295 3117 Iste
310 3057 470 3132 Herodes,
487 3059 582 3132 idest,
599 3059 750 3122 diabolus
763 3063 863 3124 mittit

58 3168 184 3213 manus
205 3169 295 3222 suas,
321 3153 416 3227 idest,
443 3155 498 3216 dat
522 3172 657 3233 operam
680 3159 716 3219 ut
737 3159 863 3236 31111331

57 3249 222 3326 qarosdam
239 3249 279 3310 de
294 3250 453 3324 Ecclesia,
470 3253 547 3330 qula
561 3255 755 3330 potestatem
770 3272 863 3317 exer·

56 3348 128 3419 cet,
156 3349 192 3407 ut
215 3347 361 3422 flagellet
387 3348 516 3426 aliquos
539 3350 579 3413 de
604 3353 861 3429 congregatione

56 3444 223 3505 fidelium.
260 3444 425 3516 Quosdam
456 3447 574 3523 31111311
604 3451 713 3510 mente
742 3467 863 3528 sugge-

54 3541 166 3603 rendo
192 3542 240 3602 eis
263 3558 413 3619 peccare,
439 3545 600 3621 quosdam
622 3562 701 3607 sero
724 3562 862 3624 corpore

56 3637 219 3699 iaciendo
242 3655 299 3700 eos
321 3642 470 3716 graviter
490 3641 655 3715 laborare,
681 3643 767 3706 sicut
785 3645 862 3706 lecit

55 3735 124 3799 Job
149 3737 182 3797 et
205 3736 326 3798 mullos
348 3737 443 3798 alios.
466 3740 506 3800 Et
529 3738 604 3800 ideo
622 3739 706 3801 bene
728 3740 860 3814 dicitur,

54 3834 140 3911 quia
157 3832 248 3895 misit
268 3835 427 3896 Dominus
446 3836 601 3912 angelum
616 3854 712 3898 suum
728 3839 760 3900 et
779 3839 864 3901 libe-

55 3931 151 3993 rarit
166 3932 300 3992 Petrum
322 3931 362 3993 de
380 3949 479 3993 manu
494 3935 646 4007 Herodis,
669 3936 703 3998 et
717 3937 757 3997 de
772 3937 862 3998 omni

55 4029 295 4105 expectatione
308 4028 625 4105 plebisJudaeorum.
641 4032 753 4094 Plebis
768 4034 859 4107 dicit,

55 4142 127 4187 non
151 4126 280 4201 populi,
310 4142 377 4186 non
403 4128 608 4202 senatorum,
636 4145 704 4195 uon
731 4132 860 4207 princi-

56 4240 152 4301 pum.
173 4222 263 4283 Unde
277 4222 433 4284 Salomon
451 4246 458 4282 ε
473 4229 682 4299 lepusculus
691 4232 786 4300 plebs
807 4232 863 4290 iu-

55 4323 177 4381 valido
193 4318 305 4397 (Pron.
319 4336 401 4392 xxx,
415 4321 481 4402 26),
506 4323 643 4395 scilicet,
657 4324 859 4386 ludaeorum.

917 1983 1131 2046 excusatione
1155 2001 1229 2046 cum
1255 1985 1441 2061 gratiarum
1465 1987 1595 2048 actione
1618 2002 1716 2048 man-

917 2081 1028 2143 datum
1044 2080 1241 2144 obedientiae
1257 2082 1527 2160 debetrecipere,
1546 2084 1625 2161 quia
1641 2100 1715 2145 me-

916 2179 981 2240 lius
1005 2180 1056 2242 est
1079 2179 1213 2241 obedire
1235 2197 1333 2257 quam
1358 2180 1559 2253 sacrificare,
1576 2183 1608 2243 et
1629 2182 1714 2243 obe·
1841 2176 1846 2181 ’

917 2277 1042 2338 dientia
1057 2276 1153 2339 debet
1172 2294 1244 2339 esse
1262 2278 1334 2338 sine
1348 2294 1452 2339 mora.
1467 2277 1598 2339 Primus
1613 2279 1713 2341 homo

917 2374 1110 2436 inobediens
1138 2376 1254 2448 exivit,
1279 2374 1444 2436 secundus
1473 2376 1630 2438 obediens
1654 2393 1714 2439 33-

916 2489 1068 2549 gressum
1083 2473 1221 2550 accepit.

956 2574 1022 2632 Bar
1044 2573 1129 2633 Jona
1157 2570 1395 2646 interpretatur
1420 2571 1509 2632 111133
1539 2571 1712 2634 columbae.

916 2671 983 2729 Bar
995 2670 1080 2731 Jona
1095 2683 1216 2733 nomeu
1235 2668 1404 2730 bebraeum
1424 2670 1475 2730 est
1496 2671 1714 2747 compositum
1798 2704 1801 2709 ·

917 2781 959 2826 ex
977 2765 1109 2841 integro
1124 2766 1157 2827 31
1169 2765 1336 2841 00333310.
1353 2767 1402 2825 Ex
1416 2765 1546 2841 integro
1563 2766 1649 2843 quod
1664 2767 1716 2829 est

916 2866 993 2934 Bar,
1008 2861 1093 2923 idest
1108 2862 1211 2937 fllium
1228 2877 1271 2923 ex
1283 2864 1438 2938 corrupto
1458 2862 1543 2939 quod
1564 2864 1615 2925 est
1628 2866 1714 2926 Jona

916 2976 976 3037 pro
994 2963 1138 3032 Joanne,
1164 2959 1249 3022 idest
1272 2959 1361 3020 filius
1375 2961 1525 3021 loannis.
1550 2964 1616 3022 Bar
1629 2964 1715 3024 Jona

917 3058 1002 3119 idest
1021 3057 1110 3118 tilius
1134 3057 1305 3118 columbae.
1321 3057 1476 3118 Columba
1499 3059 1549 3118 331
1571 3057 1714 3135 Spiritus

918 3156 1058 3215 Sanctus
1077 3154 1134 3231 qui
1160 3154 1251 3215 venit
1273 3169 1373 3230 super
1392 3154 1559 3215 Christum
1581 3154 1716 3217 13103-

916 3251 1002 3312 dane
1018 3251 1165 3311 flumine.
1186 3253 1309 3312 Beatus
1333 3252 1452 3312 Petrus
1467 3251 1529 3312 1311
1548 3250 1637 3312 111133
1657 3266 1716 3312 co-

917 3348 1048 3419 lumbae,
1063 3348 1140 3425 qnia
1157 3347 1301 3424 Spiritus
1324 3348 1463 3409 Sanctus
1484 3348 1623 3409 nutrivit
1639 3348 1716 3408 ani·
1769 3362 1775 3373 ’

917 3460 1003 3503 mam
1029 3446 1111 3519 ejus,
1136 3443 1222 3504 sicut
1247 3444 1347 3504 Pater
1368 3443 1473 3503 nutrit
1496 3442 1628 3503 Piliam.
1653 3441 1714 3504 Vel

917 3540 1038 3601 dicitur
1052 3540 1141 3600 111133
1165 3538 1325 3600 columbae
1346 3555 1406 3616 pro
1428 3539 1530 3601 multa
1552 3539 1715 3616 simplici-

916 3638 995 3709 tate,
1011 3635 1273 3708 mansuetudiue,
1291 3637 1324 3697 at
1336 3652 1395 3713 pro
1407 3636 1511 3697 multa
1523 3636 1712 3708 dilectione,

917 3750 990 3811 quae
1003 3735 1039 3795 in
1053 3734 1150 3796 beato
1168 3735 1267 3794 Petro
1281 3732 1354 3796 1311.

956 3835 1022 3893 Bar
1040 3834 1136 3903 lona,
1152 3830 1238 3893 idest
1260 3830 1347 3891 111133
1362 3831 1512 3903 loannis,
1537 3830 1593 3908 qui
1609 3831 1715 3893 inter-

917 3930 1065 4006 pretatur
1076 3929 1185 4006 gratia
1201 3928 1272 3999 Dei,
1300 3931 1333 3990 et
1347 3930 1418 4005 ipse
1433 3928 1550 3990 habuit
1570 3928 1713 4005 gratiam

916 4027 975 4088 Dei
991 4044 1091 4105 super
1103 4043 1217 4088 omnes
1233 4026 1328 4098 31103,
1345 4027 1422 4103 quia
1437 4026 1527 4087 dedit
1541 4027 1572 4087 ei
1589 4025 1716 4102 princi-

917 4127 1029 4201 patum
1059 4126 1092 4186 et
1118 4125 1245 4186 clavem
1275 4125 1369 4201 regni
1394 4124 1564 4185 coelorum.
1593 4126 1713 4185 Petrus

917 4222 1023 4284 dictus
1044 4223 1095 4283 est
1116 4238 1136 4282 a
1158 4222 1262 4298 petra,
1285 4222 1364 4298 quia
1379 4223 1446 4282 1333
1461 4221 1715 4282 considerantur

916 4318 1135 4397 proprietates
1150 4318 1185 4378 in
1200 4334 1251 4390 33,
1266 4333 1326 4395 333
1344 4334 1426 4395 quas
1445 4317 1549 4379 bonos
1563 4317 1716 4394 designat

54 4416 198 4480 Judaeus
215 4418 451 4499 interpretatur
475 4421 645 4492 conulem,
672 4423 705 4483 31
725 4423 863 4484 baecest
918 4415 1163 4492 significatione
1191 4414 1377 4476 manifesta.
1412 4416 1469 4476 Est
1498 4416 1587 4476 enim
1620 4416 1714 4492 petra

55 4514 150 4575 mala
165 4514 330 4576 confessio
346 4532 419 4592 qnae
440 4533 551 4592 regem
572 4518 736 4579 Herodem
757 4520 863 4581 contl-
916 4514 1034 4585 solida,
1053 4528 1184 4590 aspera,
1202 4514 1235 4575 et
1247 4512 1388 4574 aeditlcio
1403 4514 1491 4589 apta.
1510 4512 1591 4583 Quia
1607 4512 1713 4573 solida

56 4612 160 4672 tetur.
187 4612 227 4674 Et
254 4612 294 4677 de
320 4612 384 4675 hac
410 4613 619 4677 confessione
644 4614 784 4678 liberata
812 4618 863 4679 331
917 4612 977 4679 est,
993 4627 1050 4672 eos
1061 4611 1215 4686 designat
1226 4610 1281 4687 qui
1292 4610 1383 4672 vitiis
1396 4625 1462 4671 non
1478 4608 1607 4670 cedunt.
1630 4608 1713 4679 Quia

56 4709 221 4770 Ecclesia.
916 4724 1036 4786 aspera
1058 4710 1118 4780 est,
1145 4723 1202 4770 eos
1218 4708 1370 4783 designat
1384 4706 1440 4783 qui
1454 4721 1572 4780 aspere
1584 4704 1710 4765 vivunt.

99 4810 181 4867 liaec
196 4808 306 4869 autem
326 4810 513 4885 expectatio
532 4811 676 4871 maxime
699 4811 734 4872 in
753 4811 861 4873 tribus
917 4806 1001 4878 Quia
1014 4806 1155 4867 aeditlcio
1171 4806 1248 4882 apta
1263 4806 1324 4875 est,
1339 4819 1396 4864 eos
1411 4802 1564 4877 designat
1578 4803 1634 4879 qui
1649 4801 1715 4863 vir·

57 4901 240 4962 consistit:
262 4902 297 4962 in
321 4903 455 4964 vinculo
477 4905 600 4975 carnis,
626 4905 660 4965 in
683 4907 861 4982 concupis·
916 4902 1039 4965 tutibus
1061 4903 1248 4979 proliciunt.
1268 4901 1386 4963 Petrus
1408 4901 1516 4960 autem
1532 4899 1623 4960 vitiis
1646 4915 1713 4961 nou

57 4994 171 5057 centia
191 4995 375 5068 oculorum,
400 4996 436 5057 in
455 4988 610 5074 superbia
631 4999 720 5060 ritae.
744 5001 861 5061 Carnis
916 5000 1027 5073 cessit,
1044 5015 1161 5076 aspere
1175 4999 1271 5069 vixit,
1288 4996 1466 5059 virtutibus
1481 4997 1629 5073 proiecit.
1654 4996 1716 5057 Vi-

55 5092 230 5153 sinculum
260 5092 360 5168 ligat,
393 5095 661 5171 concupiscentia
689 5097 860 5158 oculorum
915 5099 971 5161 tiis
985 5114 1051 5159 non
1067 5098 1167 5159 cessit
1181 5112 1241 5174 per
1262 5094 1515 5156 delectationem
1538 5094 1715 5171 concupis-

56 5189 266 5266 coinquinal,
282 5191 437 5266 superbia
454 5192 532 5253 ritae
547 5192 695 5254 devorat.
713 5194 860 5256 Ecclesia
916 5197 1049 5271 centiae;
1074 5210 1191 5273 aspere
1215 5194 1300 5256 uixit
1321 5207 1380 5270 per
1401 5191 1596 5267 religionem
1616 5208 1715 5252 mun-

57 5303 140 5363 3330
152 5286 192 5346 de
205 5302 265 5346 sua
278 5286 475 5349 liberatione
485 5289 638 5351 exultans
649 5290 730 5352 dicit
742 5312 748 5350 :
760 5295 862 5354 111310
916 5294 1022 5367 ditiae3
1046 5291 1223 5354 uirtutibus
1239 5289 1378 5368 proiecit
1399 5305 1458 5367 per
1474 5288 1713 5350 exhibitionem

57 5383 860 5461 3310133331ιί31313111101313333333133133313
911 5391 1062 5468 justitiae.
1087 5393 1125 5451 Et
1146 5390 1219 5451 ideo
1243 5388 1431 5449 benedixit
1454 5387 1642 5448 Dominus:
1665 5389 1714 5448 111

58 5484 93 5543 31
107 5481 265 5543 liberarit
279 5496 341 5540 me.
363 5483 475 5543 Potest
489 5483 589 5545 etiam
615 5500 680 5545 vox
698 5484 762 5545 ista
784 5502 862 5563 spe·
915 5505 952 5551 es
963 5490 1094 5550 Petram
1110 5488 1144 5549 31
1159 5502 1267 5562 suaper
1279 5490 1368 5549 banc
1384 5486 1525 5559 petram
1541 5485 1713 5556 (edificabo

59 5579 158 5641 cialis
173 5594 246 5641 esse
268 5580 574 5656 contemplantium,
599 5597 664 5642 non
685 5583 861 5659 cujuslibet
915 5589 1102 5649 Ecclesium
1112 5600 1238 5652 013301,
1254 5584 1287 5646 01
1299 5583 1412 5660 poree
1426 5584 1532 5657 insert
1544 5594 1714 5654 3033310-

60 5677 118 5739 sed
144 5676 201 5755 qui
225 5676 402 5739 trinomius
426 5679 492 5751 est,
521 5680 557 5741 ut
578 5681 708 5743 Petrus.
741 5682 860 5744 Petrus
916 5683 1072 5749 calebunt
1097 5686 1267 5745 adsersus
1290 5694 1368 5744 eom
1391 5677 1524 5760 (Matth.
1547 5691 1617 5749 xrs,
1645 5672 1710 5757 18).
