<?xml version="1.0" encoding="UTF-8"?>
<!DOCTYPE html PUBLIC "-//W3C//DTD XHTML 1.0 Transitional//EN"
    "http://www.w3.org/TR/xhtml1/DTD/xhtml1-transitional.dtd">
<html xmlns="http://www.w3.org/1999/xhtml" xml:lang="en" lang="en">
 <head>
  <title>
</title>
<meta http-equiv="Content-Type" content="text/html;charset=utf-8" />
  <meta name='ocr-system' content='tesseract 3.04.00' />
  <meta name='ocr-capabilities' content='ocr_page ocr_carea ocr_par ocr_line ocrx_word'/>
</head>
<body>
  <div class='ocr_page' id='page_1' title='image "./mediiaevibiblio02horogoog_0490.png"; bbox 0 0 3802 6166; ppageno 0'>
   <div class='ocr_carea' id='block_1_1' title="bbox 745 288 1143 349">
    <p class='ocr_par' dir='ltr' id='par_1_1' title="bbox 745 288 1143 349">
     <span class='ocr_line' id='line_1_1' title="bbox 745 288 1143 349; baseline 0 -2"><span class='ocrx_word' id='word_1_1' title='bbox 745 288 976 349; x_wconf 78' lang='lat' dir='ltr'><strong>EPISTOLAE.</strong></span> <span class='ocrx_word' id='word_1_2' title='bbox 999 288 1078 349; x_wconf 87' lang='lat' dir='ltr'><strong>LIB.</strong></span> <span class='ocrx_word' id='word_1_3' title='bbox 1103 289 1143 349; x_wconf 92' lang='lat'><strong>11.</strong></span> 
     </span>
    </p>
   </div>
   <div class='ocr_carea' id='block_1_2' title="bbox 457 471 584 561">
    <p class='ocr_par' dir='ltr' id='par_1_2' title="bbox 457 471 584 561">
     <span class='ocr_line' id='line_1_2' title="bbox 457 471 584 561; baseline 0.008 -2"><span class='ocrx_word' id='word_1_4' title='bbox 457 471 584 561; x_wconf 88' lang='lat' dir='ltr'>XXIX</span> 
     </span>
    </p>
   </div>
   <div class='ocr_carea' id='block_1_3' title="bbox 146 625 888 701">
    <p class='ocr_par' dir='ltr' id='par_1_3' title="bbox 146 625 888 701">
     <span class='ocr_line' id='line_1_3' title="bbox 146 625 888 701; baseline -0.004 -12"><span class='ocrx_word' id='word_1_5' title='bbox 146 630 199 689; x_wconf 82' lang='lat' dir='ltr'><strong>Ad</strong></span> <span class='ocrx_word' id='word_1_6' title='bbox 210 629 378 688; x_wconf 83' lang='lat' dir='ltr'><strong>acconam</strong></span> <span class='ocrx_word' id='word_1_7' title='bbox 392 626 426 688; x_wconf 85' lang='lat' dir='ltr'><strong>et</strong></span> <span class='ocrx_word' id='word_1_8' title='bbox 439 625 628 701; x_wconf 81' lang='lat' dir='ltr'><strong>capitutum</strong></span> <span class='ocrx_word' id='word_1_9' title='bbox 639 627 888 688; x_wconf 69' lang='lat' dir='ltr'><strong>Pentelensem.</strong></span> 
     </span>
    </p>
   </div>
   <div class='ocr_carea' id='block_1_4' title="bbox 123 758 907 949">
    <p class='ocr_par' dir='ltr' id='par_1_4' title="bbox 123 758 907 949">
     <span class='ocr_line' id='line_1_4' title="bbox 410 758 625 832; baseline -0.009 -15"><span class='ocrx_word' id='word_1_10' title='bbox 410 758 444 817; x_wconf 89' lang='grc'><strong>16</strong></span> <span class='ocrx_word' id='word_1_11' title='bbox 458 765 531 832; x_wconf 86' lang='lat' dir='ltr'><strong>sept.</strong></span> <span class='ocrx_word' id='word_1_12' title='bbox 547 759 625 816; x_wconf 78' lang='grc'>1217.</span> 
     </span>
     <span class='ocr_line' id='line_1_5' title="bbox 123 881 907 949; baseline -0.008 -12"><span class='ocrx_word' id='word_1_13' title='bbox 123 884 258 949; x_wconf 67' lang='lat' dir='ltr'><strong>[Gnarum.</strong></span> <span class='ocrx_word' id='word_1_14' title='bbox 272 884 338 936; x_wconf 85' lang='lat' dir='ltr'><strong>Cart.</strong></span> <span class='ocrx_word' id='word_1_15' title='bbox 350 884 381 934; x_wconf 92' lang='lat' dir='ltr'><strong>de</strong></span> <span class='ocrx_word' id='word_1_16' title='bbox 392 884 486 947; x_wconf 76' lang='lat' dir='ltr'><strong>l&#39;dgliae</strong></span> <span class='ocrx_word' id='word_1_17' title='bbox 495 884 664 934; x_wconf 82' lang='lat' dir='ltr'><strong>lintre-bama</strong></span> <span class='ocrx_word' id='word_1_18' title='bbox 673 882 704 933; x_wconf 88' lang='lat' dir='ltr'><strong>de</strong></span> <span class='ocrx_word' id='word_1_19' title='bbox 714 881 795 941; x_wconf 79' lang='lat' dir='ltr'><strong>Paris,</strong></span> <span class='ocrx_word' id='word_1_20' title='bbox 809 881 907 945; x_wconf 73' lang='grc'>1000]</span> 
     </span>
    </p>
   </div>
   <div class='ocr_carea' id='block_1_5' title="bbox 118 997 920 1427">
    <p class='ocr_par' dir='ltr' id='par_1_5' title="bbox 118 997 920 1427">
     <span class='ocr_line' id='line_1_6' title="bbox 118 997 919 1073; baseline -0.006 -14"><span class='ocrx_word' id='word_1_21' title='bbox 118 1002 169 1060; x_wconf 86' lang='lat' dir='ltr'><strong>Eis</strong></span> <span class='ocrx_word' id='word_1_22' title='bbox 194 999 324 1073; x_wconf 74' lang='lat' dir='ltr'>indulget</span> <span class='ocrx_word' id='word_1_23' title='bbox 349 1007 380 1058; x_wconf 86' lang='lat' dir='ltr'><strong>ut</strong></span> <span class='ocrx_word' id='word_1_24' title='bbox 405 1000 435 1057; x_wconf 92' lang='lat' dir='ltr'><strong>ln</strong></span> <span class='ocrx_word' id='word_1_25' title='bbox 460 1000 549 1057; x_wconf 89' lang='lat' dir='ltr'><strong>laicos</strong></span> <span class='ocrx_word' id='word_1_26' title='bbox 575 1014 661 1072; x_wconf 88' lang='lat' dir='ltr'><strong>super</strong></span> <span class='ocrx_word' id='word_1_27' title='bbox 688 997 919 1073; x_wconf 77' lang='lat' dir='ltr'>possessionibus</span> 
     </span>
     <span class='ocr_line' id='line_1_7' title="bbox 156 1088 917 1148; baseline -0.004 0"><span class='ocrx_word' id='word_1_28' title='bbox 156 1091 285 1148; x_wconf 75' lang='lat' dir='ltr'><strong>ecclesie</strong></span> <span class='ocrx_word' id='word_1_29' title='bbox 297 1089 380 1147; x_wconf 90' lang='lat' dir='ltr'><strong>bonis</strong></span> <span class='ocrx_word' id='word_1_30' title='bbox 388 1097 466 1147; x_wconf 82' lang='lat' dir='ltr'><strong>extra</strong></span> <span class='ocrx_word' id='word_1_31' title='bbox 476 1091 666 1148; x_wconf 88' lang='lat' dir='ltr'><strong>Parisiensem</strong></span> <span class='ocrx_word' id='word_1_32' title='bbox 678 1088 825 1147; x_wconf 87' lang='lat' dir='ltr'><strong>dioecesim</strong></span> <span class='ocrx_word' id='word_1_33' title='bbox 835 1102 917 1145; x_wconf 89' lang='lat' dir='ltr'><strong>cons·</strong></span> 
     </span>
     <span class='ocr_line' id='line_1_8' title="bbox 156 1176 920 1252; baseline -0.007 -14"><span class='ocrx_word' id='word_1_34' title='bbox 156 1180 247 1238; x_wconf 86' lang='lat' dir='ltr'><strong>titulis</strong></span> <span class='ocrx_word' id='word_1_35' title='bbox 263 1179 395 1252; x_wconf 84' lang='lat' dir='ltr'><strong>injuriam</strong></span> <span class='ocrx_word' id='word_1_36' title='bbox 411 1176 575 1247; x_wconf 82' lang='lat' dir='ltr'><strong>inserentes,</strong></span> <span class='ocrx_word' id='word_1_37' title='bbox 587 1179 717 1235; x_wconf 81' lang='lat' dir='ltr'><strong>nieorum</strong></span> <span class='ocrx_word' id='word_1_38' title='bbox 732 1177 857 1251; x_wconf 80' lang='lat' dir='ltr'><strong>episcopi</strong></span> <span class='ocrx_word' id='word_1_39' title='bbox 870 1192 920 1234; x_wconf 88' lang='lat' dir='ltr'><strong>eos</strong></span> 
     </span>
     <span class='ocr_line' id='line_1_9' title="bbox 158 1266 917 1340; baseline -0.003 -14"><span class='ocrx_word' id='word_1_40' title='bbox 158 1268 193 1327; x_wconf 87' lang='lat' dir='ltr'><strong>ad</strong></span> <span class='ocrx_word' id='word_1_41' title='bbox 219 1267 409 1325; x_wconf 86' lang='lat' dir='ltr'><strong>exhibendam</strong></span> <span class='ocrx_word' id='word_1_42' title='bbox 437 1266 660 1326; x_wconf 76' lang='lat' dir='ltr'>satisfactionem</span> <span class='ocrx_word' id='word_1_43' title='bbox 678 1281 784 1340; x_wconf 87' lang='lat' dir='ltr'><strong>cogere</strong></span> <span class='ocrx_word' id='word_1_44' title='bbox 802 1281 917 1324; x_wconf 88' lang='lat' dir='ltr'><strong>recusa·</strong></span> 
     </span>
     <span class='ocr_line' id='line_1_10' title="bbox 158 1357 846 1427; baseline -0.004 -12"><span class='ocrx_word' id='word_1_45' title='bbox 158 1358 260 1427; x_wconf 84' lang='lat' dir='ltr'><strong>verint,</strong></span> <span class='ocrx_word' id='word_1_46' title='bbox 278 1371 430 1415; x_wconf 78' lang='lat' dir='ltr'><strong>censuram</strong></span> <span class='ocrx_word' id='word_1_47' title='bbox 444 1357 670 1415; x_wconf 87' lang='lat' dir='ltr'><strong>ecclesiasticam</strong></span> <span class='ocrx_word' id='word_1_48' title='bbox 684 1362 846 1415; x_wconf 78' lang='lat' dir='ltr'>exerceant.</span> 
     </span>
    </p>
   </div>
   <div class='ocr_carea' id='block_1_6' title="bbox 120 1483 924 3799">
    <p class='ocr_par' dir='ltr' id='par_1_6' title="bbox 121 1483 919 1756">
     <span class='ocr_line' id='line_1_11' title="bbox 163 1483 918 1561; baseline -0.004 -15"><span class='ocrx_word' id='word_1_49' title='bbox 163 1483 835 1561; x_wconf 84' lang='lat' dir='ltr'><strong>Honoriusepiscopus,serrusservorum</strong></span> <span class='ocrx_word' id='word_1_50' title='bbox 847 1484 918 1556; x_wconf 89' lang='lat' dir='ltr'><strong>Dei,</strong></span> 
     </span>
     <span class='ocr_line' id='line_1_12' title="bbox 121 1579 919 1659; baseline -0.005 -15"><span class='ocrx_word' id='word_1_51' title='bbox 121 1583 253 1644; x_wconf 90' lang='lat' dir='ltr'><strong>dilectis</strong></span> <span class='ocrx_word' id='word_1_52' title='bbox 278 1581 356 1643; x_wconf 88' lang='lat' dir='ltr'><strong>liliis</strong></span> <span class='ocrx_word' id='word_1_53' title='bbox 375 1581 500 1643; x_wconf 88' lang='lat' dir='ltr'><strong>decano</strong></span> <span class='ocrx_word' id='word_1_54' title='bbox 519 1585 553 1643; x_wconf 92' lang='lat' dir='ltr'><strong>et</strong></span> <span class='ocrx_word' id='word_1_55' title='bbox 573 1581 718 1659; x_wconf 90' lang='lat' dir='ltr'><strong>capitulo</strong></span> <span class='ocrx_word' id='word_1_56' title='bbox 737 1579 919 1642; x_wconf 76' lang='lat' dir='ltr'><strong>parisiensi</strong></span> 
     </span>
     <span class='ocr_line' id='line_1_13' title="bbox 123 1678 826 1756; baseline -0.003 -14"><span class='ocrx_word' id='word_1_57' title='bbox 123 1681 265 1742; x_wconf 86' lang='lat' dir='ltr'><strong>salutem</strong></span> <span class='ocrx_word' id='word_1_58' title='bbox 280 1681 313 1741; x_wconf 91' lang='grc'><strong>01</strong></span> <span class='ocrx_word' id='word_1_59' title='bbox 323 1680 539 1756; x_wconf 91' lang='lat' dir='ltr'><strong>apostolicam</strong></span> <span class='ocrx_word' id='word_1_60' title='bbox 550 1678 826 1741; x_wconf 80' lang='lat' dir='ltr'><strong>benedictionem.</strong></span> 
     </span>
    </p>

    <p class='ocr_par' dir='ltr' id='par_1_7' title="bbox 120 1777 923 3615">
     <span class='ocr_line' id='line_1_14' title="bbox 163 1777 920 1855; baseline 0.001 -17"><span class='ocrx_word' id='word_1_61' title='bbox 163 1781 269 1850; x_wconf 88' lang='lat' dir='ltr'><strong>Quum</strong></span> <span class='ocrx_word' id='word_1_62' title='bbox 285 1778 388 1853; x_wconf 81' lang='lat' dir='ltr'><strong>igilur</strong></span> <span class='ocrx_word' id='word_1_63' title='bbox 403 1793 446 1839; x_wconf 80' lang='lat' dir='ltr'><strong>ex</strong></span> <span class='ocrx_word' id='word_1_64' title='bbox 460 1779 553 1855; x_wconf 89' lang='lat' dir='ltr'><strong>parte</strong></span> <span class='ocrx_word' id='word_1_65' title='bbox 565 1779 677 1840; x_wconf 82' lang='lat' dir='ltr'><strong>vestra</strong></span> <span class='ocrx_word' id='word_1_66' title='bbox 702 1777 797 1839; x_wconf 91' lang='lat' dir='ltr'><strong>nobis</strong></span> <span class='ocrx_word' id='word_1_67' title='bbox 820 1777 920 1839; x_wconf 82' lang='lat' dir='ltr'><strong>luerit</strong></span> 
     </span>
     <span class='ocr_line' id='line_1_15' title="bbox 123 1874 919 1953; baseline -0.003 -16"><span class='ocrx_word' id='word_1_68' title='bbox 123 1876 296 1937; x_wconf 87' lang='lat' dir='ltr'><strong>humiliter</strong></span> <span class='ocrx_word' id='word_1_69' title='bbox 324 1875 555 1952; x_wconf 83' lang='lat' dir='ltr'><strong>supplicatum,</strong></span> <span class='ocrx_word' id='word_1_70' title='bbox 582 1876 618 1937; x_wconf 93' lang='lat' dir='ltr'><strong>ut</strong></span> <span class='ocrx_word' id='word_1_71' title='bbox 643 1890 742 1953; x_wconf 89' lang='lat' dir='ltr'><strong>super</strong></span> <span class='ocrx_word' id='word_1_72' title='bbox 769 1891 809 1937; x_wconf 92' lang='lat' dir='ltr'><strong>eo</strong></span> <span class='ocrx_word' id='word_1_73' title='bbox 834 1874 919 1952; x_wconf 85' lang='lat' dir='ltr'><strong>quod</strong></span> 
     </span>
     <span class='ocr_line' id='line_1_16' title="bbox 122 1972 920 2051; baseline 0.001 -18"><span class='ocrx_word' id='word_1_74' title='bbox 122 1990 224 2051; x_wconf 87' lang='lat' dir='ltr'><strong>super</strong></span> <span class='ocrx_word' id='word_1_75' title='bbox 237 1973 500 2050; x_wconf 85' lang='lat' dir='ltr'><strong>possessionibus</strong></span> <span class='ocrx_word' id='word_1_76' title='bbox 511 1973 629 2035; x_wconf 88' lang='grc'>0101113</span> <span class='ocrx_word' id='word_1_77' title='bbox 640 1972 790 2035; x_wconf 87' lang='lat' dir='ltr'><strong>ecclesiae</strong></span> <span class='ocrx_word' id='word_1_78' title='bbox 800 1974 920 2035; x_wconf 82' lang='lat' dir='ltr'><strong>restrae</strong></span> 
     </span>
     <span class='ocr_line' id='line_1_17' title="bbox 121 2071 922 2133; baseline 0 -2"><span class='ocrx_word' id='word_1_79' title='bbox 121 2072 219 2132; x_wconf 91' lang='lat' dir='ltr'><strong>honis</strong></span> <span class='ocrx_word' id='word_1_80' title='bbox 234 2072 329 2132; x_wconf 80' lang='lat' dir='ltr'><strong>extre</strong></span> <span class='ocrx_word' id='word_1_81' title='bbox 345 2071 746 2132; x_wconf 88' lang='lat' dir='ltr'><strong>Parisiensemdioecesim</strong></span> <span class='ocrx_word' id='word_1_82' title='bbox 757 2071 922 2133; x_wconf 88' lang='grc'>00031110-</span> 
     </span>
     <span class='ocr_line' id='line_1_18' title="bbox 120 2168 922 2246; baseline -0.004 -15"><span class='ocrx_word' id='word_1_83' title='bbox 120 2171 165 2231; x_wconf 85' lang='lat' dir='ltr'><strong>tis</strong></span> <span class='ocrx_word' id='word_1_84' title='bbox 181 2168 470 2246; x_wconf 85' lang='lat' dir='ltr'><strong>l&#39;requeutesrobis</strong></span> <span class='ocrx_word' id='word_1_85' title='bbox 481 2168 613 2246; x_wconf 83' lang='lat' dir='ltr'><strong>injuriae</strong></span> <span class='ocrx_word' id='word_1_86' title='bbox 624 2168 822 2239; x_wconf 84' lang='lat' dir='ltr'><strong>inferuntur,</strong></span> <span class='ocrx_word' id='word_1_87' title='bbox 838 2168 922 2229; x_wconf 73' lang='grc'>11100-</span> 
     </span>
     <span class='ocr_line' id='line_1_19' title="bbox 121 2265 923 2343; baseline -0.002 -15"><span class='ocrx_word' id='word_1_88' title='bbox 121 2269 254 2329; x_wconf 82' lang='lat' dir='ltr'><strong>cesanis</strong></span> <span class='ocrx_word' id='word_1_89' title='bbox 274 2267 422 2328; x_wconf 91' lang='lat' dir='ltr'><strong>locorum</strong></span> <span class='ocrx_word' id='word_1_90' title='bbox 443 2268 484 2328; x_wconf 87' lang='lat' dir='ltr'><strong>ad</strong></span> <span class='ocrx_word' id='word_1_91' title='bbox 500 2267 721 2328; x_wconf 86' lang='lat' dir='ltr'><strong>exhibendam</strong></span> <span class='ocrx_word' id='word_1_92' title='bbox 736 2265 830 2327; x_wconf 87' lang='lat' dir='ltr'><strong>vobis</strong></span> <span class='ocrx_word' id='word_1_93' title='bbox 846 2268 923 2343; x_wconf 91' lang='lat' dir='ltr'><strong>jus-</strong></span> 
     </span>
     <span class='ocr_line' id='line_1_20' title="bbox 120 2363 922 2441; baseline -0.002 -14"><span class='ocrx_word' id='word_1_94' title='bbox 120 2367 204 2428; x_wconf 86' lang='lat' dir='ltr'><strong>tiam</strong></span> <span class='ocrx_word' id='word_1_95' title='bbox 214 2365 459 2440; x_wconf 78' lang='lat' dir='ltr'><strong>negligentibus</strong></span> <span class='ocrx_word' id='word_1_96' title='bbox 468 2368 501 2427; x_wconf 92' lang='lat' dir='ltr'><strong>et</strong></span> <span class='ocrx_word' id='word_1_97' title='bbox 510 2365 671 2437; x_wconf 90' lang='lat' dir='ltr'><strong>remissis,</strong></span> <span class='ocrx_word' id='word_1_98' title='bbox 682 2367 818 2441; x_wconf 84' lang='lat' dir='ltr'><strong>paterna</strong></span> <span class='ocrx_word' id='word_1_99' title='bbox 827 2363 922 2425; x_wconf 84' lang='lat' dir='ltr'><strong>robis</strong></span> 
     </span>
     <span class='ocr_line' id='line_1_21' title="bbox 122 2462 922 2542; baseline -0.003 -18"><span class='ocrx_word' id='word_1_100' title='bbox 122 2463 300 2542; x_wconf 87' lang='lat' dir='ltr'><strong>providere</strong></span> <span class='ocrx_word' id='word_1_101' title='bbox 335 2462 559 2525; x_wconf 87' lang='lat' dir='ltr'><strong>sollicitudine</strong></span> <span class='ocrx_word' id='word_1_102' title='bbox 591 2462 820 2538; x_wconf 80' lang='lat' dir='ltr'><strong>dignaremur3</strong></span> <span class='ocrx_word' id='word_1_103' title='bbox 861 2476 922 2523; x_wconf 92' lang='lat' dir='ltr'><strong>nos</strong></span> 
     </span>
     <span class='ocr_line' id='line_1_22' title="bbox 124 2559 922 2638; baseline -0.005 -16"><span class='ocrx_word' id='word_1_104' title='bbox 124 2562 336 2623; x_wconf 81' lang='lat' dir='ltr'><strong>devotionem</strong></span> <span class='ocrx_word' id='word_1_105' title='bbox 345 2576 442 2638; x_wconf 89' lang='lat' dir='ltr'><strong>quam</strong></span> <span class='ocrx_word' id='word_1_106' title='bbox 456 2561 497 2622; x_wconf 91' lang='lat' dir='ltr'><strong>ad</strong></span> <span class='ocrx_word' id='word_1_107' title='bbox 512 2576 573 2623; x_wconf 90' lang='grc'><strong>003</strong></span> <span class='ocrx_word' id='word_1_108' title='bbox 582 2560 614 2623; x_wconf 89' lang='grc'><strong>01</strong></span> <span class='ocrx_word' id='word_1_109' title='bbox 627 2559 745 2625; x_wconf 91' lang='lat' dir='ltr'><strong>Sedem</strong></span> <span class='ocrx_word' id='word_1_110' title='bbox 758 2559 922 2637; x_wconf 88' lang='lat' dir='ltr'><strong>Apostoli-</strong></span> 
     </span>
     <span class='ocr_line' id='line_1_23' title="bbox 121 2656 922 2734; baseline -0.002 -14"><span class='ocrx_word' id='word_1_111' title='bbox 121 2676 197 2720; x_wconf 90' lang='lat' dir='ltr'><strong>cam</strong></span> <span class='ocrx_word' id='word_1_112' title='bbox 212 2658 335 2720; x_wconf 89' lang='lat' dir='ltr'><strong>habere</strong></span> <span class='ocrx_word' id='word_1_113' title='bbox 352 2658 529 2719; x_wconf 90' lang='lat' dir='ltr'><strong>noscimini</strong></span> <span class='ocrx_word' id='word_1_114' title='bbox 553 2657 730 2734; x_wconf 79' lang='lat' dir='ltr'><strong>benignius</strong></span> <span class='ocrx_word' id='word_1_115' title='bbox 745 2656 922 2721; x_wconf 89' lang='lat' dir='ltr'><strong>attenden-</strong></span> 
     </span>
     <span class='ocr_line' id='line_1_24' title="bbox 124 2756 923 2833; baseline -0.005 -14"><span class='ocrx_word' id='word_1_116' title='bbox 124 2760 187 2828; x_wconf 86' lang='lat' dir='ltr'><strong>tes,</strong></span> <span class='ocrx_word' id='word_1_117' title='bbox 205 2756 297 2818; x_wconf 90' lang='lat' dir='ltr'><strong>vobis</strong></span> <span class='ocrx_word' id='word_1_118' title='bbox 315 2756 514 2819; x_wconf 85' lang='lat' dir='ltr'><strong>auctoritate</strong></span> <span class='ocrx_word' id='word_1_119' title='bbox 533 2756 747 2833; x_wconf 89' lang='lat' dir='ltr'><strong>praesentium</strong></span> <span class='ocrx_word' id='word_1_120' title='bbox 768 2756 923 2831; x_wconf 78' lang='lat' dir='ltr'><strong>indulge-</strong></span> 
     </span>
     <span class='ocr_line' id='line_1_25' title="bbox 127 2854 920 2931; baseline -0.004 -15"><span class='ocrx_word' id='word_1_121' title='bbox 127 2872 200 2916; x_wconf 90' lang='lat' dir='ltr'><strong>mus</strong></span> <span class='ocrx_word' id='word_1_122' title='bbox 222 2855 308 2916; x_wconf 91' lang='lat' dir='ltr'><strong>utin</strong></span> <span class='ocrx_word' id='word_1_123' title='bbox 328 2855 432 2916; x_wconf 85' lang='grc'>101000</span> <span class='ocrx_word' id='word_1_124' title='bbox 449 2869 549 2931; x_wconf 88' lang='grc'>30000</span> <span class='ocrx_word' id='word_1_125' title='bbox 570 2854 738 2931; x_wconf 81' lang='lat' dir='ltr'><strong>praedictis</strong></span> <span class='ocrx_word' id='word_1_126' title='bbox 761 2854 920 2931; x_wconf 87' lang='lat' dir='ltr'><strong>iujuriam</strong></span> 
     </span>
     <span class='ocr_line' id='line_1_26' title="bbox 128 2951 921 3030; baseline -0.003 -17"><span class='ocrx_word' id='word_1_127' title='bbox 128 2952 320 3025; x_wconf 83' lang='lat' dir='ltr'><strong>inserentes,</strong></span> <span class='ocrx_word' id='word_1_128' title='bbox 339 2953 367 3014; x_wconf 90' lang='lat' dir='ltr'><strong>si</strong></span> <span class='ocrx_word' id='word_1_129' title='bbox 383 2968 498 3014; x_wconf 91' lang='lat' dir='ltr'><strong>eorum</strong></span> <span class='ocrx_word' id='word_1_130' title='bbox 517 2951 664 3030; x_wconf 91' lang='lat' dir='ltr'><strong>episcopi</strong></span> <span class='ocrx_word' id='word_1_131' title='bbox 685 2968 742 3015; x_wconf 91' lang='grc'><strong>003</strong></span> <span class='ocrx_word' id='word_1_132' title='bbox 762 2953 803 3015; x_wconf 85' lang='grc'><strong>01</strong></span> <span class='ocrx_word' id='word_1_133' title='bbox 819 2951 921 3013; x_wconf 84' lang='lat' dir='ltr'><strong>exhi-</strong></span> 
     </span>
     <span class='ocr_line' id='line_1_27' title="bbox 122 3049 923 3126; baseline -0.001 -14"><span class='ocrx_word' id='word_1_134' title='bbox 122 3050 266 3115; x_wconf 88' lang='lat' dir='ltr'><strong>bendam</strong></span> <span class='ocrx_word' id='word_1_135' title='bbox 279 3051 371 3113; x_wconf 89' lang='lat' dir='ltr'><strong>vobis</strong></span> <span class='ocrx_word' id='word_1_136' title='bbox 381 3049 640 3113; x_wconf 80' lang='lat' dir='ltr'><strong>satisfactionem</strong></span> <span class='ocrx_word' id='word_1_137' title='bbox 649 3050 792 3113; x_wconf 88' lang='lat' dir='ltr'><strong>debitam</strong></span> <span class='ocrx_word' id='word_1_138' title='bbox 803 3065 923 3126; x_wconf 81' lang='lat' dir='ltr'><strong>cogere</strong></span> 
     </span>
     <span class='ocr_line' id='line_1_28' title="bbox 123 3149 923 3225; baseline -0.003 -14"><span class='ocrx_word' id='word_1_139' title='bbox 123 3150 368 3221; x_wconf 72' lang='lat' dir='ltr'><strong>recusaverint,</strong></span> <span class='ocrx_word' id='word_1_140' title='bbox 399 3149 486 3210; x_wconf 88' lang='lat' dir='ltr'><strong>ultra</strong></span> <span class='ocrx_word' id='word_1_141' title='bbox 515 3164 661 3209; x_wconf 89' lang='lat' dir='ltr'><strong>mensem</strong></span> <span class='ocrx_word' id='word_1_142' title='bbox 697 3149 870 3225; x_wconf 82' lang='lat' dir='ltr'><strong>postquam</strong></span> <span class='ocrx_word' id='word_1_143' title='bbox 903 3163 923 3209; x_wconf 90' lang='lat' dir='ltr'><strong>a</strong></span> 
     </span>
     <span class='ocr_line' id='line_1_29' title="bbox 122 3244 921 3322; baseline -0.004 -15"><span class='ocrx_word' id='word_1_144' title='bbox 122 3246 351 3308; x_wconf 83' lang='lat' dir='ltr'><strong>robisiuerint</strong></span> <span class='ocrx_word' id='word_1_145' title='bbox 361 3262 434 3309; x_wconf 91' lang='lat' dir='ltr'><strong>cum</strong></span> <span class='ocrx_word' id='word_1_146' title='bbox 443 3244 746 3307; x_wconf 88' lang='lat' dir='ltr'><strong>humilitatedebita</strong></span> <span class='ocrx_word' id='word_1_147' title='bbox 757 3244 921 3322; x_wconf 87' lang='lat' dir='ltr'><strong>requisiti,</strong></span> 
     </span>
     <span class='ocr_line' id='line_1_30' title="bbox 122 3343 921 3419; baseline -0.001 -14"><span class='ocrx_word' id='word_1_148' title='bbox 122 3345 226 3406; x_wconf 85' lang='lat' dir='ltr'><strong>liceat</strong></span> <span class='ocrx_word' id='word_1_149' title='bbox 241 3345 334 3406; x_wconf 87' lang='lat' dir='ltr'><strong>vobis</strong></span> <span class='ocrx_word' id='word_1_150' title='bbox 349 3360 525 3407; x_wconf 89' lang='lat' dir='ltr'><strong>censuram</strong></span> <span class='ocrx_word' id='word_1_151' title='bbox 545 3343 816 3413; x_wconf 88' lang='lat' dir='ltr'><strong>ecclesiasticam,</strong></span> <span class='ocrx_word' id='word_1_152' title='bbox 831 3358 921 3419; x_wconf 74' lang='grc'>0000-</span> 
     </span>
     <span class='ocr_line' id='line_1_31' title="bbox 125 3439 922 3514; baseline -0.005 -11"><span class='ocrx_word' id='word_1_153' title='bbox 125 3443 228 3503; x_wconf 86' lang='lat' dir='ltr'><strong>missa</strong></span> <span class='ocrx_word' id='word_1_154' title='bbox 249 3443 430 3504; x_wconf 92' lang='lat' dir='ltr'><strong>monitione</strong></span> <span class='ocrx_word' id='word_1_155' title='bbox 449 3440 623 3514; x_wconf 88' lang='lat' dir='ltr'><strong>canonica,</strong></span> <span class='ocrx_word' id='word_1_156' title='bbox 642 3455 812 3503; x_wconf 85' lang='lat' dir='ltr'><strong>exercere.</strong></span> <span class='ocrx_word' id='word_1_157' title='bbox 830 3439 922 3501; x_wconf 88' lang='lat' dir='ltr'><strong>Nulli</strong></span> 
     </span>
     <span class='ocr_line' id='line_1_32' title="bbox 123 3540 481 3615; baseline 0.003 -15"><span class='ocrx_word' id='word_1_158' title='bbox 123 3555 205 3615; x_wconf 78' lang='lat' dir='ltr'><strong>ergo</strong></span> <span class='ocrx_word' id='word_1_159' title='bbox 219 3540 402 3611; x_wconf 89' lang='lat' dir='ltr'><strong>bominum,</strong></span> <span class='ocrx_word' id='word_1_160' title='bbox 419 3542 481 3603; x_wconf 89' lang='lat' dir='ltr'><strong>etc.</strong></span> 
     </span>
    </p>

    <p class='ocr_par' dir='ltr' id='par_1_8' title="bbox 122 3635 924 3799">
     <span class='ocr_line' id='line_1_33' title="bbox 165 3635 924 3713; baseline -0.005 -14"><span class='ocrx_word' id='word_1_161' title='bbox 165 3640 283 3699; x_wconf 88' lang='lat' dir='ltr'><strong>Datum</strong></span> <span class='ocrx_word' id='word_1_162' title='bbox 296 3638 414 3709; x_wconf 83' lang='lat' dir='ltr'><strong>Alatri,</strong></span> <span class='ocrx_word' id='word_1_163' title='bbox 429 3640 503 3699; x_wconf 86' lang='lat' dir='ltr'><strong>XVI</strong></span> <span class='ocrx_word' id='word_1_164' title='bbox 518 3638 593 3700; x_wconf 89' lang='lat' dir='ltr'><strong>Kal.</strong></span> <span class='ocrx_word' id='word_1_165' title='bbox 611 3636 742 3700; x_wconf 85' lang='lat' dir='ltr'><strong>Octobr.</strong></span> <span class='ocrx_word' id='word_1_166' title='bbox 754 3635 924 3713; x_wconf 84' lang='lat' dir='ltr'><strong>pontifica-</strong></span> 
     </span>
     <span class='ocr_line' id='line_1_34' title="bbox 122 3735 569 3799; baseline -0.002 0"><span class='ocrx_word' id='word_1_167' title='bbox 122 3736 180 3799; x_wconf 90' lang='lat' dir='ltr'><strong>tus</strong></span> <span class='ocrx_word' id='word_1_168' title='bbox 191 3737 296 3797; x_wconf 89' lang='lat' dir='ltr'><strong>uoslri</strong></span> <span class='ocrx_word' id='word_1_169' title='bbox 308 3752 397 3798; x_wconf 89' lang='lat' dir='ltr'><strong>anno</strong></span> <span class='ocrx_word' id='word_1_170' title='bbox 413 3735 569 3798; x_wconf 87' lang='lat' dir='ltr'><strong>secundo.</strong></span> 
     </span>
    </p>
   </div>
   <div class='ocr_carea' id='block_1_7' title="bbox 471 3933 577 4019">
    <p class='ocr_par' dir='ltr' id='par_1_9' title="bbox 471 3933 577 4019">
     <span class='ocr_line' id='line_1_35' title="bbox 471 3933 577 4019; baseline -0.009 0"><span class='ocrx_word' id='word_1_171' title='bbox 471 3933 577 4019; x_wconf 93' lang='lat' dir='ltr'><strong>XXX</strong></span> 
     </span>
    </p>
   </div>
   <div class='ocr_carea' id='block_1_8' title="bbox 187 4094 866 4254">
    <p class='ocr_par' dir='ltr' id='par_1_10' title="bbox 187 4094 866 4254">
     <span class='ocr_line' id='line_1_36' title="bbox 187 4094 866 4169; baseline -0.004 -12"><span class='ocrx_word' id='word_1_172' title='bbox 187 4097 239 4157; x_wconf 81' lang='lat' dir='ltr'><strong>Aa</strong></span> <span class='ocrx_word' id='word_1_173' title='bbox 253 4097 420 4157; x_wconf 84' lang='lat' dir='ltr'><strong>decanum</strong></span> <span class='ocrx_word' id='word_1_174' title='bbox 435 4095 468 4156; x_wconf 87' lang='lat' dir='ltr'><strong>et</strong></span> <span class='ocrx_word' id='word_1_175' title='bbox 482 4094 670 4169; x_wconf 82' lang='lat' dir='ltr'><strong>capitulum</strong></span> <span class='ocrx_word' id='word_1_176' title='bbox 685 4095 720 4156; x_wconf 86' lang='lat' dir='ltr'><strong>S.</strong></span> <span class='ocrx_word' id='word_1_177' title='bbox 736 4095 866 4155; x_wconf 81' lang='lat' dir='ltr'><strong>Hilarii</strong></span> 
     </span>
     <span class='ocr_line' id='line_1_37' title="bbox 440 4193 618 4254; baseline -0.011 0"><span class='ocrx_word' id='word_1_178' title='bbox 440 4193 618 4254; x_wconf 86' lang='lat' dir='ltr'><strong>Pictaven.</strong></span> 
     </span>
    </p>
   </div>
   <div class='ocr_carea' id='block_1_9' title="bbox 187 4325 870 4514">
    <p class='ocr_par' dir='ltr' id='par_1_11' title="bbox 187 4325 870 4514">
     <span class='ocr_line' id='line_1_38' title="bbox 418 4325 635 4397; baseline 0 -15"><span class='ocrx_word' id='word_1_179' title='bbox 418 4326 451 4382; x_wconf 83' lang='lat' dir='ltr'><strong>le</strong></span> <span class='ocrx_word' id='word_1_180' title='bbox 466 4333 538 4397; x_wconf 79' lang='lat' dir='ltr'><strong>sept.</strong></span> <span class='ocrx_word' id='word_1_181' title='bbox 556 4325 635 4382; x_wconf 74' lang='lat' dir='ltr'><strong>llll.</strong></span> 
     </span>
     <span class='ocr_line' id='line_1_39' title="bbox 187 4447 870 4514; baseline -0.004 -14"><span class='ocrx_word' id='word_1_182' title='bbox 187 4449 353 4514; x_wconf 71' lang='grc'>[1100031111.</span> <span class='ocrx_word' id='word_1_183' title='bbox 365 4449 396 4509; x_wconf 94' lang='lat' dir='ltr'><strong>ll,</strong></span> <span class='ocrx_word' id='word_1_184' title='bbox 407 4448 515 4514; x_wconf 73' lang='grc'>0011111.</span> <span class='ocrx_word' id='word_1_185' title='bbox 528 4450 586 4499; x_wconf 88' lang='lat' dir='ltr'><strong>blss.</strong></span> <span class='ocrx_word' id='word_1_186' title='bbox 597 4448 634 4498; x_wconf 87' lang='lat' dir='ltr'><strong>Le</strong></span> <span class='ocrx_word' id='word_1_187' title='bbox 646 4448 718 4498; x_wconf 83' lang='lat' dir='ltr'><strong>Porta</strong></span> <span class='ocrx_word' id='word_1_188' title='bbox 730 4447 765 4497; x_wconf 92' lang='lat' dir='ltr'><strong>du</strong></span> <span class='ocrx_word' id='word_1_189' title='bbox 775 4447 870 4512; x_wconf 87' lang='lat' dir='ltr'><strong>Tlreil.]</strong></span> 
     </span>
    </p>
   </div>
   <div class='ocr_carea' id='block_1_10' title="bbox 127 4562 926 4712">
    <p class='ocr_par' dir='ltr' id='par_1_12' title="bbox 127 4562 926 4712">
     <span class='ocr_line' id='line_1_40' title="bbox 127 4562 926 4655; baseline -0.005 -30"><span class='ocrx_word' id='word_1_190' title='bbox 127 4570 187 4625; x_wconf 85' lang='lat' dir='ltr'><strong>Eos</strong></span> <span class='ocrx_word' id='word_1_191' title='bbox 207 4572 304 4624; x_wconf 88' lang='lat' dir='ltr'><strong>monet</strong></span> <span class='ocrx_word' id='word_1_192' title='bbox 317 4565 352 4624; x_wconf 93' lang='lat' dir='ltr'><strong>de</strong></span> <span class='ocrx_word' id='word_1_193' title='bbox 367 4565 471 4655; x_wconf 81' lang='lat' dir='ltr'><strong>clerico</strong></span> <span class='ocrx_word' id='word_1_194' title='bbox 486 4568 517 4623; x_wconf 86' lang='lat' dir='ltr'><strong>F.</strong></span> <span class='ocrx_word' id='word_1_195' title='bbox 539 4563 574 4622; x_wconf 91' lang='lat' dir='ltr'><strong>ad</strong></span> <span class='ocrx_word' id='word_1_196' title='bbox 593 4562 776 4637; x_wconf 77' lang='lat' dir='ltr'><strong>praebendam</strong></span> <span class='ocrx_word' id='word_1_197' title='bbox 795 4563 926 4621; x_wconf 85' lang='lat' dir='ltr'><strong>canonici</strong></span> 
     </span>
     <span class='ocr_line' id='line_1_41' title="bbox 436 4652 622 4712; baseline -0.016 0"><span class='ocrx_word' id='word_1_198' title='bbox 436 4652 622 4712; x_wconf 84' lang='lat' dir='ltr'><strong>admittendo.</strong></span> 
     </span>
    </p>
   </div>
   <div class='ocr_carea' id='block_1_11' title="bbox 127 4768 929 5238">
    <p class='ocr_par' dir='ltr' id='par_1_13' title="bbox 127 4768 926 4933">
     <span class='ocr_line' id='line_1_42' title="bbox 170 4768 926 4847; baseline -0.005 -13"><span class='ocrx_word' id='word_1_199' title='bbox 170 4772 349 4843; x_wconf 86' lang='lat' dir='ltr'><strong>Honorius,</strong></span> <span class='ocrx_word' id='word_1_200' title='bbox 363 4773 437 4845; x_wconf 80' lang='grc'>010,</span> <span class='ocrx_word' id='word_1_201' title='bbox 450 4772 575 4833; x_wconf 83' lang='lat' dir='ltr'><strong>decano</strong></span> <span class='ocrx_word' id='word_1_202' title='bbox 587 4769 772 4847; x_wconf 88' lang='lat' dir='ltr'><strong>etcapitulo</strong></span> <span class='ocrx_word' id='word_1_203' title='bbox 785 4771 817 4830; x_wconf 91' lang='lat' dir='ltr'><strong>S.</strong></span> <span class='ocrx_word' id='word_1_204' title='bbox 827 4768 926 4830; x_wconf 88' lang='lat' dir='ltr'><strong>Hila-</strong></span> 
     </span>
     <span class='ocr_line' id='line_1_43' title="bbox 127 4871 358 4933; baseline -0.009 -1"><span class='ocrx_word' id='word_1_205' title='bbox 127 4871 172 4933; x_wconf 89' lang='lat' dir='ltr'><strong>rii</strong></span> <span class='ocrx_word' id='word_1_206' title='bbox 190 4871 358 4931; x_wconf 86' lang='lat' dir='ltr'><strong>Pictaveu.</strong></span> 
     </span>
    </p>

    <p class='ocr_par' dir='ltr' id='par_1_14' title="bbox 128 4964 929 5238">
     <span class='ocr_line' id='line_1_44' title="bbox 170 4964 928 5041; baseline -0.005 -12"><span class='ocrx_word' id='word_1_207' title='bbox 170 4967 316 5030; x_wconf 80' lang='lat' dir='ltr'><strong>Dilectus</strong></span> <span class='ocrx_word' id='word_1_208' title='bbox 333 4966 422 5027; x_wconf 86' lang='lat' dir='ltr'><strong>illius</strong></span> <span class='ocrx_word' id='word_1_209' title='bbox 436 4969 472 5027; x_wconf 89' lang='lat' dir='ltr'><strong>P.</strong></span> <span class='ocrx_word' id='word_1_210' title='bbox 489 4966 658 5028; x_wconf 84' lang='lat' dir='ltr'><strong>Fulcberii</strong></span> <span class='ocrx_word' id='word_1_211' title='bbox 672 4964 815 5028; x_wconf 89' lang='lat' dir='ltr'><strong>clericus</strong></span> <span class='ocrx_word' id='word_1_212' title='bbox 830 4980 928 5041; x_wconf 85' lang='lat' dir='ltr'><strong>expo·</strong></span> 
     </span>
     <span class='ocr_line' id='line_1_45' title="bbox 129 5060 928 5141; baseline -0.005 -15"><span class='ocrx_word' id='word_1_213' title='bbox 129 5063 621 5133; x_wconf 82' lang='grc'>001110001111000000000013,</span> <span class='ocrx_word' id='word_1_214' title='bbox 634 5062 719 5141; x_wconf 90' lang='lat' dir='ltr'><strong>quod</strong></span> <span class='ocrx_word' id='word_1_215' title='bbox 734 5078 808 5124; x_wconf 89' lang='lat' dir='ltr'><strong>cum</strong></span> <span class='ocrx_word' id='word_1_216' title='bbox 821 5060 928 5123; x_wconf 82' lang='lat' dir='ltr'><strong>felicis</strong></span> 
     </span>
     <span class='ocr_line' id='line_1_46' title="bbox 128 5158 929 5238; baseline -0.005 -15"><span class='ocrx_word' id='word_1_217' title='bbox 128 5158 929 5238; x_wconf 73' lang='lat' dir='ltr'><strong>memoriasInnocentiuspapapraedeceseornos·</strong></span> 
     </span>
    </p>
   </div>
   <div class='ocr_carea' id='block_1_12' title="bbox 1706 284 1768 347">
    <p class='ocr_par' dir='ltr' id='par_1_15' title="bbox 1706 284 1768 347">
     <span class='ocr_line' id='line_1_47' title="bbox 1706 284 1768 347; baseline 0 0"><span class='ocrx_word' id='word_1_218' title='bbox 1706 284 1768 347; x_wconf 80' lang='lat'><strong>502</strong></span> 
     </span>
    </p>
   </div>
   <div class='ocr_carea' id='block_1_13' title="bbox 971 439 1798 1308">
    <p class='ocr_par' dir='ltr' id='par_1_16' title="bbox 971 439 1798 1308">
     <span class='ocr_line' id='line_1_48' title="bbox 971 439 1768 529; baseline -0.006 -20"><span class='ocrx_word' id='word_1_219' title='bbox 971 462 1049 529; x_wconf 87' lang='lat' dir='ltr'><strong>pare</strong></span> <span class='ocrx_word' id='word_1_220' title='bbox 1057 446 1193 525; x_wconf 87' lang='lat' dir='ltr'><strong>capituli</strong></span> <span class='ocrx_word' id='word_1_221' title='bbox 1208 446 1377 525; x_wconf 87' lang='lat' dir='ltr'><strong>tamquam</strong></span> <span class='ocrx_word' id='word_1_222' title='bbox 1387 439 1585 509; x_wconf 83' lang='lat' dir='ltr'><strong>obedientiae</strong></span> <span class='ocrx_word' id='word_1_223' title='bbox 1599 443 1662 507; x_wconf 87' lang='lat' dir='ltr'><strong>tilii</strong></span> <span class='ocrx_word' id='word_1_224' title='bbox 1672 458 1768 505; x_wconf 92' lang='lat' dir='ltr'><strong>man-</strong></span> 
     </span>
     <span class='ocr_line' id='line_1_49' title="bbox 971 541 1769 623; baseline -0.005 -17"><span class='ocrx_word' id='word_1_225' title='bbox 971 544 1058 607; x_wconf 91' lang='lat' dir='ltr'><strong>datis</strong></span> <span class='ocrx_word' id='word_1_226' title='bbox 1092 544 1292 623; x_wconf 79' lang='lat' dir='ltr'><strong>Apostolicis</strong></span> <span class='ocrx_word' id='word_1_227' title='bbox 1332 559 1450 621; x_wconf 88' lang='lat' dir='ltr'><strong>parere</strong></span> <span class='ocrx_word' id='word_1_228' title='bbox 1482 543 1630 606; x_wconf 81' lang='lat' dir='ltr'><strong>volentes</strong></span> <span class='ocrx_word' id='word_1_229' title='bbox 1658 541 1769 619; x_wconf 90' lang='lat' dir='ltr'><strong>parati</strong></span> 
     </span>
     <span class='ocr_line' id='line_1_50' title="bbox 972 640 1798 721; baseline -0.005 -18"><span class='ocrx_word' id='word_1_230' title='bbox 972 640 1103 705; x_wconf 86' lang='lat' dir='ltr'><strong>irreritis</strong></span> <span class='ocrx_word' id='word_1_231' title='bbox 1123 642 1230 720; x_wconf 89' lang='lat' dir='ltr'><strong>ipsum</strong></span> <span class='ocrx_word' id='word_1_232' title='bbox 1251 642 1410 719; x_wconf 89' lang='lat' dir='ltr'><strong>recipere,</strong></span> <span class='ocrx_word' id='word_1_233' title='bbox 1428 640 1561 720; x_wconf 83' lang='lat' dir='ltr'><strong>quidam</strong></span> <span class='ocrx_word' id='word_1_234' title='bbox 1576 642 1686 702; x_wconf 91' lang='lat' dir='ltr'><strong>tamen</strong></span> <span class='ocrx_word' id='word_1_235' title='bbox 1702 655 1768 699; x_wconf 88' lang='lat' dir='ltr'><strong>nu·</strong></span> <span class='ocrx_word' id='word_1_236' title='bbox 1794 714 1798 721; x_wconf 31' lang='grc' dir='ltr'>Ι</span> 
     </span>
     <span class='ocr_line' id='line_1_51' title="bbox 972 736 1768 818; baseline -0.005 -17"><span class='ocrx_word' id='word_1_237' title='bbox 972 756 1064 801; x_wconf 88' lang='lat' dir='ltr'><strong>mero</strong></span> <span class='ocrx_word' id='word_1_238' title='bbox 1083 742 1116 803; x_wconf 91' lang='lat' dir='ltr'><strong>et</strong></span> <span class='ocrx_word' id='word_1_239' title='bbox 1130 741 1248 802; x_wconf 90' lang='lat' dir='ltr'><strong>merito</strong></span> <span class='ocrx_word' id='word_1_240' title='bbox 1266 741 1453 818; x_wconf 90' lang='lat' dir='ltr'><strong>pauciores,</strong></span> <span class='ocrx_word' id='word_1_241' title='bbox 1466 739 1543 817; x_wconf 89' lang='lat' dir='ltr'><strong>quia</strong></span> <span class='ocrx_word' id='word_1_242' title='bbox 1559 737 1690 801; x_wconf 77' lang='lat' dir='ltr'><strong>facilius</strong></span> <span class='ocrx_word' id='word_1_243' title='bbox 1709 736 1768 797; x_wconf 85' lang='lat' dir='ltr'><strong>in-</strong></span> 
     </span>
     <span class='ocr_line' id='line_1_52' title="bbox 974 834 1766 915; baseline -0.008 -14"><span class='ocrx_word' id='word_1_244' title='bbox 974 837 1102 901; x_wconf 88' lang='lat' dir='ltr'><strong>terdum</strong></span> <span class='ocrx_word' id='word_1_245' title='bbox 1121 838 1219 915; x_wconf 90' lang='lat' dir='ltr'><strong>pauci</strong></span> <span class='ocrx_word' id='word_1_246' title='bbox 1243 837 1359 900; x_wconf 89' lang='lat' dir='ltr'><strong>obesse</strong></span> <span class='ocrx_word' id='word_1_247' title='bbox 1382 839 1530 915; x_wconf 91' lang='lat' dir='ltr'><strong>possunt,</strong></span> <span class='ocrx_word' id='word_1_248' title='bbox 1556 852 1653 913; x_wconf 88' lang='lat' dir='ltr'><strong>quam</strong></span> <span class='ocrx_word' id='word_1_249' title='bbox 1674 834 1766 897; x_wconf 86' lang='lat' dir='ltr'><strong>mult‘</strong></span> 
     </span>
     <span class='ocr_line' id='line_1_53' title="bbox 973 933 1769 1014; baseline -0.006 -17"><span class='ocrx_word' id='word_1_250' title='bbox 973 936 1141 1013; x_wconf 87' lang='lat' dir='ltr'><strong>prodesse,</strong></span> <span class='ocrx_word' id='word_1_251' title='bbox 1157 937 1380 1014; x_wconf 89' lang='lat' dir='ltr'><strong>receptionem</strong></span> <span class='ocrx_word' id='word_1_252' title='bbox 1397 934 1638 1013; x_wconf 78' lang='lat' dir='ltr'><strong>impediverunt</strong></span> <span class='ocrx_word' id='word_1_253' title='bbox 1652 933 1769 1011; x_wconf 89' lang='lat' dir='ltr'><strong>ipsius,</strong></span> 
     </span>
     <span class='ocr_line' id='line_1_54' title="bbox 973 1031 1768 1111; baseline -0.008 -15"><span class='ocrx_word' id='word_1_254' title='bbox 973 1034 1057 1096; x_wconf 90' lang='lat' dir='ltr'><strong>nibil</strong></span> <span class='ocrx_word' id='word_1_255' title='bbox 1075 1036 1187 1096; x_wconf 85' lang='grc'>10000</span> <span class='ocrx_word' id='word_1_256' title='bbox 1206 1035 1404 1097; x_wconf 85' lang='lat' dir='ltr'><strong>rationabile</strong></span> <span class='ocrx_word' id='word_1_257' title='bbox 1426 1033 1621 1111; x_wconf 88' lang='lat' dir='ltr'><strong>objicientes</strong></span> <span class='ocrx_word' id='word_1_258' title='bbox 1648 1031 1768 1093; x_wconf 90' lang='lat' dir='ltr'><strong>eidem.</strong></span> 
     </span>
     <span class='ocr_line' id='line_1_55' title="bbox 974 1128 1771 1209; baseline -0.005 -16"><span class='ocrx_word' id='word_1_259' title='bbox 974 1128 1771 1209; x_wconf 78' lang='lat' dir='ltr'><strong>Neigiturilloruminvidiagratiamretardetis·</strong></span> 
     </span>
     <span class='ocr_line' id='line_1_56' title="bbox 972 1226 1771 1308; baseline -0.005 -17"><span class='ocrx_word' id='word_1_260' title='bbox 972 1230 1381 1303; x_wconf 87' lang='lat' dir='ltr'><strong>tius,discretionivestrae</strong></span> <span class='ocrx_word' id='word_1_261' title='bbox 1390 1245 1449 1308; x_wconf 88' lang='lat' dir='ltr'><strong>per</strong></span> <span class='ocrx_word' id='word_1_262' title='bbox 1457 1229 1638 1306; x_wconf 88' lang='lat' dir='ltr'><strong>apostolica</strong></span> <span class='ocrx_word' id='word_1_263' title='bbox 1647 1226 1771 1303; x_wconf 90' lang='lat' dir='ltr'><strong>scripta</strong></span> 
     </span>
    </p>
   </div>
   <div class='ocr_carea' id='block_1_14' title="bbox 973 1324 1890 1407">
    <p class='ocr_par' dir='ltr' id='par_1_17' title="bbox 973 1324 1890 1407">
     <span class='ocr_line' id='line_1_57' title="bbox 973 1324 1890 1407; baseline -0.005 -18"><span class='ocrx_word' id='word_1_264' title='bbox 973 1328 1196 1406; x_wconf 86' lang='lat' dir='ltr'><strong>praecipiendo</strong></span> <span class='ocrx_word' id='word_1_265' title='bbox 1219 1328 1414 1391; x_wconf 87' lang='lat' dir='ltr'><strong>mandamus</strong></span> <span class='ocrx_word' id='word_1_266' title='bbox 1436 1328 1598 1405; x_wconf 88' lang='lat' dir='ltr'><strong>quatenus</strong></span> <span class='ocrx_word' id='word_1_267' title='bbox 1613 1324 1654 1387; x_wconf 92' lang='lat' dir='ltr'><strong>ob</strong></span> <span class='ocrx_word' id='word_1_268' title='bbox 1669 1339 1770 1386; x_wconf 85' lang='lat' dir='ltr'><strong>reve·</strong></span> <span class='ocrx_word' id='word_1_269' title='bbox 1886 1398 1890 1407; x_wconf 31' lang='grc' dir='ltr'>Ι</span> 
     </span>
    </p>
   </div>
   <div class='ocr_carea' id='block_1_15' title="bbox 974 1423 1771 1501">
    <p class='ocr_par' dir='ltr' id='par_1_18' title="bbox 974 1423 1771 1501">
     <span class='ocr_line' id='line_1_58' title="bbox 974 1423 1771 1501; baseline -0.009 -14"><span class='ocrx_word' id='word_1_270' title='bbox 974 1426 1116 1488; x_wconf 89' lang='lat' dir='ltr'><strong>rentiam</strong></span> <span class='ocrx_word' id='word_1_271' title='bbox 1146 1426 1294 1488; x_wconf 90' lang='lat' dir='ltr'><strong>divinam</strong></span> <span class='ocrx_word' id='word_1_272' title='bbox 1319 1429 1353 1488; x_wconf 91' lang='grc'><strong>01</strong></span> <span class='ocrx_word' id='word_1_273' title='bbox 1383 1426 1531 1487; x_wconf 88' lang='lat' dir='ltr'><strong>nostram</strong></span> <span class='ocrx_word' id='word_1_274' title='bbox 1558 1423 1771 1501; x_wconf 87' lang='lat' dir='ltr'><strong>praelatum...</strong></span> 
     </span>
    </p>
   </div>
   <div class='ocr_carea' id='block_1_16' title="bbox 974 1518 1872 1609">
    <p class='ocr_par' dir='ltr' id='par_1_19' title="bbox 974 1518 1872 1609">
     <span class='ocr_line' id='line_1_59' title="bbox 974 1518 1872 1609; baseline -0.006 -24"><span class='ocrx_word' id='word_1_275' title='bbox 974 1524 1197 1601; x_wconf 87' lang='grc' dir='ltr'>0001010113ίο</span> <span class='ocrx_word' id='word_1_276' title='bbox 1217 1524 1425 1596; x_wconf 90' lang='lat' dir='ltr'><strong>canonicum,</strong></span> <span class='ocrx_word' id='word_1_277' title='bbox 1446 1523 1534 1586; x_wconf 91' lang='grc'>0110</span> <span class='ocrx_word' id='word_1_278' title='bbox 1555 1521 1703 1588; x_wconf 82' lang='lat' dir='ltr'><strong>fratrem,</strong></span> <span class='ocrx_word' id='word_1_279' title='bbox 1724 1518 1772 1581; x_wconf 86' lang='lat' dir='ltr'><strong>ita</strong></span> <span class='ocrx_word' id='word_1_280' title='bbox 1863 1600 1872 1609; x_wconf 31' lang='grc' dir='ltr'><strong><em>ι</em></strong></span> 
     </span>
    </p>
   </div>
   <div class='ocr_carea' id='block_1_17' title="bbox 974 1618 1774 1991">
    <p class='ocr_par' dir='ltr' id='par_1_20' title="bbox 974 1618 1774 1991">
     <span class='ocr_line' id='line_1_60' title="bbox 974 1618 1774 1700; baseline -0.008 -18"><span class='ocrx_word' id='word_1_281' title='bbox 974 1621 1060 1700; x_wconf 86' lang='lat' dir='ltr'><strong>quod</strong></span> <span class='ocrx_word' id='word_1_282' title='bbox 1087 1638 1167 1699; x_wconf 82' lang='lat' dir='ltr'><strong>ergo</strong></span> <span class='ocrx_word' id='word_1_283' title='bbox 1191 1638 1252 1684; x_wconf 91' lang='grc'><strong>003</strong></span> <span class='ocrx_word' id='word_1_284' title='bbox 1279 1620 1475 1684; x_wconf 86' lang='lat' dir='ltr'><strong>obedientiae</strong></span> <span class='ocrx_word' id='word_1_285' title='bbox 1495 1636 1534 1681; x_wconf 90' lang='grc'><strong>00</strong></span> <span class='ocrx_word' id='word_1_286' title='bbox 1559 1634 1639 1695; x_wconf 82' lang='lat' dir='ltr'><strong>erga</strong></span> <span class='ocrx_word' id='word_1_287' title='bbox 1661 1618 1774 1694; x_wconf 91' lang='lat' dir='ltr'><strong>ipsum</strong></span> 
     </span>
     <span class='ocr_line' id='line_1_61' title="bbox 974 1715 1772 1795; baseline -0.008 -15"><span class='ocrx_word' id='word_1_288' title='bbox 974 1719 1121 1783; x_wconf 91' lang='lat' dir='ltr'><strong>debitum</strong></span> <span class='ocrx_word' id='word_1_289' title='bbox 1141 1720 1322 1781; x_wconf 84' lang='lat' dir='ltr'><strong>videamini</strong></span> <span class='ocrx_word' id='word_1_290' title='bbox 1351 1733 1468 1795; x_wconf 84' lang='lat' dir='ltr'><strong>gerere</strong></span> <span class='ocrx_word' id='word_1_291' title='bbox 1494 1716 1644 1779; x_wconf 87' lang='lat' dir='ltr'><strong>caritatis</strong></span> <span class='ocrx_word' id='word_1_292' title='bbox 1664 1715 1772 1776; x_wconf 82' lang='lat' dir='ltr'><strong>affec-</strong></span> 
     </span>
     <span class='ocr_line' id='line_1_62' title="bbox 974 1813 1773 1891; baseline -0.011 -11"><span class='ocrx_word' id='word_1_293' title='bbox 974 1820 1056 1890; x_wconf 90' lang='lat' dir='ltr'><strong>tum,</strong></span> <span class='ocrx_word' id='word_1_294' title='bbox 1081 1819 1114 1880; x_wconf 93' lang='grc'><strong>01</strong></span> <span class='ocrx_word' id='word_1_295' title='bbox 1133 1833 1194 1879; x_wconf 89' lang='lat' dir='ltr'><strong>nos</strong></span> <span class='ocrx_word' id='word_1_296' title='bbox 1214 1817 1422 1879; x_wconf 87' lang='lat' dir='ltr'><strong>devotionern</strong></span> <span class='ocrx_word' id='word_1_297' title='bbox 1441 1816 1586 1878; x_wconf 82' lang='lat' dir='ltr'><strong>vestram</strong></span> <span class='ocrx_word' id='word_1_298' title='bbox 1606 1813 1773 1891; x_wconf 89' lang='lat' dir='ltr'><strong>possimus</strong></span> 
     </span>
     <span class='ocr_line' id='line_1_63' title="bbox 975 1910 1771 1991; baseline -0.01 -14"><span class='ocrx_word' id='word_1_299' title='bbox 975 1916 1093 1977; x_wconf 87' lang='lat' dir='ltr'><strong>merito</strong></span> <span class='ocrx_word' id='word_1_300' title='bbox 1106 1914 1349 1977; x_wconf 89' lang='lat' dir='ltr'><strong>commendare.</strong></span> <span class='ocrx_word' id='word_1_301' title='bbox 1363 1912 1520 1991; x_wconf 83' lang='lat' dir='ltr'><strong>Alioquin</strong></span> <span class='ocrx_word' id='word_1_302' title='bbox 1531 1911 1652 1975; x_wconf 90' lang='lat' dir='ltr'><strong>dilecto</strong></span> <span class='ocrx_word' id='word_1_303' title='bbox 1663 1910 1771 1971; x_wconf 84' lang='lat' dir='ltr'><strong>illio...</strong></span> 
     </span>
    </p>
   </div>
   <div class='ocr_carea' id='block_1_18' title="bbox 976 1998 1891 2085">
    <p class='ocr_par' dir='ltr' id='par_1_21' title="bbox 976 1998 1891 2085">
     <span class='ocr_line' id='line_1_64' title="bbox 976 1998 1891 2085; baseline -0.005 -12"><span class='ocrx_word' id='word_1_304' title='bbox 976 2012 1016 2073; x_wconf 92' lang='lat' dir='ltr'><strong>de</strong></span> <span class='ocrx_word' id='word_1_305' title='bbox 1036 2013 1229 2085; x_wconf 82' lang='lat' dir='ltr'><strong>Falemund,</strong></span> <span class='ocrx_word' id='word_1_306' title='bbox 1253 2013 1287 2074; x_wconf 87' lang='lat' dir='ltr'><strong>et</strong></span> <span class='ocrx_word' id='word_1_307' title='bbox 1308 2011 1348 2073; x_wconf 92' lang='lat' dir='ltr'><strong>de</strong></span> <span class='ocrx_word' id='word_1_308' title='bbox 1366 2010 1505 2072; x_wconf 90' lang='lat' dir='ltr'><strong>Lucinio</strong></span> <span class='ocrx_word' id='word_1_309' title='bbox 1529 2007 1714 2079; x_wconf 89' lang='lat' dir='ltr'><strong>abbatibus,</strong></span> <span class='ocrx_word' id='word_1_310' title='bbox 1740 2008 1775 2069; x_wconf 89' lang='grc'><strong>01</strong></span> <span class='ocrx_word' id='word_1_311' title='bbox 1887 1998 1891 2003; x_wconf 78' lang='grc'><strong>’</strong></span> 
     </span>
    </p>
   </div>
   <div class='ocr_carea' id='block_1_19' title="bbox 976 2104 1856 3065">
    <p class='ocr_par' dir='ltr' id='par_1_22' title="bbox 976 2104 1856 3065">
     <span class='ocr_line' id='line_1_65' title="bbox 976 2104 1856 2187; baseline -0.008 -17"><span class='ocrx_word' id='word_1_312' title='bbox 976 2104 1775 2187; x_wconf 86' lang='lat' dir='ltr'><strong>priorideolonPictaren.dioecesisnostrisda-</strong></span> <span class='ocrx_word' id='word_1_313' title='bbox 1852 2158 1856 2163; x_wconf 92' lang='lat'><strong>.</strong></span> 
     </span>
     <span class='ocr_line' id='line_1_66' title="bbox 977 2202 1774 2280; baseline -0.006 -12"><span class='ocrx_word' id='word_1_314' title='bbox 977 2224 1049 2268; x_wconf 87' lang='lat' dir='ltr'><strong>mus</strong></span> <span class='ocrx_word' id='word_1_315' title='bbox 1072 2207 1192 2270; x_wconf 88' lang='lat' dir='ltr'><strong>litteris</strong></span> <span class='ocrx_word' id='word_1_316' title='bbox 1215 2207 1250 2269; x_wconf 92' lang='grc'><strong>10</strong></span> <span class='ocrx_word' id='word_1_317' title='bbox 1275 2206 1454 2278; x_wconf 87' lang='lat' dir='ltr'><strong>mandatis,</strong></span> <span class='ocrx_word' id='word_1_318' title='bbox 1479 2207 1516 2267; x_wconf 94' lang='lat' dir='ltr'><strong>ut</strong></span> <span class='ocrx_word' id='word_1_319' title='bbox 1545 2204 1574 2265; x_wconf 92' lang='lat' dir='ltr'><strong>si</strong></span> <span class='ocrx_word' id='word_1_320' title='bbox 1595 2202 1715 2280; x_wconf 92' lang='lat' dir='ltr'><strong>majori</strong></span> <span class='ocrx_word' id='word_1_321' title='bbox 1739 2202 1774 2264; x_wconf 92' lang='lat' dir='ltr'><strong>et</strong></span> 
     </span>
     <span class='ocr_line' id='line_1_67' title="bbox 977 2300 1774 2383; baseline -0.004 -18"><span class='ocrx_word' id='word_1_322' title='bbox 977 2305 1102 2369; x_wconf 91' lang='grc'>3001001</span> <span class='ocrx_word' id='word_1_323' title='bbox 1116 2306 1209 2383; x_wconf 91' lang='lat' dir='ltr'><strong>parte</strong></span> <span class='ocrx_word' id='word_1_324' title='bbox 1220 2305 1358 2383; x_wconf 87' lang='lat' dir='ltr'><strong>capituli</strong></span> <span class='ocrx_word' id='word_1_325' title='bbox 1371 2302 1466 2365; x_wconf 90' lang='lat' dir='ltr'><strong>nobis</strong></span> <span class='ocrx_word' id='word_1_326' title='bbox 1477 2317 1576 2380; x_wconf 89' lang='lat' dir='ltr'><strong>super</strong></span> <span class='ocrx_word' id='word_1_327' title='bbox 1584 2300 1774 2377; x_wconf 89' lang='lat' dir='ltr'><strong>receptione</strong></span> 
     </span>
     <span class='ocr_line' id='line_1_68' title="bbox 977 2399 1777 2480; baseline -0.005 -17"><span class='ocrx_word' id='word_1_328' title='bbox 977 2403 1082 2480; x_wconf 89' lang='lat' dir='ltr'><strong>ipsius</strong></span> <span class='ocrx_word' id='word_1_329' title='bbox 1095 2402 1230 2465; x_wconf 89' lang='lat' dir='ltr'><strong>obedire</strong></span> <span class='ocrx_word' id='word_1_330' title='bbox 1244 2406 1360 2480; x_wconf 84' lang='lat' dir='ltr'><strong>parata</strong></span> <span class='ocrx_word' id='word_1_331' title='bbox 1376 2401 1480 2478; x_wconf 88' lang='lat' dir='ltr'><strong>aliqui</strong></span> <span class='ocrx_word' id='word_1_332' title='bbox 1493 2399 1634 2461; x_wconf 80' lang='lat' dir='ltr'><strong>forsitan</strong></span> <span class='ocrx_word' id='word_1_333' title='bbox 1649 2402 1777 2460; x_wconf 83' lang='lat' dir='ltr'><strong>temera</strong></span> 
     </span>
     <span class='ocr_line' id='line_1_69' title="bbox 977 2496 1772 2574; baseline -0.008 -11"><span class='ocrx_word' id='word_1_334' title='bbox 977 2501 1257 2574; x_wconf 84' lang='lat' dir='ltr'><strong>contradixerint,</strong></span> <span class='ocrx_word' id='word_1_335' title='bbox 1284 2501 1361 2561; x_wconf 91' lang='grc'>11103</span> <span class='ocrx_word' id='word_1_336' title='bbox 1391 2499 1574 2562; x_wconf 86' lang='lat' dir='ltr'><strong>monitione</strong></span> <span class='ocrx_word' id='word_1_337' title='bbox 1600 2496 1772 2574; x_wconf 86' lang='lat' dir='ltr'><strong>praemissa</strong></span> 
     </span>
     <span class='ocr_line' id='line_1_70' title="bbox 977 2594 1775 2676; baseline -0.01 -15"><span class='ocrx_word' id='word_1_338' title='bbox 977 2615 1036 2676; x_wconf 91' lang='lat' dir='ltr'><strong>per</strong></span> <span class='ocrx_word' id='word_1_339' title='bbox 1064 2616 1238 2661; x_wconf 88' lang='lat' dir='ltr'><strong>censuram</strong></span> <span class='ocrx_word' id='word_1_340' title='bbox 1264 2597 1525 2660; x_wconf 89' lang='lat' dir='ltr'><strong>ecclesiasticam</strong></span> <span class='ocrx_word' id='word_1_341' title='bbox 1551 2594 1775 2672; x_wconf 90' lang='lat' dir='ltr'><strong>appellatione</strong></span> 
     </span>
     <span class='ocr_line' id='line_1_71' title="bbox 978 2693 1777 2774; baseline -0.01 -15"><span class='ocrx_word' id='word_1_342' title='bbox 978 2698 1104 2759; x_wconf 89' lang='lat' dir='ltr'><strong>remota</strong></span> <span class='ocrx_word' id='word_1_343' title='bbox 1123 2697 1343 2774; x_wconf 87' lang='lat' dir='ltr'><strong>compescant.</strong></span> <span class='ocrx_word' id='word_1_344' title='bbox 1361 2698 1479 2757; x_wconf 88' lang='lat' dir='ltr'><strong>Datum</strong></span> <span class='ocrx_word' id='word_1_345' title='bbox 1494 2693 1601 2756; x_wconf 84' lang='lat' dir='ltr'><strong>Alatri</strong></span> <span class='ocrx_word' id='word_1_346' title='bbox 1615 2694 1689 2755; x_wconf 88' lang='lat' dir='ltr'><strong>XIV</strong></span> <span class='ocrx_word' id='word_1_347' title='bbox 1704 2693 1777 2752; x_wconf 90' lang='lat' dir='ltr'><strong>Ka·</strong></span> 
     </span>
     <span class='ocr_line' id='line_1_72' title="bbox 977 2791 1531 2857; baseline -0.005 -2"><span class='ocrx_word' id='word_1_348' title='bbox 977 2794 1093 2857; x_wconf 79' lang='lat' dir='ltr'><strong>lendes</strong></span> <span class='ocrx_word' id='word_1_349' title='bbox 1109 2795 1253 2857; x_wconf 89' lang='lat' dir='ltr'><strong>octobris</strong></span> <span class='ocrx_word' id='word_1_350' title='bbox 1268 2809 1356 2855; x_wconf 91' lang='lat' dir='ltr'><strong>anno</strong></span> <span class='ocrx_word' id='word_1_351' title='bbox 1375 2791 1531 2854; x_wconf 86' lang='lat' dir='ltr'><strong>secunde.</strong></span> 
     </span>
     <span class='ocr_line' id='line_1_73' title="bbox 1017 2887 1774 2967; baseline -0.011 -13"><span class='ocrx_word' id='word_1_352' title='bbox 1017 2891 1354 2954; x_wconf 89' lang='lat' dir='ltr'><strong>lneumdemmodnm</strong></span> <span class='ocrx_word' id='word_1_353' title='bbox 1365 2889 1587 2967; x_wconf 91' lang='lat' dir='ltr'><strong>scriptumest</strong></span> <span class='ocrx_word' id='word_1_354' title='bbox 1599 2887 1774 2965; x_wconf 90' lang='lat' dir='ltr'><strong>superhnc</strong></span> 
     </span>
     <span class='ocr_line' id='line_1_74' title="bbox 977 2987 1775 3065; baseline -0.01 -13"><span class='ocrx_word' id='word_1_355' title='bbox 977 2991 1101 3052; x_wconf 89' lang='lat' dir='ltr'><strong>eisdem</strong></span> <span class='ocrx_word' id='word_1_356' title='bbox 1113 2989 1225 3053; x_wconf 81' lang='lat' dir='ltr'><strong>verbis</strong></span> <span class='ocrx_word' id='word_1_357' title='bbox 1240 2990 1464 3065; x_wconf 87' lang='lat' dir='ltr'><strong>competenter</strong></span> <span class='ocrx_word' id='word_1_358' title='bbox 1480 2987 1748 3059; x_wconf 68' lang='grc' dir='ltr'>0010110100οι0</span> <span class='ocrx_word' id='word_1_359' title='bbox 1763 3000 1775 3044; x_wconf 93' lang='grc'><strong>.·</strong></span> 
     </span>
    </p>
   </div>
   <div class='ocr_carea' id='block_1_20' title="bbox 977 3080 1865 3157">
    <p class='ocr_par' dir='ltr' id='par_1_23' title="bbox 977 3080 1865 3157">
     <span class='ocr_line' id='line_1_75' title="bbox 977 3080 1865 3157; baseline -0.01 -7"><span class='ocrx_word' id='word_1_360' title='bbox 977 3090 1095 3151; x_wconf 89' lang='lat' dir='ltr'><strong>merito</strong></span> <span class='ocrx_word' id='word_1_361' title='bbox 1122 3088 1364 3150; x_wconf 90' lang='lat' dir='ltr'><strong>commendare.</strong></span> <span class='ocrx_word' id='word_1_362' title='bbox 1395 3087 1557 3157; x_wconf 87' lang='lat' dir='ltr'><strong>Quocirca</strong></span> <span class='ocrx_word' id='word_1_363' title='bbox 1581 3080 1776 3145; x_wconf 89' lang='lat' dir='ltr'><strong>discretioni</strong></span> <span class='ocrx_word' id='word_1_364' title='bbox 1859 3114 1865 3131; x_wconf 63' lang='grc' dir='ltr'><em>ι</em></span> 
     </span>
    </p>
   </div>
   <div class='ocr_carea' id='block_1_21' title="bbox 978 3178 1774 3263">
    <p class='ocr_par' dir='ltr' id='par_1_24' title="bbox 978 3178 1774 3263">
     <span class='ocr_line' id='line_1_76' title="bbox 978 3178 1774 3263; baseline -0.009 -16"><span class='ocrx_word' id='word_1_365' title='bbox 978 3189 1096 3249; x_wconf 83' lang='lat' dir='ltr'><strong>restrae</strong></span> <span class='ocrx_word' id='word_1_366' title='bbox 1116 3200 1175 3263; x_wconf 89' lang='lat' dir='ltr'><strong>per</strong></span> <span class='ocrx_word' id='word_1_367' title='bbox 1189 3184 1379 3262; x_wconf 79' lang='lat' dir='ltr'><strong>Apostolica</strong></span> <span class='ocrx_word' id='word_1_368' title='bbox 1403 3183 1526 3260; x_wconf 90' lang='lat' dir='ltr'><strong>scripta</strong></span> <span class='ocrx_word' id='word_1_369' title='bbox 1550 3178 1774 3259; x_wconf 73' lang='lat' dir='ltr'><strong>praecipiendo</strong></span> 
     </span>
    </p>
   </div>
   <div class='ocr_carea' id='block_1_22' title="bbox 978 3277 1895 3360">
    <p class='ocr_par' dir='ltr' id='par_1_25' title="bbox 978 3277 1895 3360">
     <span class='ocr_line' id='line_1_77' title="bbox 978 3277 1895 3360; baseline -0.015 -15"><span class='ocrx_word' id='word_1_370' title='bbox 978 3284 1184 3353; x_wconf 89' lang='lat' dir='ltr'><strong>mandamus,</strong></span> <span class='ocrx_word' id='word_1_371' title='bbox 1203 3284 1365 3360; x_wconf 88' lang='lat' dir='ltr'><strong>quatenus</strong></span> <span class='ocrx_word' id='word_1_372' title='bbox 1380 3279 1477 3342; x_wconf 88' lang='lat' dir='ltr'><strong>dictis</strong></span> <span class='ocrx_word' id='word_1_373' title='bbox 1492 3279 1617 3340; x_wconf 89' lang='lat' dir='ltr'><strong>decano</strong></span> <span class='ocrx_word' id='word_1_374' title='bbox 1633 3279 1666 3338; x_wconf 92' lang='grc'><strong>01</strong></span> <span class='ocrx_word' id='word_1_375' title='bbox 1678 3277 1775 3353; x_wconf 88' lang='grc'>0001-</span> <span class='ocrx_word' id='word_1_376' title='bbox 1889 3306 1895 3313; x_wconf 93' lang='grc'>-</span> 
     </span>
    </p>
   </div>
   <div class='ocr_carea' id='block_1_23' title="bbox 977 3372 1779 3749">
    <p class='ocr_par' dir='ltr' id='par_1_26' title="bbox 977 3372 1779 3749">
     <span class='ocr_line' id='line_1_78' title="bbox 978 3372 1779 3443; baseline -0.012 0"><span class='ocrx_word' id='word_1_377' title='bbox 978 3381 1046 3443; x_wconf 90' lang='grc'>1010</span> <span class='ocrx_word' id='word_1_378' title='bbox 1065 3381 1099 3441; x_wconf 93' lang='grc'><strong>10</strong></span> <span class='ocrx_word' id='word_1_379' title='bbox 1118 3379 1265 3440; x_wconf 90' lang='lat' dir='ltr'><strong>mandati</strong></span> <span class='ocrx_word' id='word_1_380' title='bbox 1286 3378 1390 3441; x_wconf 87' lang='grc'>003101</span> <span class='ocrx_word' id='word_1_381' title='bbox 1405 3376 1601 3439; x_wconf 82' lang='lat' dir='ltr'><strong>executione</strong></span> <span class='ocrx_word' id='word_1_382' title='bbox 1614 3372 1779 3435; x_wconf 88' lang='lat' dir='ltr'><strong>cessanti-</strong></span> 
     </span>
     <span class='ocr_line' id='line_1_79' title="bbox 977 3474 1778 3554; baseline -0.011 -14"><span class='ocrx_word' id='word_1_383' title='bbox 977 3474 1778 3554; x_wconf 71' lang='grc'>1003,00031000100101000100100010,010.,00000</span> 
     </span>
     <span class='ocr_line' id='line_1_80' title="bbox 978 3567 1778 3652; baseline -0.013 -14"><span class='ocrx_word' id='word_1_384' title='bbox 978 3574 1206 3652; x_wconf 87' lang='lat' dir='ltr'><strong>compescatis.</strong></span> <span class='ocrx_word' id='word_1_385' title='bbox 1231 3572 1322 3647; x_wconf 90' lang='lat' dir='ltr'><strong>Quod</strong></span> <span class='ocrx_word' id='word_1_386' title='bbox 1343 3572 1455 3633; x_wconf 89' lang='grc'>31000</span> <span class='ocrx_word' id='word_1_387' title='bbox 1478 3585 1604 3643; x_wconf 90' lang='lat' dir='ltr'><strong>omnes,</strong></span> <span class='ocrx_word' id='word_1_388' title='bbox 1620 3568 1696 3641; x_wconf 80' lang='grc'>010,</span> <span class='ocrx_word' id='word_1_389' title='bbox 1712 3567 1778 3629; x_wconf 90' lang='lat' dir='ltr'><strong>duo</strong></span> 
     </span>
     <span class='ocr_line' id='line_1_81' title="bbox 977 3671 1525 3749; baseline -0.011 -12"><span class='ocrx_word' id='word_1_390' title='bbox 977 3676 1139 3747; x_wconf 82' lang='lat' dir='ltr'><strong>vestrum,</strong></span> <span class='ocrx_word' id='word_1_391' title='bbox 1151 3672 1213 3735; x_wconf 91' lang='lat' dir='ltr'><strong>etc.</strong></span> <span class='ocrx_word' id='word_1_392' title='bbox 1231 3671 1350 3733; x_wconf 85' lang='lat' dir='ltr'><strong>Datum</strong></span> <span class='ocrx_word' id='word_1_393' title='bbox 1363 3672 1525 3749; x_wconf 86' lang='lat' dir='ltr'><strong>utsupra.</strong></span> 
     </span>
    </p>
   </div>
   <div class='ocr_carea' id='block_1_24' title="bbox 1315 3849 1442 3938">
    <p class='ocr_par' dir='ltr' id='par_1_27' title="bbox 1315 3849 1442 3938">
     <span class='ocr_line' id='line_1_82' title="bbox 1315 3849 1442 3938; baseline -0.016 1"><span class='ocrx_word' id='word_1_394' title='bbox 1315 3849 1442 3938; x_wconf 89' lang='lat' dir='ltr'>XXXI</span> 
     </span>
    </p>
   </div>
   <div class='ocr_carea' id='block_1_25' title="bbox 1008 3998 1753 4164">
    <p class='ocr_par' dir='ltr' id='par_1_28' title="bbox 1008 3998 1753 4164">
     <span class='ocr_line' id='line_1_83' title="bbox 1008 3998 1753 4074; baseline -0.012 -5"><span class='ocrx_word' id='word_1_395' title='bbox 1008 4008 1061 4070; x_wconf 81' lang='lat' dir='ltr'><strong>Aa</strong></span> <span class='ocrx_word' id='word_1_396' title='bbox 1070 4004 1226 4067; x_wconf 78' lang='lat' dir='ltr'><strong>abbatem</strong></span> <span class='ocrx_word' id='word_1_397' title='bbox 1236 4006 1278 4065; x_wconf 83' lang='lat' dir='ltr'><strong>ae</strong></span> <span class='ocrx_word' id='word_1_398' title='bbox 1292 4005 1486 4074; x_wconf 70' lang='lat' dir='ltr'><strong>Grandine,</strong></span> <span class='ocrx_word' id='word_1_399' title='bbox 1501 3998 1753 4062; x_wconf 69' lang='lat' dir='ltr'><strong>xanctonensis</strong></span> 
     </span>
     <span class='ocr_line' id='line_1_84' title="bbox 1293 4101 1460 4164; baseline -0.024 -1"><span class='ocrx_word' id='word_1_400' title='bbox 1293 4101 1460 4164; x_wconf 78' lang='lat' dir='ltr'><strong>diaecesis.</strong></span> 
     </span>
    </p>
   </div>
   <div class='ocr_carea' id='block_1_26' title="bbox 1013 4222 1747 4406">
    <p class='ocr_par' dir='ltr' id='par_1_29' title="bbox 1013 4222 1747 4406">
     <span class='ocr_line' id='line_1_85' title="bbox 1273 4222 1661 4297; baseline -0.015 -16"><span class='ocrx_word' id='word_1_401' title='bbox 1273 4223 1308 4281; x_wconf 79' lang='lat' dir='ltr'><strong>le</strong></span> <span class='ocrx_word' id='word_1_402' title='bbox 1321 4230 1395 4297; x_wconf 77' lang='lat' dir='ltr'><strong>sept.</strong></span> <span class='ocrx_word' id='word_1_403' title='bbox 1414 4222 1492 4279; x_wconf 70' lang='lat' dir='ltr'><strong>lull.</strong></span> <span class='ocrx_word' id='word_1_404' title='bbox 1657 4290 1661 4295; x_wconf 31' lang='grc' dir='ltr'>Ι</span> 
     </span>
     <span class='ocr_line' id='line_1_86' title="bbox 1013 4332 1747 4406; baseline -0.016 -13"><span class='ocrx_word' id='word_1_405' title='bbox 1013 4340 1123 4406; x_wconf 72' lang='lat' dir='ltr'><strong>[nagan.</strong></span> <span class='ocrx_word' id='word_1_406' title='bbox 1135 4339 1181 4390; x_wconf 86' lang='lat' dir='ltr'><strong>lib.</strong></span> <span class='ocrx_word' id='word_1_407' title='bbox 1196 4340 1228 4397; x_wconf 93' lang='lat' dir='ltr'><strong>ll,</strong></span> <span class='ocrx_word' id='word_1_408' title='bbox 1242 4338 1316 4403; x_wconf 86' lang='lat' dir='ltr'><strong>epist.</strong></span> <span class='ocrx_word' id='word_1_409' title='bbox 1327 4338 1383 4388; x_wconf 82' lang='grc'>1118.</span> <span class='ocrx_word' id='word_1_410' title='bbox 1396 4338 1456 4388; x_wconf 82' lang='lat' dir='ltr'><strong>bles.</strong></span> <span class='ocrx_word' id='word_1_411' title='bbox 1469 4336 1504 4386; x_wconf 86' lang='lat' dir='ltr'><strong>La</strong></span> <span class='ocrx_word' id='word_1_412' title='bbox 1516 4334 1590 4385; x_wconf 87' lang='lat' dir='ltr'><strong>Porle</strong></span> <span class='ocrx_word' id='word_1_413' title='bbox 1604 4333 1638 4383; x_wconf 92' lang='lat' dir='ltr'><strong>du</strong></span> <span class='ocrx_word' id='word_1_414' title='bbox 1654 4332 1747 4397; x_wconf 81' lang='lat' dir='ltr'><strong>Thali]</strong></span> 
     </span>
    </p>
   </div>
   <div class='ocr_carea' id='block_1_27' title="bbox 1016 4447 1745 4619">
    <p class='ocr_par' dir='ltr' id='par_1_30' title="bbox 1016 4447 1745 4619">
     <span class='ocr_line' id='line_1_87' title="bbox 1016 4447 1745 4528; baseline -0.022 -9"><span class='ocrx_word' id='word_1_415' title='bbox 1016 4460 1052 4519; x_wconf 84' lang='lat' dir='ltr'><strong>Ut</strong></span> <span class='ocrx_word' id='word_1_416' title='bbox 1065 4456 1222 4516; x_wconf 88' lang='lat' dir='ltr'><strong>canonicus</strong></span> <span class='ocrx_word' id='word_1_417' title='bbox 1232 4454 1373 4528; x_wconf 83' lang='lat' dir='ltr'><strong>regularis</strong></span> <span class='ocrx_word' id='word_1_418' title='bbox 1387 4452 1415 4511; x_wconf 88' lang='lat' dir='ltr'><strong>S.</strong></span> <span class='ocrx_word' id='word_1_419' title='bbox 1432 4450 1586 4525; x_wconf 80' lang='lat' dir='ltr'><strong>Augustini</strong></span> <span class='ocrx_word' id='word_1_420' title='bbox 1597 4447 1745 4507; x_wconf 75' lang='lat' dir='ltr'><strong>beneflciis</strong></span> 
     </span>
     <span class='ocr_line' id='line_1_88' title="bbox 1211 4540 1543 4619; baseline -0.021 -17"><span class='ocrx_word' id='word_1_421' title='bbox 1211 4545 1338 4619; x_wconf 88' lang='lat' dir='ltr'><strong>privetur</strong></span> <span class='ocrx_word' id='word_1_422' title='bbox 1350 4540 1543 4601; x_wconf 81' lang='grc'>3000001003.</span> 
     </span>
    </p>
   </div>
   <div class='ocr_carea' id='block_1_28' title="bbox 1021 4655 1778 4727">
    <p class='ocr_par' dir='ltr' id='par_1_31' title="bbox 1021 4655 1778 4727">
     <span class='ocr_line' id='line_1_89' title="bbox 1021 4655 1778 4727; baseline -0.017 0"><span class='ocrx_word' id='word_1_423' title='bbox 1021 4664 1189 4727; x_wconf 81' lang='lat' dir='ltr'><strong>Honorius</strong></span> <span class='ocrx_word' id='word_1_424' title='bbox 1202 4661 1331 4724; x_wconf 89' lang='lat' dir='ltr'><strong>dilectis</strong></span> <span class='ocrx_word' id='word_1_425' title='bbox 1344 4659 1460 4720; x_wconf 81' lang='lat' dir='ltr'><strong>tiliis...</strong></span> <span class='ocrx_word' id='word_1_426' title='bbox 1479 4655 1591 4718; x_wconf 88' lang='lat' dir='ltr'><strong>abbati</strong></span> <span class='ocrx_word' id='word_1_427' title='bbox 1607 4655 1647 4716; x_wconf 94' lang='lat' dir='ltr'><strong>de</strong></span> <span class='ocrx_word' id='word_1_428' title='bbox 1666 4657 1778 4716; x_wconf 82' lang='lat' dir='ltr'><strong>Gran-</strong></span> 
     </span>
    </p>
   </div>
   <div class='ocr_carea' id='block_1_29' title="bbox 981 4751 1892 4831">
    <p class='ocr_par' dir='ltr' id='par_1_32' title="bbox 981 4751 1892 4831">
     <span class='ocr_line' id='line_1_90' title="bbox 981 4751 1892 4831; baseline -0.012 -8"><span class='ocrx_word' id='word_1_429' title='bbox 981 4763 1059 4823; x_wconf 89' lang='lat' dir='ltr'><strong>dim.</strong></span> <span class='ocrx_word' id='word_1_430' title='bbox 1083 4762 1290 4823; x_wconf 81' lang='lat' dir='ltr'><strong>xanctonen.</strong></span> <span class='ocrx_word' id='word_1_431' title='bbox 1310 4756 1474 4828; x_wconf 86' lang='lat' dir='ltr'><strong>dioecesis,</strong></span> <span class='ocrx_word' id='word_1_432' title='bbox 1491 4751 1779 4831; x_wconf 84' lang='lat' dir='ltr'><strong>archipresbytero</strong></span> <span class='ocrx_word' id='word_1_433' title='bbox 1889 4778 1892 4785; x_wconf 96' lang='lat'>·</span> 
     </span>
    </p>
   </div>
   <div class='ocr_carea' id='block_1_30' title="bbox 981 4848 1780 4935">
    <p class='ocr_par' dir='ltr' id='par_1_33' title="bbox 981 4848 1780 4935">
     <span class='ocr_line' id='line_1_91' title="bbox 981 4848 1780 4935; baseline -0.014 -14"><span class='ocrx_word' id='word_1_434' title='bbox 981 4860 1022 4921; x_wconf 90' lang='lat' dir='ltr'><strong>de</strong></span> <span class='ocrx_word' id='word_1_435' title='bbox 1032 4857 1194 4935; x_wconf 78' lang='lat' dir='ltr'><strong>Magnata,</strong></span> <span class='ocrx_word' id='word_1_436' title='bbox 1210 4858 1243 4918; x_wconf 92' lang='lat' dir='ltr'><strong>et</strong></span> <span class='ocrx_word' id='word_1_437' title='bbox 1257 4855 1416 4931; x_wconf 82' lang='lat' dir='ltr'><strong>magistro</strong></span> <span class='ocrx_word' id='word_1_438' title='bbox 1429 4850 1619 4913; x_wconf 88' lang='lat' dir='ltr'><strong>scholarum</strong></span> <span class='ocrx_word' id='word_1_439' title='bbox 1633 4848 1780 4911; x_wconf 77' lang='lat' dir='ltr'><strong>xancto-</strong></span> 
     </span>
    </p>
   </div>
   <div class='ocr_carea' id='block_1_31' title="bbox 982 4973 1776 5121">
    <p class='ocr_par' dir='ltr' id='par_1_34' title="bbox 982 4973 1776 5121">
     <span class='ocr_line' id='line_1_92' title="bbox 982 4973 1776 5121; baseline -0.015 -4"><span class='ocrx_word' id='word_1_440' title='bbox 982 4973 1071 5116; x_wconf 63' lang='lat' dir='ltr'><strong>neXd</strong></span> <span class='ocrx_word' id='word_1_441' title='bbox 1097 5052 1302 5115; x_wconf 89' lang='lat' dir='ltr'><strong>audientiam</strong></span> <span class='ocrx_word' id='word_1_442' title='bbox 1326 5049 1532 5112; x_wconf 76' lang='grc'>00310000.</span> <span class='ocrx_word' id='word_1_443' title='bbox 1556 5045 1776 5121; x_wconf 77' lang='lat' dir='ltr'><strong>Burdogalen.</strong></span> 
     </span>
    </p>
   </div>
   <div class='ocr_carea' id='block_1_32' title="bbox 983 5144 1777 5227">
    <p class='ocr_par' dir='ltr' id='par_1_35' title="bbox 983 5144 1777 5227">
     <span class='ocr_line' id='line_1_93' title="bbox 983 5144 1777 5227; baseline -0.014 -11"><span class='ocrx_word' id='word_1_444' title='bbox 983 5152 1144 5217; x_wconf 90' lang='lat' dir='ltr'><strong>canonico</strong></span> <span class='ocrx_word' id='word_1_445' title='bbox 1157 5149 1367 5227; x_wconf 81' lang='lat' dir='ltr'><strong>significante</strong></span> <span class='ocrx_word' id='word_1_446' title='bbox 1379 5145 1530 5223; x_wconf 88' lang='lat' dir='ltr'><strong>pervenit</strong></span> <span class='ocrx_word' id='word_1_447' title='bbox 1541 5144 1626 5224; x_wconf 89' lang='lat' dir='ltr'><strong>quod</strong></span> <span class='ocrx_word' id='word_1_448' title='bbox 1638 5160 1777 5222; x_wconf 78' lang='lat' dir='ltr'><strong>quarm...</strong></span> 
     </span>
    </p>
   </div>
   <div class='ocr_carea' id='block_1_33' title="bbox 129 5243 1895 5730">
    <p class='ocr_par' dir='ltr' id='par_1_36' title="bbox 129 5243 1895 5730">
     <span class='ocr_line' id='line_1_94' title="bbox 129 5243 1781 5335; baseline -0.012 -13"><span class='ocrx_word' id='word_1_449' title='bbox 129 5265 182 5322; x_wconf 91' lang='lat' dir='ltr'><strong>ter</strong></span> <span class='ocrx_word' id='word_1_450' title='bbox 196 5259 289 5319; x_wconf 85' lang='lat' dir='ltr'><strong>robis</strong></span> <span class='ocrx_word' id='word_1_451' title='bbox 301 5259 464 5321; x_wconf 80' lang='lat' dir='ltr'><strong>direxerit</strong></span> <span class='ocrx_word' id='word_1_452' title='bbox 477 5275 538 5321; x_wconf 91' lang='lat' dir='ltr'><strong>sua</strong></span> <span class='ocrx_word' id='word_1_453' title='bbox 555 5260 690 5335; x_wconf 89' lang='lat' dir='ltr'><strong>scripta,</strong></span> <span class='ocrx_word' id='word_1_454' title='bbox 716 5259 752 5320; x_wconf 88' lang='grc'><strong>01</strong></span> <span class='ocrx_word' id='word_1_455' title='bbox 768 5257 876 5334; x_wconf 90' lang='lat' dir='ltr'><strong>ipsum</strong></span> <span class='ocrx_word' id='word_1_456' title='bbox 894 5256 928 5317; x_wconf 93' lang='grc'><strong>10</strong></span> <span class='ocrx_word' id='word_1_457' title='bbox 983 5254 1129 5315; x_wconf 89' lang='lat' dir='ltr'><strong>decanus</strong></span> <span class='ocrx_word' id='word_1_458' title='bbox 1154 5247 1374 5324; x_wconf 76' lang='lat' dir='ltr'><strong>Burdogalen.</strong></span> <span class='ocrx_word' id='word_1_459' title='bbox 1400 5244 1444 5305; x_wconf 92' lang='lat' dir='ltr'><strong>sit</strong></span> <span class='ocrx_word' id='word_1_460' title='bbox 1473 5243 1655 5305; x_wconf 90' lang='lat' dir='ltr'><strong>canonicus</strong></span> <span class='ocrx_word' id='word_1_461' title='bbox 1679 5256 1781 5317; x_wconf 81' lang='lat' dir='ltr'><strong>regu-</strong></span> 
     </span>
     <span class='ocr_line' id='line_1_95' title="bbox 129 5339 1779 5434; baseline -0.012 -15"><span class='ocrx_word' id='word_1_462' title='bbox 129 5357 274 5419; x_wconf 87' lang='lat' dir='ltr'><strong>ecclesin</strong></span> <span class='ocrx_word' id='word_1_463' title='bbox 289 5358 399 5419; x_wconf 86' lang='lat' dir='ltr'><strong>vestra</strong></span> <span class='ocrx_word' id='word_1_464' title='bbox 419 5356 611 5434; x_wconf 87' lang='lat' dir='ltr'><strong>reciperetis</strong></span> <span class='ocrx_word' id='word_1_465' title='bbox 631 5356 666 5417; x_wconf 93' lang='grc'><strong>10</strong></span> <span class='ocrx_word' id='word_1_466' title='bbox 682 5355 879 5417; x_wconf 90' lang='lat' dir='ltr'><strong>canonicum</strong></span> <span class='ocrx_word' id='word_1_467' title='bbox 897 5355 930 5416; x_wconf 95' lang='lat' dir='ltr'><strong>et</strong></span> <span class='ocrx_word' id='word_1_468' title='bbox 984 5351 1076 5422; x_wconf 89' lang='lat' dir='ltr'><strong>laris,</strong></span> <span class='ocrx_word' id='word_1_469' title='bbox 1106 5348 1205 5419; x_wconf 91' lang='lat' dir='ltr'><strong>idem,</strong></span> <span class='ocrx_word' id='word_1_470' title='bbox 1233 5360 1333 5424; x_wconf 87' lang='lat' dir='ltr'><strong>quam</strong></span> <span class='ocrx_word' id='word_1_471' title='bbox 1359 5340 1527 5420; x_wconf 81' lang='lat' dir='ltr'><strong>protessus</strong></span> <span class='ocrx_word' id='word_1_472' title='bbox 1555 5342 1606 5403; x_wconf 91' lang='lat' dir='ltr'><strong>est</strong></span> <span class='ocrx_word' id='word_1_473' title='bbox 1629 5339 1779 5415; x_wconf 81' lang='lat' dir='ltr'><strong>regulam</strong></span> 
     </span>
     <span class='ocr_line' id='line_1_96' title="bbox 130 5438 1778 5525; baseline -0.012 -9"><span class='ocrx_word' id='word_1_474' title='bbox 130 5457 166 5517; x_wconf 94' lang='lat' dir='ltr'><strong>in</strong></span> <span class='ocrx_word' id='word_1_475' title='bbox 181 5454 328 5515; x_wconf 82' lang='lat' dir='ltr'><strong>fratrem.</strong></span> <span class='ocrx_word' id='word_1_476' title='bbox 345 5451 931 5525; x_wconf 78' lang='grc'>01001000000100110001,0100110-</span> <span class='ocrx_word' id='word_1_477' title='bbox 984 5465 1050 5511; x_wconf 93' lang='grc'><strong>000</strong></span> <span class='ocrx_word' id='word_1_478' title='bbox 1066 5446 1261 5515; x_wconf 80' lang='lat' dir='ltr'><strong>observare,</strong></span> <span class='ocrx_word' id='word_1_479' title='bbox 1278 5443 1313 5503; x_wconf 93' lang='lat' dir='ltr'><strong>in</strong></span> <span class='ocrx_word' id='word_1_480' title='bbox 1332 5441 1477 5504; x_wconf 88' lang='lat' dir='ltr'><strong>claustro</strong></span> <span class='ocrx_word' id='word_1_481' title='bbox 1492 5455 1559 5501; x_wconf 93' lang='grc'><strong>000</strong></span> <span class='ocrx_word' id='word_1_482' title='bbox 1568 5438 1692 5500; x_wconf 88' lang='lat' dir='ltr'><strong>residet</strong></span> <span class='ocrx_word' id='word_1_483' title='bbox 1704 5452 1778 5498; x_wconf 90' lang='lat' dir='ltr'><strong>cum</strong></span> 
     </span>
     <span class='ocr_line' id='line_1_97' title="bbox 131 5533 1780 5630; baseline -0.013 -16"><span class='ocrx_word' id='word_1_484' title='bbox 131 5553 184 5629; x_wconf 74' lang='lat' dir='ltr'><strong>gis</strong></span> <span class='ocrx_word' id='word_1_485' title='bbox 199 5552 304 5630; x_wconf 89' lang='lat' dir='ltr'><strong>ipsius</strong></span> <span class='ocrx_word' id='word_1_486' title='bbox 319 5552 382 5614; x_wconf 87' lang='lat' dir='ltr'><strong>sibi</strong></span> <span class='ocrx_word' id='word_1_487' title='bbox 397 5569 497 5630; x_wconf 89' lang='lat' dir='ltr'><strong>snper</strong></span> <span class='ocrx_word' id='word_1_488' title='bbox 509 5552 572 5614; x_wconf 89' lang='lat' dir='ltr'><strong>boc</strong></span> <span class='ocrx_word' id='word_1_489' title='bbox 590 5550 811 5614; x_wconf 92' lang='lat' dir='ltr'><strong>monitoribus</strong></span> <span class='ocrx_word' id='word_1_490' title='bbox 826 5550 931 5628; x_wconf 90' lang='lat' dir='ltr'><strong>depu-</strong></span> <span class='ocrx_word' id='word_1_491' title='bbox 984 5546 1160 5616; x_wconf 86' lang='lat' dir='ltr'><strong>conventu,</strong></span> <span class='ocrx_word' id='word_1_492' title='bbox 1173 5541 1232 5604; x_wconf 90' lang='lat' dir='ltr'><strong>sed</strong></span> <span class='ocrx_word' id='word_1_493' title='bbox 1247 5542 1311 5603; x_wconf 89' lang='lat' dir='ltr'><strong>buc</strong></span> <span class='ocrx_word' id='word_1_494' title='bbox 1321 5540 1467 5617; x_wconf 85' lang='lat' dir='ltr'><strong>illucque</strong></span> <span class='ocrx_word' id='word_1_495' title='bbox 1478 5538 1668 5600; x_wconf 91' lang='lat' dir='ltr'><strong>discurrens</strong></span> <span class='ocrx_word' id='word_1_496' title='bbox 1684 5533 1780 5611; x_wconf 89' lang='lat' dir='ltr'><strong>plura</strong></span> 
     </span>
     <span class='ocr_line' id='line_1_98' title="bbox 134 5630 1895 5730; baseline -0.016 -13"><span class='ocrx_word' id='word_1_497' title='bbox 134 5634 930 5730; x_wconf 63' lang='grc' dir='ltr'>101101100110,1111100000000001000100οἰοο</span> <span class='ocrx_word' id='word_1_498' title='bbox 983 5642 1144 5707; x_wconf 77' lang='lat' dir='ltr'><strong>beneficia</strong></span> <span class='ocrx_word' id='word_1_499' title='bbox 1166 5639 1354 5711; x_wconf 71' lang='grc'>0111100110</span> <span class='ocrx_word' id='word_1_500' title='bbox 1373 5636 1491 5701; x_wconf 87' lang='lat' dir='ltr'><strong>salutis</strong></span> <span class='ocrx_word' id='word_1_501' title='bbox 1506 5633 1650 5714; x_wconf 88' lang='lat' dir='ltr'><strong>propriae</strong></span> <span class='ocrx_word' id='word_1_502' title='bbox 1671 5630 1787 5693; x_wconf 76' lang='lat' dir='ltr'><strong>detri-&#39;</strong></span> <span class='ocrx_word' id='word_1_503' title='bbox 1890 5634 1895 5641; x_wconf 87' lang='lat'>&#39;</span> 
     </span>
    </p>
   </div>
   <div class='ocr_carea' id='block_1_34' title="bbox 0 0 1919 6164">
    <p class='ocr_par' dir='ltr' id='par_1_37' title="bbox 0 0 1919 6164">
     <span class='ocr_line' id='line_1_99' title="bbox 0 0 1919 6164; baseline 0 0"><span class='ocrx_word' id='word_1_504' title='bbox 0 0 1919 6164; x_wconf 95' lang='lat' dir='ltr'><strong> </strong></span> 
     </span>
    </p>
   </div>
  </div>
 </body>
</html>
