3794 6166
199 321 259 380 843

818 320 993 385 BONORII
1015 321 1060 383 111
1081 321 1232 384 OPERA.
1785 323 1833 386 ull

200 481 270 542 tum
292 480 466 542 audaciam
490 478 731 541 molestationis
754 481 915 551 assumat,
935 494 996 540 nos
1050 479 1286 558 losoppressos
1303 480 1392 543 tueri
1406 482 1572 552 tenemur,
1587 480 1685 543 tanto
1706 480 1739 542 ei
1760 497 1837 543 oom-

70 578 74 583 '
200 578 235 638 in
262 577 522 639 consolationem
551 576 675 639 doloris
703 579 736 639 et
765 578 996 653 angustiarum
1052 579 1206 656 patiendo
1243 578 1420 656 benignius
1458 594 1564 656 super
1599 578 1718 640 dolore
1741 578 1838 656 hujus-

200 676 333 737 tuarum
344 675 608 745 solatium,tuam
619 675 652 736 et
660 675 996 753 pupillorumtuorum
1051 678 1151 749 modi,
1178 679 1302 756 quanto
1336 692 1450 739 rumor
1481 676 1594 739 obitus
1616 676 1684 738 riri
1712 676 1766 737 sui
1788 693 1838 739 nos

200 789 371 850 personas,
383 788 422 832 ac
437 788 575 847 regnum
588 773 760 849 praelatum
776 772 836 833 sub
851 776 995 850 Aposto-
1051 774 1280 839 vehementius
1287 773 1508 836 conturbavit
1517 773 1627 836 valde
1635 788 1741 850 super
1750 773 1840 853 ipsius

200 870 274 930 licae
286 869 380 930 Sedis
393 871 426 930 et
440 872 553 931 nostra
567 871 770 946 protectione
785 871 995 947 suscipimus,
1051 871 1337 937 molestationibus
1373 872 1547 947 angimur,
1573 885 1645 933 non
1685 871 1840 933 immerito

199 967 411 1044 etpraesentis
421 967 537 1043 scripti
548 968 732 1044 patrocinio
742 968 993 1039 communimus,
1051 968 1339 1042 formidantesne,
1347 969 1377 1030 si
1386 969 1459 1031 haec
1469 968 1690 1031 dissimulare
1699 969 1839 1042 velimus,

199 1065 383 1126 districtius
392 1064 592 1136 inhibentes,
607 1082 649 1127 ne
659 1066 732 1143 quis
744 1081 803 1127 vos
814 1068 847 1128 et
856 1081 995 1142 regnum
1050 1067 1193 1131 districti
1212 1068 1337 1146 judicis
1357 1068 1571 1129 incurramus
1595 1066 1778 1138 offensam,
1796 1069 1841 1145 qui

198 1162 372 1240 praelatum
383 1165 562 1240 presumat
569 1165 693 1225 temere
703 1164 894 1227 molestare.
903 1163 995 1225 Nulli
1050 1165 1338 1229 dissimulantibus
1353 1166 1511 1244 iniuriam
1527 1165 1649 1228 talium
1659 1166 1762 1244 quasi
1773 1182 1842 1242 spe-

197 1276 278 1336 ergo
293 1263 416 1324 nostrae
431 1261 657 1338 protectionis,
674 1263 707 1323 et
719 1262 929 1324 inhibitionis
942 1262 996 1322 in·
1050 1263 1181 1326 cialiter
1215 1264 1257 1326 ad
1292 1264 1401 1341 ipsum
1428 1263 1608 1340 pertineat,
1633 1263 1841 1340 imprecatur,

198 1358 355 1435 fringere,
380 1360 443 1421 eto.
475 1359 509 1421 si
533 1360 607 1437 quis
631 1361 761 1432 autem,
786 1363 848 1422 etc.
876 1360 995 1422 Datum
1050 1364 1235 1441 praesertim
1250 1380 1351 1441 quum
1374 1363 1488 1425 valere
1510 1363 1744 1440 periculosum
1759 1364 1842 1425 exis-

198 1457 366 1528 Laterani,
382 1457 500 1534 quarto
514 1457 589 1518 idus
602 1457 692 1534 julii,
708 1472 798 1521 anno
813 1457 970 1522 secundo.
1048 1464 1144 1533 teret,
1173 1447 1374 1524 Christianis
1407 1460 1689 1539 prosequentibus
1718 1477 1843 1523 causam

1049 1559 1184 1631 Christi,
1198 1561 1235 1621 ut
1243 1560 1333 1621 terra
1344 1559 1415 1631 illa,
1431 1559 1510 1620 dum
1524 1559 1589 1636 ipsi
1611 1559 1727 1622 crucis
1744 1560 1845 1622 inten-

464 1626 724 1713 CCCXXVIII
1050 1658 1132 1720 dunt
1146 1658 1292 1734 negotio,
1306 1657 1508 1720 turbaretur.
1526 1656 1675 1736 Ideoque
1690 1657 1842 1720 iratemi-

225 1762 277 1822 Ad
288 1760 515 1834 praepositum
529 1762 564 1820 et
574 1762 763 1833 capitulum
773 1763 963 1827 Seccuwcu,
1049 1756 1110 1818 tati
1123 1759 1189 1819 tuae
1201 1771 1261 1832 per
1275 1755 1465 1833 apostoliea
1482 1755 1607 1832 scripta
1626 1755 1844 1833 praecipiendo

507 1873 524 1930 8
536 1872 588 1945 jul.
602 1874 681 1933 lale.

368 1978 470 2044 [Pusch‚
483 1979 595 2045 Diplom.
608 1981 706 2046 Styriae,
717 1982 736 2038 l,
756 1981 823 2047 lea]

81 2074 87 2079 '
119 2127 121 2130 Α
197 2078 247 2136 Eis
265 2075 410 2152 significet
429 2093 460 2135 se
478 2077 694 2152 archiepiscopo
709 2078 909 2154 salzburgensi
923 2095 991 2138 con·

230 2166 342 2225 redisse
364 2165 527 2226 facultatem
549 2169 680 2242 erigendi
695 2168 724 2226 in
749 2183 848 2227 eorum
870 2169 992 2228 ecclesia

232 2258 429 2331 episcopatum
441 2257 672 2316 Seccowensem.

237 2373 329 2446 Quod
344 2374 547 2438 venerabilis
559 2375 662 2437 irater
683 2376 797 2438 noster
816 2376 994 2438 salzebur-

200 2474 312 2548 gensis
334 2473 615 2551 archiepiscopus,
642 2490 710 2535 non
739 2490 810 2546 sua,
839 2474 896 2536 sed
920 2491 993 2553 quae

200 2569 334 2643 Christi,
347 2571 410 2632 etc.
428 2568 529 2648 (Vide
542 2586 662 2647 supra,
675 2572 699 2633 t.
717 2573 758 2645 Il,
773 2573 836 2634 col.
853 2571 940 2652 815.)

487 2740 706 2830 cccxxix

235 2885 288 2943 Ad
308 2885 489 2957 Pelopiam
502 2885 727 2944 albanensem
744 2885 951 2956 episcopum.

501 3003 535 3060 li
551 3002 598 3060 'ul
616 3004 695 3063 1218.

203 3111 266 3172 [blas
284 3108 377 3166 butria.
392 3108 503 3160 Histoire
528 3019 560 3160 dele
574 3109 626 3160 l’llo
637 3110 669 3161 de
682 3111 790 3176 Gbypre,
803 3116 822 3160 t.
833 3112 878 3171 lll,
889 3128 915 3177 p.
924 3111 992 3174 did]

1049 1853 1255 1924 mandamus,
1270 1852 1594 1931 quatenusreginam
1610 1852 1766 1914 eamdem
1777 1869 1844 1914 cum

1049 1950 1128 2012 tiliis
1141 1950 1354 2013 suisbabens
1368 1950 1535 2028 inquibus
1549 1966 1626 2012 cum
1640 1953 1713 2012 Deo
1728 1951 1844 2028 poteris

1049 2048 1246 2127 propensius
1258 2048 1534 2121 commendatam,
1550 2063 1691 2110 cosnec
1715 2065 1781 2110 non
1794 2064 1846 2110 re-

1048 2163 1151 2224 gnum
1166 2146 1358 2224 praedictum
1373 2161 1393 2208 a
1417 2146 1679 2223 malignantium
1697 2149 1845 2224 protegas

1049 2245 1239 2308 incursibus
1250 2246 1285 2308 et
1295 2244 1466 2319 delendas,
1481 2245 1529 2307 ita
1543 2246 1580 2307 ut
1589 2243 1638 2306 ibi
1653 2260 1774 2306 omnes
1788 2244 1843 2306 sub

1048 2348 1105 2409 tua
1120 2345 1294 2406 manentes
1306 2343 1500 2405 defensione
1524 2342 1637 2405 securi
1656 2342 1701 2404 ab
1722 2342 1775 2404 bis
1794 2343 1844 2420 qui

1049 2458 1107 2504 eos
1120 2441 1204 2504 forte
1217 2441 1395 2504 molestare
1409 2441 1689 2518 presumpserint
1705 2441 1844 2503 indebite

1048 2556 1116 2603 non
1129 2540 1305 2612 vexentur,
1321 2542 1354 2602 et
1367 2540 1476 2602 crucis
1491 2540 1676 2615 negotium,
1689 2538 1777 2617 quod
1793 2554 1846 2615 per

1048 2638 1112 2702 boc
1125 2638 1232 2716 possit
1245 2638 1409 2716 impediri,
1424 2638 1467 2699 de
1485 2636 1579 2699 facili
1594 2653 1662 2699 non
1683 2637 1842 2702 turbetur.

1048 2739 1119 2798 Nos
1143 2738 1232 2799 enim
1256 2736 1409 2798 omnibus
1434 2737 1492 2813 qui
1511 2736 1628 2797 contra
1644 2751 1708 2797 eos
1723 2733 1843 2812 aliquid

1043 2835 1132 2911 juris
1144 2851 1182 2898 se
1200 2835 1324 2898 babere
1338 2835 1538 2912 proponunt,
1557 2833 1718 2895 exbiberi
1732 2834 1782 2894 eis
1794 2848 1845 2894 ra·

1048 2932 1149 2995 tionis
1160 2933 1400 3012 plenitudinem
1415 2931 1589 2997 iaciemus.

1088 3033 1207 3093 Datum
1228 3032 1398 3100 Laterani,
1413 3032 1456 3093 lv
1472 3030 1549 3093 idus
1567 3029 1663 3109 julii,
1680 3046 1772 3092 anno
1797 3043 1847 3090 se-

1049 3130 1169 3192 cundo.

215 3220 251 3276 Ut
265 3217 374 3275 illicem
386 3217 517 3290 reginam
530 3217 613 3290 Cypri
626 3231 660 3274 ac
669 3216 743 3274 tilios
755 3217 818 3290 ejus
831 3225 974 3292 protegat.

1348 3252 1545 3341 CCCXXX

1109 3401 1161 3461 Ad
1177 3400 1358 3458 ulliversos
1372 3400 1546 3471 episcopos
1560 3398 1789 3457 werecordina.

1345 3519 1379 3576 {3
1395 3519 1445 3591 J'ul.
1468 3520 1548 3576 llis.

1180 3636 1310 3700 [Bobmer,
1322 3637 1387 3685 Acte
1395 3635 1495 3698 imper,
1504 3634 1537 3692 ll,
1548 3632 1604 3690 did,
1616 3633 1722 3698 neus]

1051 3746 1099 3802 Eis
1127 3743 1271 3816 significat
1298 3755 1330 3798 se
1354 3749 1493 3810 rectores,
1515 3734 1698 3798 consiliarios
1725 3741 1846 3798 civitatis

1086 3833 1326 3899 Placentinorum,
1349 3837 1377 3885 et
1399 3843 1500 3886 omnes
1517 3829 1588 3885 alios
1603 3830 1652 3900 qui
1674 3828 1709 3885 ad
1731 3830 1842 3901 impug·

1086 3919 1213 3978 nandum
1233 3920 1441 3977 Cremonenses
1462 3925 1490 3974 et
1511 3920 1685 3974 Parmenses
1709 3932 1789 3974 arma
1810 3917 1843 3972 de

1086 4017 1191 4066 caeteru
1204 4009 1388 4079 sumpserint,
1410 4006 1720 4064 excommunicationis
1733 4006 1845 4063 vinculo

1086 4096 1233 4155 innodare.
1258 4096 1375 4154 blandai
1394 4103 1425 4153 ut
1441 4095 1587 4168 praemisse
1612 4094 1731 4152 tirmiter
1750 4095 1842 4153 obscr-

237 3337 404 3397 Honorius
444 3336 630 3412 episcopus,
664 3351 780 3397 servus
821 3353 993 3398 serrorum

197 3436 267 3505 bei,
284 3433 465 3496 Albanensi
489 3433 656 3510 episcopo,
681 3434 994 3510 apostolicaesedis

196 3533 315 3608 legato
1030 3599 1032 3603 .

237 3633 401 3691 Memores
434 3627 619 3691 devotionis
642 3628 733 3689 illius
760 3645 870 3706 quam,
895 3629 995 3690 clarae

196 3728 366 3790 memoriae
394 3744 456 3787 rex
480 3726 578 3803 Cppri
602 3725 643 3786 ud
672 3742 732 3786 nos
751 3729 785 3788 et
812 3729 995 3788 Romanam

198 3825 380 3887 Ecclesiam
396 3825 547 3885 noscitur
567 3823 735 3894 babuisse,
758 3824 940 3886 carissimae
960 3825 996 3885 in

198 3924 329 3984 Christo
353 3922 430 3983 tiliae
459 3921 585 3983 relictae
601 3937 681 3992 suae,
698 3922 797 3998 Cypri
810 3923 933 3998 reginae
949 3922 995 3984 il-

198 4020 323 4090 lustris,
341 4035 380 4080 ac
404 4035 539 4080 suorum
566 4019 712 4079 omnium
732 4035 799 4080 non
821 4035 996 4096 possumus

200 4117 362 4187 oblivisci,
383 4117 416 4176 ei
437 4132 537 4191 quum
557 4115 705 4176 eamdem
726 4118 888 4192 reginam,
912 4119 997 4178 sicut

199 4232 259 4295 pro
273 4217 363 4276 certo
376 4215 539 4285 tenemus,
551 4229 611 4291 pro
626 4215 731 4274 morie
743 4215 833 4290 regis
846 4214 995 4290 praedicti
1085 4193 1163 4245 vem·

199 4315 265 4376 viri
278 4314 341 4385 sui,
359 4328 398 4374 eo
416 4311 533 4372 lortius
547 4311 752 4372 circumdent
768 4313 943 4388 angustiae,
963 4313 997 4374 et
1091 4305 1257 4367 Honorius
1265 4303 1451 4379 episcopus,
1460 4316 1577 4362 servus
1588 4316 1764 4362 servorum
1776 4301 1844 4370 Dei,

199 4411 552 4475 doloranimumsuum
564 4410 748 4485 angat,quo
760 4409 822 4470 sibi
835 4412 867 4471 et
881 4410 996 4472 liberis
1050 4401 1295 4464 venerabilibus
1317 4399 1475 4460 fratribus
1489 4399 1659 4462 universis
1682 4399 1844 4475 episcopis

200 4513 269 4572 suis
284 4509 420 4585 gravius
434 4524 476 4567 ex
487 4508 550 4568 boc
561 4507 661 4568 sentit
674 4508 849 4569 imminere
862 4509 997 4585 dispen·
1050 4499 1269 4570 Lombardiae,
1285 4497 1424 4558 salutem
1445 4497 1478 4556 et
1501 4496 1719 4572 apostolicam
1746 4495 1845 4556 bene-

200 4608 302 4678 dium,
319 4623 358 4667 ac
368 4622 507 4681 regnum
528 4605 626 4682 Cypri
641 4604 732 4666 videt
746 4607 820 4667 sine
833 4606 997 4682 regimine
1050 4599 1239 4661 dictionem.

199 4704 420 4782 periculosius
435 4702 608 4772 fluctuare,
631 4717 671 4762 ao
688 4702 775 4762 sicut
789 4703 883 4762 nobis
898 4704 996 4763 inno·
1090 4696 1221 4757 Miserae
1246 4691 1444 4754 conditionis
1473 4690 1623 4752 existunt
1650 4691 1842 4767 perditionis

198 4804 272 4874 tuit,
297 4801 431 4881 quidam
457 4799 589 4860 accensi
618 4799 836 4875 malignitatis
863 4800 993 4874 ardore,
1050 4794 1122 4865 tilii,
1139 4792 1272 4869 reprobi
1286 4789 1483 4860 Placentini,
1501 4788 1558 4865 qui
1573 4788 1694 4851 baculo
1709 4789 1841 4850 arumli-

199 4901 305 4978 ipsam
322 4901 459 4976 ejusque
472 4897 558 4958 lilios
579 4913 619 4958 ao
638 4913 778 4972 regnum
797 4897 993 4974 praedictum
1049 4909 1112 4953 neo
1126 4892 1240 4953 contra
1256 4888 1429 4952 Dominum
1445 4887 1625 4947 innitentes
1639 4886 1673 4946 in
1686 4886 1840 4946 Mediola-

199 5002 322 5061 temere
338 4997 517 5057 molestare
537 4996 751 5070 praesumant,
767 4995 824 5072 qui
836 4994 995 5057 deberent
1050 4991 1203 5051 nensium
1213 4986 1370 5064 superbia
1378 4988 1536 5046 consueta
1547 4986 1676 5060 ponunt
1692 4984 1838 5043 fiduciam

199 5095 309 5175 potius
332 5095 395 5155 boc
421 5092 631 5154 necessitatis
652 5095 811 5171 tempore,
840 5093 994 5155 obmissis
1050 5104 1149 5165 supra
1164 5103 1211 5158 se,
1224 5086 1410 5162 quaerentes
1426 5084 1461 5144 in
1476 5082 1619 5146 aliorum
1632 5082 1758 5158 injrrria
1772 5081 1837 5156 glo-

198 5193 286 5263 aliis‚
304 5191 435 5268 negotio
461 5191 635 5253 intendere
657 5191 821 5262 crucifixi,
839 5191 924 5267 quod
940 5194 995 5253 to-
1048 5187 1140 5248 riari.
1159 5186 1255 5246 Certe
1269 5199 1335 5244 non
1357 5183 1405 5242 sic
1427 5181 1589 5241 dictorum
1610 5181 1833 5243 Mediolanen-

197 5295 250 5357 tus
279 5291 348 5350 sere
377 5291 518 5367 populus
546 5290 762 5355 christianus,
788 5289 993 5365 praeterendo
1049 5287 1134 5346 sium
1155 5281 1382 5357 arrogantiam
1406 5278 1529 5340 imitari
1554 5278 1723 5344 deberent,
1740 5279 1832 5352 utju-

196 5391 278 5454 illud
294 5387 436 5465 propriis
453 5387 662 5458 utilitatibus,
686 5401 880 5464 promovere
896 5387 992 5448 labo·
1048 5383 1187 5443 rumenti
1205 5379 1299 5441 nobis
1315 5393 1421 5453 nuper
1430 5376 1570 5442 exbibiti
1581 5380 1693 5437 essent
1707 5389 1831 5452 prorsus

196 5491 265 5562 rat3
288 5501 347 5546 nos
372 5483 428 5558 qui
451 5485 522 5557 ejus
546 5485 653 5547 vicem
672 5484 706 5543 in
727 5483 825 5544 terris
846 5484 992 5558 gerimus
1048 5481 1152 5550 obliti,
1169 5482 1283 5540 contra
1297 5476 1434 5536 dilectos
1450 5474 1536 5536 filios
1554 5475 1790 5534 Cremonenses
1805 5472 1830 5528 et

197 5588 252 5664 qui
266 5586 318 5645 est
332 5580 542 5641 moerentium
554 5581 754 5649 consolator,
769 5581 802 5642 et
817 5596 859 5641 ex
874 5579 993 5643 debitae
1048 5580 1245 5638 Parmenses
1273 5573 1440 5635 hostiliter
1467 5570 1686 5647 procedendo.
1719 5567 1830 5640 Quibus

197 5680 368 5746 servitutis
384 5676 493 5740 oifioio
506 5677 635 5750 viduas,
652 5678 820 5755 orphanos
830 5679 863 5739 et
877 5679 991 5756 pupil-
1048 5675 1274 5754 injunximus,
1301 5671 1475 5750 postquam
1497 5668 1621 5730 nostris
1646 5665 1828 5748 juraverunt
