3794 6166
134 310 169 375 1³
424 310 466 371 11.
480 337 522 356 -
532 308 578 372 ΙΝ
592 308 920 372 PURIFICATIONE
940 308 1092 371 BEATAE
1111 308 1302 371 VIRGINIS
1316 308 1468 370 MARIAE
1729 306 1767 369 id

134 466 249 547 templi,
272 466 331 547 qui
350 467 449 530 simul
465 469 574 546 juncti
597 470 674 533 sunt
698 468 918 548 quadraginta
972 483 1071 541 mam,
1086 484 1160 546 quae
1175 468 1315 545 suscipit
1334 483 1459 540 semen,
1475 467 1572 539 idest,
1587 466 1767 543 diligenter

136 566 216 641 dies;
237 567 271 627 et
285 565 343 628 isti
362 565 433 628 dies
449 565 645 629 dicebantur
660 567 732 629 dies
746 567 918 644 purgatio·
972 565 1064 627 audil
1077 565 1213 628 verbum
1233 566 1303 627 Dei.
1327 566 1448 627 semen
1468 566 1519 627 est
1536 561 1676 626 verbum
1690 563 1765 637 Dci3

138 664 194 735 uis,
207 662 291 741 quod
315 663 351 724 in
375 663 424 725 eis
447 665 652 741 purgabatur
670 665 791 727 mulier
805 682 823 726 a
840 682 919 741 pro·
971 662 1092 723 bonum
1104 664 1155 724 est
1169 663 1256 724 enim
1268 661 1530 724 audireverbum
1543 660 1614 729 Dei,
1631 660 1769 722 sedmo-

138 761 228 821 durio
263 761 438 837 sanguinis
476 763 540 823 sui.
578 763 613 823 Si
643 779 723 826 vero
760 763 916 823 seminam
972 760 1037 821 lius
1060 762 1111 823 est
1133 760 1275 837 operari,
1302 760 1387 838 quod
1407 775 1473 820 non
1493 760 1661 820 auditores
1683 757 1766 833 legis

139 858 323 935 peperisset,
352 858 521 920 immunda
549 863 638 921 esset
669 860 917 937 quatuordecim
967 858 1050 934 iusti
1072 860 1149 919 sunt
1172 858 1258 934 apud
1285 859 1400 929 Deum,
1429 857 1486 918 sed
1512 855 1656 917 factores
1682 855 1767 931 legis

139 953 250 1026 diebus,
269 955 324 1016 rel
343 955 470 1017 duabus
480 956 750 1030 hebdomadibus,
771 960 805 1020 et
819 974 918 1020 sexa·
967 955 1247 1032 justificabuntur.

139 1051 216 1127 ginta
230 1066 289 1113 sex
304 1051 419 1115 diebus
434 1054 630 1117 maneretin
643 1056 805 1133 sanguine
819 1056 916 1133 puri·¹
1011 1053 1087 1112 'iria
1117 1051 1283 1129 praecipue
1315 1051 1463 1114 cavenda
1496 1052 1583 1124 sunt,
1608 1066 1684 1113 cum
1713 1066 1766 1111 res

139 1148 916 1230 ficationissuae.cumessentexpletidiespuri-
971 1149 1075 1225 exigit
1098 1151 1134 1212 ut
1161 1148 1299 1211 verbum
1325 1150 1384 1209 Dei
1411 1148 1610 1225 proseratur,
1638 1164 1681 1209 ne
1708 1150 1768 1209 aut

138 1244 382 1325 lmaonisetus,
395 1249 616 1325 profiliosive
628 1251 918 1328 promiadebebat
971 1245 1092 1323 tepide,
1104 1247 1163 1308 am
1171 1246 1310 1323 trepide,
1322 1247 1380 1308 aut
1391 1246 1556 1308 invidiose
1570 1245 1765 1307 retineatur.

138 1358 262 1418 puerum
289 1346 493 1421 praesentare
520 1346 556 1407 in
582 1347 717 1425 templo,
740 1350 774 1410 et
796 1348 916 1410 offerre
970 1343 1093 1420 Tepido
1116 1342 1157 1404 de
1180 1342 1386 1405 auditoribus
1410 1342 1609 1415 diffidentes,
1638 1342 1767 1419 trepide

138 1453 245 1514 agnum
259 1440 296 1501 in
311 1440 541 1504 holocaustum
561 1446 594 1507 et
614 1445 741 1522 pullum
755 1443 917 1507 columbas
971 1438 1247 1502 irrationabiliter
1263 1438 1430 1509 timentes,
1445 1438 1611 1501 invidiose
1629 1437 1767 1500 fratrem
1847 1458 1851 1463 ·

137 1535 355 1599 velturturem
374 1554 435 1615 pro
448 1541 595 1616 peccato.
617 1543 652 1603 Si
667 1544 778 1606 autem
792 1558 919 1621 pauper
972 1552 1039 1598 11011
1067 1536 1227 1599 amantes·
1258 1539 1295 1598 ln
1321 1538 1428 1615 1)Ρὶ1110
1452 1535 1540 1608 fidei,
1565 1536 1601 1597 in
1621 1535 1767 1597 secundo

138 1634 206 1705 erat,
221 1635 256 1695 et
269 1648 337 1696 non
350 1636 480 1712 poterat
493 1652 616 1714 agnum
630 1638 768 1713 aiierre,
779 1640 918 1704 debebat
972 1635 1054 1712 spei,
1070 1635 1106 1696 in
1120 1634 1218 1697 tertio
1233 1635 1406 1698 charitatis
1419 1633 1566 1698 deiectus
1581 1632 1768 1710 deprehen-

137 1728 245 1791 offerre
265 1730 350 1792 duos
370 1732 479 1809 pullos
497 1734 735 1809 columbarum,
759 1739 816 1800 aut
834 1737 917 1799 duas
971 1733 1071 1795 ditur.
1088 1733 1210 1795 Iterum
1222 1732 1287 1795 tria
1302 1733 1449 1794 cavenda
1462 1734 1549 1805 sunt,
1564 1748 1607 1793 ne
1621 1732 1765 1801 incaute,

137 1828 280 1889 turtures.
306 1829 419 1892 Primo
443 1830 613 1894 sciendum
637 1834 790 1912 estquod
814 1836 917 1897 Beata
971 1846 1013 1892 ne
1033 1830 1168 1903 temere,
1184 1846 1227 1891 ne
1248 1829 1423 1893 ambitiose
1440 1831 1550 1892 oleum
1565 1830 1765 1892 effundatur.
1824 1874 1829 1881 .

137 1924 225 1999 virgo
234 1926 597 1993 Marianontenebatur
606 1931 828 2007 subistalege.
836 1934 916 1993 Cum
972 1928 1106 1990 Incaute
1120 1942 1163 1988 ne
1184 1928 1335 1989 sanctum
1356 1928 1453 1990 detur
1474 1928 1624 2001 canibus,
1642 1930 1767 1990 temero

138 2021 609 2101 mimiexdicaumuuerquae
621 2030 917 2104 cnceptosmune
971 2026 1008 2087 ut
1032 2025 1110 2085 idei
1135 2026 1270 2102 regulas
1295 2041 1338 2087 ne
1363 2026 1502 2087 excedat
1528 2025 1765 2105 perloquitur,

138 2122 300 2193 repererat
314 2128 516 2195 maenarum,
534 2127 766 2203 quadruplata
785 2128 859 2189 dics
875 2131 917 2189 ab
971 2121 1146 2183 ambitiose
1159 2137 1201 2182 ne
1214 2124 1341 2198 quaerat
1355 2138 1428 2200 quac
1441 2140 1502 2183 sua
1517 2124 1605 2191 sunt,
1620 2122 1678 2183 sed
1693 2140 1767 2199 queo

139 2216 283 2290 ingressu
316 2219 432 2294 tempti
466 2222 636 2285 abstineut
659 2222 752 2303 (Lev.
783 2239 848 2296 xm,
868 2223 914 2304 2).
969 2221 1049 2281 lesu
1068 2218 1202 2279 Christi.
1227 2221 1355 2281 Rursus
1376 2220 1523 2281 cavenda
1539 2221 1616 2280 suut
1632 2220 1706 2291 tria,
1725 2236 1767 2279 ne

139 2311 223 2373 Beata
237 2314 345 2376 Maria
364 2316 450 2392 quod
465 2332 532 2378 non
547 2320 694 2396 suscepit
711 2335 824 2381 semen
837 2321 914 2393 viri,
970 2315 1210 2390 intempestive,
1232 2331 1275 2375 ne
1292 2318 1563 2391 praesumptuose,
1581 2316 1767 2377 111111111-

139 2408 183 2469 sed
197 2411 348 2487 concepit
362 2412 403 2475 de
423 2413 549 2491 Spiritu
565 2416 696 2487 Sancto,
713 2416 800 2479 sicut
810 2417 918 2494 scrip-
969 2413 1065 2475 tuose
1079 2411 1216 2472 verbum
1231 2412 1291 2472 Dei
1312 2410 1510 2488 proteratur.
1532 2413 1766 2490 Intempestive

142 2506 192 2566 tum
208 2507 281 2569 est:
301 2510 455 2583 spretus
472 2513 622 2574 sumtus
641 2515 863 2588 strperocutct
878 2516 916 2576 ln
970 2510 1048 2571 ante
1070 2508 1295 2570 maturitatem
1312 2510 1462 2585 corporis
1479 2511 1512 2570 et
1526 2510 1662 2585 animae3
1679 2526 1768 2587 prm-

141 2601 172 2673 te,
201 2604 235 2665 et
262 2606 380 2668 virtus
411 2607 581 2671 Alltsstmt
609 2612 823 2673 oburnbraott
855 2612 916 2674 tlot
970 2607 1172 2682 sumptuose,
1203 2605 1275 2667 sine
1303 2604 1432 2680 cilicio3
1461 2605 1666 2669 infructuose
1693 2608 1767 2669 sine

140 2695 216 2775 (buc.
231 2716 255 2774 1,
268 2702 336 2781 35).
348 2705 430 2766 Jure
444 2720 512 2766 non
524 2704 698 2770 tenebatur
709 2708 769 2770 sub
784 2710 869 2785 lege,
883 2710 916 2771 et
969 2703 1089 2779 gratia.
1125 2704 1218 2764 Bona
1245 2704 1296 2764 est
1324 2702 1416 2775 ildes,
1446 2704 1533 2779 quod
1568 2704 1655 2766 sicut
1686 2703 1767 2767 dicit

140 2794 197 2859 ideo
209 2800 312 2862 Beata
329 2800 431 2879 Virgo
446 2803 565 2877 Maria,
581 2820 643 2866 nec
654 2806 826 2883 purganda
840 2806 913 2880 suit,
969 2800 1166 2878 Apostolus:
1180 2801 1766 2876 Irnposslbltcestsincsldcploccrc

139 2905 185 2956 nec
208 2894 297 2959 iilius
323 2897 523 2972 offerendus
554 2899 631 2979 quia
659 2902 754 2979 virgo
782 2905 915 2981 proprie
969 2902 1040 2961 Deo
1055 2897 1170 2976 (Hebr.
1185 2912 1233 2969 xr,
1252 2896 1296 2976 d).
1325 2898 1389 2960 Scd
1404 2898 1569 2960 modicum
1589 2899 1677 2961 valet
1693 2900 1767 2961 sine

139 3002 190 3051 non
217 2992 340 3056 dicitur
373 2996 504 3070 mulier,
525 2999 628 3076 ‚quasi
652 3004 797 3073 motttes,
828 3002 915 3079 quod
970 3011 1080 3074 opere,
1109 2995 1195 3073 quod
1214 2994 1301 3057 sicut
1319 2995 1400 3058 dicit
1417 2995 1542 3058 Jacob:
1565 3000 1668 3059 Fides
1690 3001 1766 3059 sirac

138 3088 293 3152 mollitiem
329 3092 441 3155 carnis
474 3109 540 3156 non
575 3097 689 3169 sensit,
725 3114 787 3160 nec
815 3099 915 3161 etiam
969 3095 1128 3167 operibus
1141 3093 1282 3154 retortus
1295 3093 1348 3154 est
1363 3090 1447 3171 (dac.
1464 3109 1500 3165 11,
1519 3093 1586 3172 26).

137 3196 231 3248 lemen
246 3189 404 3267 suscepit,
422 3190 508 3268 quod
525 3192 567 3254 de
585 3193 711 3271 Spiritu
731 3197 862 3269 Sancto,
880 3198 915 3259 ut
1009 3190 1073 3251 Ohl
1091 3190 1171 3266 quot
1185 3190 1264 3251 sunt
1283 3189 1334 3249 1111
1351 3189 1408 3267 qui
1429 3190 1570 3253 audiunt
1583 3192 1616 3254 et
1641 3191 1768 3254 intelli-

136 3277 276 3358 diximus,
305 3287 442 3365 accepit,
470 3288 504 3350 et
525 3289 600 3352 ideo
624 3305 691 3352 non
714 3292 830 3355 habuit
844 3293 915 3357 dies
968 3288 1051 3363 gunt
1060 3286 1162 3349 verba
1171 3286 1243 3359 Dei,
1253 3286 1311 3347 sed
1325 3287 1366 3348 de
1378 3287 1420 3347 iis
1435 3288 1521 3349 nibil
1533 3288 1612 3349 boni
1622 3289 1764 3353 iaciuntl

135 3382 338 3457 purgationis,
354 3386 391 3446 ut
404 3388 603 3462 purgaretur
618 3403 638 3449 a
652 3388 816 3465 profluvio
831 3406 914 3452 san.
969 3384 1008 3444 Et
1022 3384 1102 3460 quot
1115 3383 1193 3444 sunt
1209 3381 1259 3442 illi
1274 3383 1330 3459 qui
1350 3384 1490 3445 audiunt
1507 3384 1645 3447 verbum
1661 3387 1720 3447 Dei
1732 3388 1766 3449 et

133 3478 242 3551 trinis,
266 3479 324 3541 sed
343 3481 430 3544 sicut
449 3483 579 3560 peperit
593 3484 687 3547 salva
707 3486 912 3563 virginitate,
968 3476 1052 3540 bene
1063 3479 1237 3555 incipiunt,
1247 3480 1305 3539 sed
1319 3495 1384 3539 non
1394 3480 1479 3541 bene
1489 3484 1714 3556 perseverant,
1724 3484 1766 3545 de

133 3568 169 3635 ita
179 3576 363 3653 permansit
374 3578 497 3642 munda
509 3580 543 3643 et
553 3580 766 3644 immaculata
776 3598 915 3660 corpore
969 3574 1088 3654 quibus
1103 3575 1151 3636 ait
1170 3574 1329 3635 Dominus
1349 3575 1383 3634 in
1401 3577 1602 3651 Evangelio:
1620 3576 1766 3645 occidito

132 3682 162 3731 ac
172 3674 291 3735 mente.
970 3674 1104 3746 tempus
1117 3671 1272 3743 macelot,
1288 3673 1323 3733 ct
1342 3675 1379 3734 tn
1394 3673 1548 3747 temporo
1565 3676 1766 3739 tentationis

159 3770 285 3833 prinde
304 3771 475 3835 solendum
495 3774 646 3853 estquod
664 3774 771 3853 legem
794 3792 913 3841 serra.
968 3770 1133 3831 recedunt
1148 3766 1242 3848 (Luc.
1256 3784 1330 3841 vm,
1348 3769 1416 3848 13)l
1435 3771 1492 3833 Isti
1505 3772 1589 3833 tales
1602 3772 1767 3851 incipiunt

130 3866 178 3939 lit,
205 3884 284 3930 cum
309 3885 377 3930 n0n
395 3870 483 3933 esset
502 3871 569 3950 legi
595 3872 743 3951 subjecta
768 3890 828 3951 pro
854 3891 914 3937 sua
969 3866 1079 3929 iacere
1088 3866 1233 3928 fructum
1247 3865 1381 3939 bonum,
1396 3867 1452 3928 sed
1465 3868 1529 3931 cito
1543 3874 1763 3946 marcescunt,

128 3956 319 4037 humilitate,
335 3982 378 4028 ne
389 3967 497 4044 legem
508 3971 719 4033 contemnere
732 3971 912 4046 videretur,
969 3964 1006 4026 ut
1019 3964 1095 4026 sunt
1108 3962 1159 4024 illi
1173 3964 1230 4041 gui
1245 3979 1319 4025 cum
1332 3965 1399 4026 sint
1413 3965 1578 4028 ferventes
1593 3968 1629 4028 in
1644 3970 1771 4046 princi·

127 4064 204 4137 guod
217 4062 308 4125 illius
319 4066 392 4142 ejus
404 4080 472 4127 non
480 4067 573 4130 venit
583 4067 725 4142 solvere,
740 4069 797 4131 sed
807 4070 916 4131 adim·
970 4062 1036 4138 1³10»
1067 4061 1256 4136 <imbibente
1284 4062 1396 4138 aliqua
1431 4063 1632 4127 adversitate
1667 4066 1767 4144 hujus

125 4159 209 4233 ploro
236 4159 355 4237 legem,
381 4164 414 4225 et
435 4178 496 4240 pro
515 4164 742 4242 proximorum
765 4167 915 4231 aedmra.
970 4157 1096 4230 saeculi,
1125 4158 1180 4219 vel
1207 4158 1389 4221 tentatione
1417 4160 1592 4234 diabolica,
1622 4164 1675 4226 vel
1699 4165 1768 4227 alia
1868 4180 1872 4189 ·

125 4255 732 4334 fi0n0‚qu0(1utnosadhumilitatem
745 4264 913 4339 invitaret,
970 4255 1083 4333 aliqua
1108 4253 1302 4317 difficultate
1329 4256 1487 4320 deliciunt
1513 4275 1533 4319 a
1555 4258 1642 4322 bono
1666 4276 1767 4339 opere

124 4353 356 4431 purgatissima
370 4357 472 4434 Virgo
484 4359 654 4435 purgatur,
666 4360 700 4420 id
715 4362 775 4434 est,
787 4377 827 4424 aa
841 4378 916 4439 quae
970 4354 1057 4433 quod
1085 4354 1293 4430 incoeperunt
1314 4357 1348 4417 et
1375 4356 1544 4420 declinant
1565 4359 1607 4419 ad
1630 4361 1766 4422 malum.

123 4450 161 4511 ad
183 4452 416 4529 purgationem
434 4454 601 4531 pertinent
618 4455 707 4529 iecit,
725 4457 763 4519 ut
782 4475 843 4520 nos
858 4458 916 4536 qui
970 4455 1017 4514 De
1032 4451 1151 4529 quibus
1170 4452 1311 4527 legitur:
1332 4454 1453 4515 Melius
1471 4456 1523 4517 cst
1536 4456 1663 4517 homini
1679 4460 1768 4519 viani

124 4564 251 4628 semper
284 4551 519 4628 purgationem
552 4551 751 4629 indigemus,
785 4570 917 4632 semper
970 4548 1120 4612 veritatis
1137 4565 1204 4609 non
1223 4564 1406 4625 agnoscere
1423 4568 1521 4628 quiam
1535 4556 1609 4629 post
1621 4555 1768 4627 agnitam

122 4663 311 4725 purgemur,
327 4648 405 4725 quia
416 4649 513 4726 juxta
527 4650 708 4711 loannem:
726 4654 765 4714 St
781 4655 917 4715 1111111·-
970 4647 1122 4709 retroire.
1146 4647 1377 4725 scriptumest
1394 4650 1483 4711 enim
1503 4650 1544 4710 de
1558 4650 1616 4710 illo
1632 4650 1667 4710 in
1684 4654 1703 4715 J
1706 4652 1767 4713 ob:

120 4760 195 4808 neres
213 4750 304 4821 guod
320 4747 501 4820 peccalum
514 4760 583 4807 eron
596 4750 769 4817 budellum,
787 4765 849 4811 nos
865 4754 917 4826 lp-
971 4745 1132 4806 Lcrdctur
1143 4748 1242 4819 (111111
1254 4749 1356 4807 otrico
1371 4750 1409 4807 tn
1422 4749 1537 4820 primo
1550 4747 1637 4818 flore
1652 4749 1770 4812 botrus

120 4859 174 4905 sos
187 4846 395 4914 sedesclavus,
418 4843 452 4904 ct
471 4845 603 4906 ocrttus
621 4847 658 4907 tn
672 4849 768 4907 nobis
782 4862 851 4908 eron
865 4848 917 4909 cst
971 4846 1046 4916 eires
1062 4840 1149 4921 (Job.
1165 4858 1223 4914 xv,
1239 4840 1306 4921 33).
1329 4842 1436 4902 Vinea
1458 4841 1591 4904 laeditur
1605 4845 1639 4905 in
1662 4847 1769 4923 primo

122 4941 150 5020 (1
167 4946 266 5003 toan.
282 4956 306 5012 1,
322 4940 368 5019 8).
399 4942 439 5001 Ε1
464 4939 527 5003 iuit
550 4942 618 5003 tam
642 4958 768 5021 pauper
792 4947 827 5005 ut
850 4961 917 5007 non
973 4939 1065 5011 dore,
1081 4937 1630 5017 quoticstangiturnimioirigore.
1648 4945 1769 5005 Eodem

121 5042 231 5117 posset
246 5038 368 5099 offerre
383 5054 516 5115 agnum,
531 5039 589 5100 sed
604 5039 721 5102 obtulit
735 5044 919 5117 parturtu-
972 5037 1069 5098 modo
1104 5035 1200 5097 multi
1234 5035 1390 5097 florentes
1418 5034 1514 5099 bonis
1543 5039 1700 5115 operibus
1735 5042 1770 5101 in

123 5154 196 5198 rum
212 5138 271 5198 aut
284 5136 367 5197 duos
380 5136 487 5212 pullos
497 5135 736 5198 columbarum.
754 5140 817 5201 Sed
830 5140 917 5217 quod
973 5134 1148 5212 principio,
1163 5133 1343 5209 tanguntur
1354 5133 1490 5211 frigore,
1503 5136 1600 5209 idest,
1614 5138 1769 5199 adversi-

122 5249 339 5312 quaecumque
354 5233 476 5310 scripta
500 5234 587 5308 sunt,
608 5234 650 5295 nd
670 5237 816 5298 nostram
838 5237 919 5299 doc-
973 5232 1052 5295 tate.
1069 5231 1126 5293 Isti
1142 5247 1209 5292 non
1224 5233 1302 5293 sunt
1317 5248 1480 5295 memores
1496 5236 1668 5311 Evangelii
1683 5236 1770 5312 quod

120 5334 243 5394 trinam
258 5330 384 5406 scripta
396 5333 484 5399 sunt,
501 5330 658 5392 debemus
673 5332 737 5393 ista
750 5332 862 5394 omnia
876 5335 919 5396 ad
974 5329 1073 5392 dicit:
1088 5333 1167 5391 Non
1181 5333 1240 5403 qut
1254 5331 1445 5405 incoeperit,
1462 5335 1522 5393 scd
1536 5337 1595 5406 gul
1607 5348 1773 5407 persevc-

120 5427 376 5491 aedisscationem
385 5430 533 5488 nostram
544 5429 715 5490 moraliter
725 5430 917 5506 enplmmre.
974 5428 1237 5501 rorantesque
1261 5430 1297 5487 ln
1328 5430 1445 5501 streone,
1479 5433 1534 5491 bic
1561 5435 1678 5491 sulvus
1703 5432 1772 5492 ortt

119 5528 243 5588 Mulier
262 5542 336 5602 quac
358 5528 510 5602 suscepto
535 5527 660 5588 semine
680 5526 768 5604 parit
782 5544 917 5589 11111111-
975 5523 1106 5604 (11111111.
1135 5540 1229 5597 xxiv,
1253 5523 1318 5603 13).
1346 5527 1415 5586 Et:
1444 5530 1524 5589 Nou
1548 5529 1774 5588 coronabitur

121 5625 189 5686 lum
211 5622 380 5699 significat
402 5639 667 5703 urnamquamque
689 5624 820 5688 ddelcm
844 5626 921 5688 ani-
974 5625 1043 5687 11131
1055 5623 1274 5699 quilegitime
1286 5623 1475 5686 certaverit
1487 5620 1530 5700 (11
1543 5624 1662 5685 Timot.
1677 5626 1708 5695 2,
1724 5624 1770 5703 5),
