3802 6166
123 284 183 347 1¹15

162 445 304 509 Multum
325 446 423 507 lamae
445 446 565 505 vestrae
591 443 729 521 derogat
747 448 780 507 et
801 444 913 517 saluti,

122 544 209 622 guod
237 560 257 605 a
282 544 440 605 fidelitate
470 542 571 603 vestri
603 542 729 603 domini
753 544 915 605 naturalis

121 646 156 704 et
178 658 198 703 a
224 642 400 703 devotione
428 642 586 703 Romanae
614 640 771 703 Ecclesiae
799 642 914 703 matris

120 743 253 811 vestra,
270 739 376 801 secuti
388 740 651 816 conspiratorum
666 740 850 817 perfidiam,
865 756 916 801 re-

120 836 279 907 cessistis,
301 852 367 898 non
381 836 613 899 erubescentes
628 838 726 898 simul
739 841 914 914 utrumque

121 934 321 1011 relinquere,
341 935 397 1012 qui
412 950 472 1011 pro
495 950 610 995 eorum
626 934 780 997 utrolibet
800 934 916 996 ohser-

119 1032 229 1092 vando
242 1031 452 1105 debuissetis,
477 1033 506 1093 si
530 1034 697 1108 exegisset
720 1033 913 1099 necessitas,

119 1144 274 1191 carceres
284 1130 429 1191 sterilia
440 1130 617 1191 sustinere.
632 1132 803 1191 bionemus
814 1130 915 1206 igitur

119 1226 353 1289 discretionem
367 1230 522 1299 vestram,
539 1244 695 1304 bigamus
707 1232 739 1289 ot
753 1227 913 1289 obsecra-

120 1342 194 1386 mus
206 1326 241 1386 irr
252 1326 401 1398 homino,
417 1328 674 1403 parapostolica
687 1326 781 1387 vobis
790 1327 914 1403 scripta

120 1422 260 1484 tirmiter
276 1422 499 1500 praecipiendo
513 1425 719 1495 mandantes,
738 1427 912 1502 quatenus,

119 1520 285 1583 carissimi
311 1521 345 1581 in
368 1520 500 1583 Christo
516 1522 577 1581 lilii
591 1523 697 1583 nostri
711 1524 752 1582 ll.
764 1520 813 1601 (l)
826 1524 914 1597 regis

119 1618 247 1695 angliae
261 1619 402 1680 illustris
416 1618 592 1679 innocuam
603 1620 818 1695 respicientes
832 1621 916 1681 aeta-

118 1718 197 1787 terri,
221 1720 255 1778 et
276 1716 318 1777 ad
342 1717 448 1793 ipsanr
472 1720 654 1778 itomanam
669 1717 860 1789 Ecclesiam,
879 1718 913 1777 irr

119 1817 215 1891 cujus
240 1814 398 1892 injuriam
422 1816 472 1875 ost
496 1814 687 1892 hujusmodi
711 1815 914 1892 conspiratio

119 1914 290 1984 attentata,
311 1911 456 1973 debiturn
480 1915 665 1989 respectum
686 1910 855 1984 habentes,
871 1912 913 1972 ad

120 2010 225 2086 ipsias
235 2009 323 2085 regis
339 2010 529 2071 tirlelitatem
544 2012 577 2071 et
591 2008 798 2071 devotionem
808 2014 916 2086 Apos-

119 2106 227 2168 tolicao
241 2107 347 2179 Sedis,
363 2107 479 2168 relicto
494 2108 671 2184 impiorum
685 2106 836 2179 consilio,
859 2122 915 2167 re-

119 2204 237 2273 deatis,
264 2221 329 2265 rron
353 2204 560 2266 obstantibus
575 2204 775 2281 juramentis
789 2204 914 2267 illicitis

122 2302 277 2379 praestitis
293 2304 451 2375 Lodoico;
468 2304 557 2380 quia,
570 2304 599 2363 si
613 2304 765 2364 conversi
780 2303 821 2363 ad
831 2303 915 2363 dex-

119 2402 225 2460 teram
235 2401 471 2461 revocaveritis
482 2400 619 2477 provide
630 2401 716 2478 quod
731 2400 914 2477 improvide

119 2496 317 2568 attentastis,
351 2496 446 2559 vobis
473 2500 621 2559 nostram
651 2500 683 2560 et
717 2498 914 2575 apostolicae

121 2594 217 2655 sedis
231 2596 372 2671 gratiam
393 2598 427 2657 et
440 2596 588 2657 lavarem
608 2595 798 2672 specialiter
812 2596 914 2673 polli-

120 2708 245 2764 cemur,
266 2692 483 2754 nihilominus
507 2693 547 2753 ad
572 2694 713 2769 gratiam
735 2692 840 2771 ipsius
861 2708 917 2754 re-

121 2789 173 2865 gis
184 2790 313 2867 integre
326 2790 549 2851 retrahendam
563 2794 596 2852 et
603 2794 682 2868 jura
697 2793 807 2852 vestra
822 2791 916 2851 insu-

121 2902 181 2963 per
203 2888 434 2965 cousequenda
458 2888 677 2966 apostolicum
696 2886 790 2950 vohis
817 2889 914 2949 ausi-

121 2984 204 3045 lium
231 2986 471 3061 promittentes.
501 2987 619 3047 Datum
650 2985 816 3058 Laterani,
841 2988 915 3047 xvr

122 3081 191 3143 bal.
203 3082 374 3155 februarii,
389 3099 477 3145 anno
493 3084 609 3162 prime.

163 3211 206 3269 In
219 3210 376 3270 cateridem
398 3211 536 3271 sinodum
559 3208 669 3270 Nobili
685 3210 758 3271 viro
773 3208 916 3272 Roberto

124 3302 165 3367 de
179 3308 247 3367 Ros
260 3305 294 3368 et
305 3304 520 3383 complicibus
535 3308 615 3368 suis.

163 3404 252 3465 Item
267 3402 377 3464 Nobili
388 3404 461 3466 viro
476 3405 636 3467 Leuelin.

163 3502 253 3563 lteris
280 3500 466 3563 Beronibus
481 3503 626 3581 quinquo
645 3504 814 3565 Portuurrr.

164 3600 253 3661 Item
267 3599 384 3662 Comiti
400 3601 589 3663 Guaraniae.

164 3699 251 3760 lteor
267 3698 384 3760 Comiti
399 3700 439 3761 de
451 3700 558 3761 Clare.

166 3796 253 3856 Item
268 3796 386 3858 comiti
401 3797 442 3859 de
452 3797 609 3859 Arrrndel.

168 3893 255 3954 Item
270 3894 386 3955 Comiti
404 3896 549 3971 lingerio
564 3896 669 3971 bigot.

457 4106 594 4194 CXLII

199 4287 251 4347 Ad
282 4286 515 4358 Grcittctoaroo,
551 4286 842 4361 Bccrctopotcnscnr

371 4384 674 4459 archiepiscopum.

418 4497 451 4555 {7
468 4495 529 4571 jan.
551 4497 630 4555 isit.

168 4605 278 4671 [liegest,
289 4603 334 4655 lib.
348 4605 367 4664 l,
380 4602 457 4670 epist.
469 4604 533 4655 iia..
543 4630 575 4641 -
587 4603 715 4667 bouquet,
727 4600 830 4653 Recueil
839 4601 883 4652 des

348 4693 495 4752 historiens,
506 4698 525 4744 t.
536 4692 604 4751 xix,
617 4708 644 4756 p.
656 4692 724 4757 osai.

126 4811 193 4871 Vult
207 4811 350 4870 lionorius
365 4824 432 4868 eum
448 4807 633 4867 incolumitati
647 4814 786 4866 tenuium
805 4813 834 4866 et
848 4806 917 4865 lide·

162 4900 231 4957 llum
247 4900 361 4957 henrici
375 4900 488 4973 ¹itrrgtim
500 4899 578 4972 regis
592 4905 621 4955 et
638 4897 747 4971 reginae
759 4898 858 4954 matris
875 4896 917 4970 ip·

161 4988 222 5045 sius
231 4988 351 5045 sollicite
363 4988 522 5060 providere,
538 4984 748 5061 compescendo
762 5000 813 5059 per
826 4986 918 5043 eccle·

161 5076 307 5133 siasticam
329 5091 479 5134 censuram
502 5076 723 5149 perturbatores,
748 5074 774 5132 si
801 5088 920 5133 neeesse

162 5163 209 5234 sit,
220 5170 340 5237 excepto
355 5180 424 5238 rege
437 5166 620 5223 Francorum.

166 5288 335 5351 Honorius
348 5290 522 5367 episeopus
526 5333 610 5361 .......
627 5288 810 5352 venerabrli
825 5287 919 5352 tratri

129 5385 380 5464 archiepiscopo
395 5386 643 5462 burdegalensi,
663 5390 724 5450 etc.
739 5385 787 5467 (2)

163 5544 204 5617 (ll
224 5543 348 5603 ilenriei.

166 5617 207 5691 (Ξ)
227 5614 376 5677 duillelmo
390 5615 540 5673 Amanevi.

738 280 915 347 BONORII
936 286 981 349 111
1002 286 1151 351 OPERl.

1707 284 1767 349 lto

1008 448 1088 508 Cum
1099 450 1178 525 jnra
1195 444 1362 507 carissimi
1380 446 1414 507 irr
1428 444 1562 508 Christo
1576 446 1638 507 illii
1659 447 1764 509 nostri

969 546 1009 607 Η.
1036 546 1125 622 regis
1150 542 1278 621 Angliae
1304 542 1446 606 illustris
1470 547 1563 605 tanto
1581 542 1762 605 studiosius

968 642 1146 705 defendere
1154 642 1345 713 debeamus,
1359 648 1483 719 quanto
1497 642 1679 719 specialius
1692 644 1765 719 eius

968 756 1107 817 regnum
1131 740 1172 803 ad
1199 744 1382 803 Romanam
1408 740 1590 801 Fcclesiam
1615 740 1764 800 noscitur

968 838 1147 917 pertinere,
1164 838 1323 901 incitante
1338 854 1399 899 nos
1409 838 1563 899 etiamad
1578 838 1641 898 hoc
1655 836 1762 915 ipsum

968 940 1035 999 tarn
1052 937 1157 1014 ipsius
1172 937 1261 1013 regis
1279 938 1377 997 atate
1391 951 1491 1012 quam
1505 935 1591 1012 quod
1610 934 1761 995 crucesi-

967 1038 1087 1109 gnatus
1110 1034 1234 1105 existit,
1259 1033 1459 1095 fraternitati
1474 1036 1540 1094 tuae
1555 1048 1617 1109 per
1629 1036 1764 1109 aposto-

969 1132 1032 1193 lica
1058 1132 1179 1208 scripta
1195 1130 1401 1201 mandamus,
1427 1131 1590 1207 quatenus
1609 1128 1718 1189 terras
1732 1130 1764 1190 et

968 1228 1082 1290 fideles
1107 1228 1211 1306 ipsius
1231 1230 1263 1289 et
1287 1228 1413 1305 regina
1432 1228 1481 1305 (3)
1505 1224 1622 1287 matris
1646 1226 1760 1302 ipsius,

968 1327 1092 1405 positos
1113 1327 1197 1388 citra
1212 1342 1315 1399 mare,
1331 1325 1489 1403 quamdiu
1504 1325 1537 1384 irr
1553 1323 1703 1401 partibus
1719 1322 1762 1382 il·

968 1426 1009 1486 lis
1034 1424 1148 1495 tueris,
1178 1428 1394 1485 manutenere
1417 1422 1550 1483 studeas
1576 1422 1610 1481 et
1638 1420 1759 1485 lovere.

968 1522 1215 1601 perturbatores
1238 1522 1369 1581 illorum
1389 1518 1563 1590 indebitos,
1580 1516 1760 1578 monitione

969 1618 1151 1696 praemissa,
1165 1634 1224 1697 per
1235 1634 1409 1681 censuram
1422 1616 1694 1686 ecclesiasticam,
1710 1630 1763 1691 ap

968 1718 1148 1795 pellatione
1168 1718 1360 1793 postposita,
1377 1714 1632 1791 compescendo:
1656 1714 1685 1772 si
1700 1728 1761 1789 qua

968 1816 1102 1876 vernile
1126 1814 1221 1875 horris
1247 1814 1380 1873 illorura
1405 1818 1477 1889 post
1503 1816 1642 1871 rrrortem
1664 1810 1760 1870 clarae

968 1911 1136 1973 mernor-ia
1157 1914 1186 1973 J.
1210 1911 1257 1989 (4)
1283 1911 1372 1985 repis·
1393 1908 1522 1985 anglice
1544 1910 1620 1968 sunt
1643 1908 1760 1983 injuste

969 2025 1028 2087 per·
1046 2009 1176 2086 aliquos
1195 2012 1385 2084 occcupata,
1405 2007 1594 2067 detentores
1617 2004 1757 2073 illorum,

968 2109 1004 2168 ut
1020 2107 1087 2167 ulla
1111 2107 1184 2167 sirre
1209 2106 1402 2166 rlit'iicultute
1415 2104 1604 2173 restituant,
1622 2101 1760 2162 sollicite

968 2220 1104 2266 moneas
1119 2206 1151 2265 et
1166 2204 1316 2273 inducas,
1330 2206 1373 2274 ot,
1390 2203 1418 2262 si
1432 2217 1567 2262 necesse
1582 2200 1694 2269 suerit,
1706 2213 1760 2274 per·

968 2317 1142 2363 censuram
1159 2301 1319 2371 earrulerrr,
1340 2301 1479 2376 excepta
1503 2299 1664 2358 duntaxat
1685 2310 1758 2373 per-

968 2416 1051 2461 sona
1071 2400 1162 2469 regis
1188 2400 1401 2469 Francorum,
1417 2396 1547 2457 sublato
1567 2392 1760 2471 aprpetlatio·

969 2498 1021 2557 nis
1039 2497 1284 2573 impedimento,
1297 2495 1422 2572 praevia
1433 2491 1757 2568 rationcconrpellas.

969 2598 1087 2656 Datum
1104 2594 1269 2665 Laterani,
1296 2594 1369 2653 xvi
1394 2591 1461 2653 kal.
1488 2589 1661 2655 februarii,
1677 2604 1759 2649 auno

969 2693 1088 2771 prirno.

1288 2894 1446 2982 CXLIII

1050 3097 1102 3155 Act
1122 3095 1411 3168 archepiscopum
1432 3092 1684 3151 Drcbiiacascin.

1264 3207 1296 3263 li
1314 3205 1376 3278 jun.
1393 3205 1473 3262 titi.

1050 3332 1183 3398 [Theinen
1200 3331 1369 3381 bionumenta
1383 3327 1521 3383 lliberniae,
1535 3342 1562 3392 p.
1574 3327 1599 3385 2,
1613 3341 1640 3376 ιι.
1652 3326 1690 3390 5.]

971 3474 1194 3549 Arclriopiscopo
1220 3448 1396 3539 bubliuousi,
1424 3478 1453 3527 ut
1476 3468 1597 3526 rebelles
1627 3468 1765 3525 Hibernos

996 3564 1033 3623 ad
1047 3564 1239 3622 ohedierrtiam
1259 3562 1337 3634 rogis
1347 3560 1459 3633 ,lugitis
1471 3558 1564 3615 redire
1578 3559 1740 3630 compellat.

1012 3709 1179 3770 Honorius
1214 3707 1406 3782 episcopua,
1438 3701 1622 3765 venerabili
1657 3701 1762 3771 fratri,

972 3806 1223 3882 archiepiscopo
1245 3802 1450 3875 bulrlirrensi,
1473 3802 1625 3861 salutern.

1012 3905 1086 3964 Non
1097 3905 1167 3980 jam
1178 3902 1283 3977 magis
1293 3901 1423 3972 militia,
1444 3915 1541 3976 quarn
1557 3896 1685 3958 malitia
1701 3894 1765 3955 dici

974 4003 1080 4079 potest
1105 4000 1172 4061 vita
1195 3999 1365 4059 lrorrr'ruunr
1392 4013 1491 4073 super
1521 3998 1657 4065 terram,
1692 4009 1765 4054 cunr

974 4099 1171 4175 frigescente
1190 4095 1328 4157 caritate
1352 4095 1401 4156 sic
1424 4093 1568 4155 abundet
1588 4092 1763 4168 iniquitas,

974 4198 1010 4259 ut
1031 4212 1097 4257 rrou
1122 4194 1229 4255 solum
1250 4193 1408 4254 desaeviat
1423 4208 1483 4270 par
1505 4191 1687 4268 inparem,
1710 4188 1763 4251 sed

974 4295 1074 4358 etiam
1094 4294 1208 4354 contra
1223 4291 1398 4353 Dominum
1413 4289 1563 4350 subditus
1578 4289 1708 4364 erigere
1731 4302 1765 4347 se

974 4393 1163 4471 praesumat,
1173 4390 1300 4452 sicutirr
1312 4388 1603 4465 regnortnglorum
1614 4386 1765 4447 evenisse

974 4491 1140 4552 cernimus
1162 4489 1195 4551 et
1217 4488 1376 4557 dolemus,
1404 4484 1472 4546 illis
1498 4484 1709 4545 carissimum
1732 4483 1764 4543 iu

974 4589 1104 4649 Christo
1129 4586 1232 4647 illium
1262 4587 1410 4645 nostrum
1437 4585 1477 4643 H.
1502 4581 1631 4657 Angliao
1656 4596 1764 4657 regem

974 4686 1137 4748 illustrem
1160 4682 1345 4746 naturalem
1369 4698 1481 4752 suurn,
1507 4679 1640 4741 vinculo
1660 4679 1766 4739 tideli-

973 4785 1051 4848 tatis
1067 4782 1217 4861 abrupto,
1242 4780 1393 4857 nequiter·
1414 4776 1695 4855 impugnantibus
1712 4776 1764 4855 qui

974 4900 1033 4962 pro
1052 4885 1125 4960 ejus
1148 4881 1276 4941 honore
1296 4876 1417 4939 tuendo
1442 4875 1608 4953 usquead
1630 4877 1765 4937 mortem

974 4979 1132 5041 deberent
1164 4977 1277 5054 utique
1320 4976 1509 5048 decertare3
1548 4989 1653 5051 usque
1686 4972 1765 5033 adeo

974 5080 1084 5140 autem
1108 5075 1248 5136 invaluit
1263 5073 1388 5135 malitia
1404 5072 1616 5149 pertidorurrr,
1636 5072 1766 5132 utnon·

976 5176 1059 5238 nulli
1088 5175 1187 5236 etiarn
1216 5173 1256 5234 de
1278 5187 1381 5248 regno
1410 5169 1576 5231 iliberrriae
1600 5169 1633 5229 irr
1658 5168 1767 5231 consi-

975 5274 1056 5334 lium
1071 5271 1215 5333 abierint
1236 5269 1438 5340 eorumdem,
1455 5270 1487 5329 et
1499 5268 1658 5344 ponentes
1674 5282 1766 5327 suam

976 5369 1178 5448 cumimpiis
1200 5369 1232 5430 et
1255 5367 1445 5428 infidelibus
1473 5365 1669 5442 portionem,
1702 5379 1766 5426 non

1010 5546 1052 5617 (3)
1071 5544 1208 5603 isabellae.

1011 5619 1051 5693 (i)
1071 5617 1199 5675 loannis.
