3802 6166
127 366 189 430 277
763 360 992 427 EPISTOLAE.
1015 363 1094 426 L1B.
1117 363 1143 426 1.
1717 364 1779 426 278

127 528 205 590 aliis
228 526 445 589 ecclesiarum
465 522 629 604 praelatis,
653 542 713 603 per
734 526 925 588 eorumdem
1019 528 1160 589 Grarem
1175 523 1370 587 dilectorum
1384 524 1529 586 illiorum
1545 523 1681 601 capituli
1693 525 1778 587 bau·

127 626 336 705 provinciam
358 625 558 698 constitutis,
575 625 715 687 salutem
740 624 772 687 ct
791 626 925 703 aposto-
980 623 1138 686 dunensis
1153 624 1339 700 recepimus
1350 623 1567 701 questionem,
1585 622 1684 700 quod,
1700 638 1776 683 cum

127 726 228 786 licam
240 723 516 785 benedictionem.
981 721 1101 784 nobilis
1135 722 1188 784 vir
1220 736 1329 784 comes
1368 721 1606 797 Registetensis
1640 718 1688 800 (2)
1715 734 1776 798 pro
1865 732 1868 737 ·

167 826 249 884 Cum
271 838 290 883 a
318 822 550 898 religiosorum
573 822 722 884 virorum
745 821 922 899 pressuris,
980 820 1092 882 multis
1106 819 1240 898 injuriis
1255 836 1337 897 quas
1349 820 1477 895 irrogat
1490 818 1627 891 eisdem,
1644 820 1774 896 perju-

127 922 162 984 et
175 919 348 992 molestiis,
359 920 421 992 illi,
436 935 575 997 quorum
591 922 667 981 sunt
682 919 781 997 pedes
793 920 924 981 veloces
979 919 1069 980 dices
1084 935 1103 979 a
1130 919 1214 980 Sede
1235 918 1426 995 apostolica
1447 917 1616 993 delegatos
1640 931 1777 978 excom·

82 1052 87 1061 ·
128 1019 169 1080 ad
187 1019 321 1090 malum,
338 1018 516 1079 severitate
535 1016 676 1079 debeant
698 1017 923 1079 ecclesiastica
979 1014 1668 1085 manicationisvinculofueritinnodatuS,
1686 1014 1775 1075 idem

129 1114 290 1187 cohiberi,
320 1115 353 1175 et
377 1113 572 1175 inferiorum
602 1113 707 1191 culpae
736 1113 853 1175 merito
882 1094 940 1174 ad'
974 1117 1044 1191 jam
1060 1114 1214 1191 perduos
1232 1130 1338 1175 annos
1364 1111 1558 1190 etamplius
1582 1112 1617 1172 in
1639 1127 1776 1173 excom·

130 1213 286 1290 praelatos
309 1211 440 1273 desides
459 1211 658 1283 reserantur,
675 1212 753 1288 quia
771 1211 923 1273 facientis
978 1213 1202 1274 municatione
1218 1212 1414 1289 persistens,
1434 1211 1504 1289 jnri
1524 1225 1641 1288 parere
1665 1211 1774 1287 perti·

129 1312 260 1387 cnlpam
275 1308 384 1382 habet,
402 1310 459 1386 qui
471 1310 587 1386 potens
602 1309 770 1385 corrigere
786 1310 923 1386 negligit
979 1312 1107 1372 naciter
1120 1310 1242 1382 renuit,
1266 1311 1376 1371 claves
1396 1308 1552 1371 Ecclesiae
1573 1309 1609 1369 in
1634 1323 1703 1369 suaa
1716 1322 1775 1369 sa·

128 1408 317 1469 emendare.
334 1408 507 1480 Miramur,
525 1407 611 1468 sicut
628 1423 803 1483 possumus
818 1408 858 1468 de
872 1422 925 1468 ra·
978 1409 1056 1471 lutis
1071 1409 1279 1487 dispendium
1294 1410 1326 1471 et
1340 1408 1559 1486 plurimorum
1573 1405 1773 1468 scandalum

126 1506 218 1567 tione
244 1504 371 1578 mirari,
397 1505 483 1583 quod
499 1505 585 1566 sicut
606 1505 735 1566 dilectis
764 1505 842 1566 filiis
863 1505 925 1567 ab·
979 1508 1228 1570 contemnendo.
1246 1507 1337 1569 Licet
1360 1506 1463 1582 igitur
1483 1504 1672 1583 hujusmodi
1696 1518 1775 1580 per-

127 1602 215 1675 bate,
251 1605 283 1665 et
315 1605 479 1665 conventu
511 1602 770 1676 clarevallensi,
800 1603 925 1665 Cister-
978 1606 1103 1667 tinacia
1115 1621 1182 1666 non
1204 1606 1317 1666 careat
1331 1604 1486 1681 scrupulo
1508 1603 1674 1664 baereticae
1690 1616 1772 1678 pra·
1864 1608 1867 1615 '

128 1703 251 1763 ciensis
280 1700 405 1762 ordinis
434 1700 709 1777 significantibus,
735 1702 923 1779 accepimus
976 1702 1101 1775 sitatis,
1128 1702 1278 1764 volentes
1303 1704 1414 1764 tamen
1443 1698 1607 1762 nobilitati
1636 1711 1773 1776 parcere

128 1799 350 1877 parochianos
370 1800 513 1871 vestros,
536 1798 577 1860 de
599 1797 716 1877 quibus
749 1800 836 1876 apud
863 1815 923 1861 :ios
978 1800 1108 1862 comitis
1129 1801 1322 1878 supradicti,
1340 1800 1368 1860 si
1388 1798 1501 1860 forsan
1523 1797 1564 1859 ad
1580 1812 1638 1858 cor
1652 1810 1771 1858 rever-

128 1898 297 1975 querelam
311 1898 488 1975 deponunt,
506 1913 572 1959 non
586 1897 783 1975 compellitis
799 1897 839 1958 ad
854 1899 923 1975 jus·
977 1900 1050 1960 tens
1079 1916 1098 1959 a
1127 1914 1187 1960 suo
1215 1898 1390 1976 resipiscat
1412 1913 1549 1973 errore,
1579 1893 1772 1956 discretioni

125 1997 233 2058 titiam
247 1994 478 2057 exhibendam.
492 1995 922 2072 Siveroaliquosinterdum
977 1998 1096 2059 vestrae
1128 1997 1392 2074 perApostolica
1423 1996 1546 2073 scripta
1575 1994 1771 2055 mandamus

126 2093 920 2170 excommunicationi,velinterdictosupponitis,
977 2097 1150 2172 quatenus,
1181 2095 1246 2155 nisi
1275 2111 1385 2157 comes
1411 2084 1598 2172 praedictus,
1627 2107 1647 2153 a
1674 2088 1770 2153 vobis

126 2193 325 2253 sententiam
365 2193 521 2264 nestram,
564 2191 701 2263 eisdem,
742 2192 920 2265 remittitis,
977 2192 1390 2269 diligentercommonitus,
1406 2190 1492 2253 infra
1503 2189 1690 2269 quindecim
1700 2186 1801 2248 dies'

125 2289 340 2362 inconsultis,
383 2290 610 2351 satisfactione
650 2305 797 2366 congrua
841 2306 923 2367 prae·
977 2294 1050 2369 post
1060 2292 1348 2353 commonitionem
1358 2288 1660 2367 vastramparuerit
1674 2287 1772 2365 plene

125 2389 292 2450 termissa.
308 2388 392 2460 Quia
407 2388 511 2463 igitur
522 2387 687 2449 sustinere
703 2389 857 2450 nolumus
869 2389 923 2449 iu·
973 2390 1055 2467 juri,
1090 2405 1150 2452 vos
1187 2388 1539 2451 excommunicationis
1574 2382 1772 2448 sententiam

126 2488 322 2558 correctum,
339 2486 425 2563 quod
441 2486 476 2546 iu
488 2487 647 2557 vestrum,
669 2484 922 2548 atsubditorum
977 2487 1078 2549 latam
1099 2487 1135 2549 in
1150 2504 1237 2561 eum,
1255 2488 1342 2550 sicut
1359 2485 1604 2549 rationabiliter
1622 2484 1674 2546 est
1692 2496 1773 2560 pro-

124 2585 312 2646 vestrorum
335 2584 519 2661 periculum
539 2584 729 2653 attentatur,
753 2584 922 2645 universi·
976 2585 1055 2657 lata,
1073 2585 1233 2647 facientes
1247 2600 1351 2663 usque
1366 2585 1407 2646 ad
1421 2582 1680 2647 satisfactionem
1696 2596 1773 2643 con·

124 2683 187 2745 tati
206 2685 325 2744 vestras
345 2698 404 2759 per
423 2681 605 2759 apostolica
629 2682 752 2759 scripta
779 2683 920 2743 manda·
976 2683 1110 2760 dignam
1136 2684 1375 2746 inviolabiliter
1402 2682 1585 2754 observari,
1612 2684 1647 2742 et
1669 2680 1771 2742 totam

127 2797 212 2852 mus,
237 2781 334 2857 atque
355 2780 585 2858 praecipimus,
605 2780 778 2858 quatenus,
803 2796 878 2841 cum
901 2796 922 2842 a
975 2782 1099 2843 terram
1113 2781 1228 2859 ipsius,
1246 2782 1277 2843 et
1290 2782 1362 2843 loca
1377 2783 1413 2842 in
1426 2779 1546 2858 quibus
1559 2779 1646 2841 idem
1659 2790 1770 2839 comes

123 2880 195 2956 jam
223 2878 318 2940 dictis
351 2876 486 2949 abbate,
509 2879 542 2939 et
565 2880 729 2940 conventu
758 2878 798 2939 de
822 2894 922 2956 paro-
976 2878 1077 2941 fuerit
1101 2881 1334 2953 commoratus
1352 2879 1574 2956 supponentes
1594 2875 1769 2939 interdicto

126 2976 570 3053 cbianisrestrisquerelam
586 2976 791 3053 acceperitis,
807 2977 920 3037 eosad
976 2977 1213 3050 ecclesiastico,
1244 2978 1403 3039 ecclesias
1439 2978 1473 3038 in
1500 2975 1619 3054 quibus
1644 2970 1770 3051 aliquid

124 3073 346 3135 exhibendam
366 3074 542 3151 justitiam,
561 3075 651 3134 omni
675 3074 795 3149 gratia,
821 3077 854 3135 et
878 3075 922 3136 ti·
972 3077 1027 3153 jus
1044 3075 1167 3136 babere
1188 3076 1404 3151 dignoscitur,
1422 3074 1462 3135 ab
1478 3077 1550 3152 ejus
1574 3071 1695 3141 debito,
1714 3086 1773 3131 su·

123 3187 218 3233 more
253 3172 449 3248 postposito,
480 3171 740 3232 contradictione
779 3188 918 3248 quoque,
974 3171 1064 3234 blato
1086 3172 1261 3250 cujuslibet
1282 3172 1555 3234 contradictionis
1577 3171 1609 3233 et
1624 3168 1773 3248 appella-

124 3271 158 3332 et
184 3269 407 3346 appellatione
437 3270 573 3340 remota,
598 3268 825 3330 ecclesiastica
849 3271 921 3330 ‹lis-
974 3270 1076 3332 tionis
1098 3271 1280 3344 obstaculo,
1297 3270 1495 3345 absolvatls3
1519 3269 1633 3330 fideles
1651 3267 1770 3346 ipsius,

123 3368 280 3430 frictione
305 3367 442 3442 cogatis,
468 3367 626 3427 attentius
662 3367 847 3443 provisur13
879 3383 921 3430 ne
976 3368 1132 3446 quamdiu
1151 3369 1187 3429 in
1210 3369 1552 3430 excommunicatione
1576 3365 1769 3445 perstiterit,

123 3465 301 3536 sententia,
316 3480 413 3541 quam
433 3464 588 3536 tuleritis,
615 3464 738 3526 eisdem
756 3465 919 3542 ignoran-
975 3466 1016 3527 ab
1031 3466 1180 3544 ejusdem
1195 3466 1355 3527 fldelitate
1379 3464 1618 3527 denunciantes
1640 3462 1771 3540 penitus

122 3562 224 3634 tibus,
241 3561 363 3640 absque
378 3562 604 3625 satisfactione
621 3578 767 3639 congrua
787 3563 922 3624 relaxe-
975 3563 1155 3627 absolutos.
1173 3563 1264 3637 Quod
1278 3564 1306 3624 si
1327 3563 1440 3624 forsan
1453 3579 1515 3625 nec
1537 3563 1585 3624 sic
1602 3560 1633 3622 ei
1648 3559 1772 3621 tribuat

121 3662 189 3723 tis:
211 3661 353 3722 scientes
374 3677 393 3721 a
413 3660 506 3721 uobis
533 3661 653 3722 damna
677 3661 824 3737 ipsorum
852 3661 921 3721 dis-
974 3662 1107 3724 vexatio
1129 3662 1345 3733 intellectum,
1372 3662 1493 3739 poterit
1515 3676 1582 3724 non
1604 3657 1770 3720 immerito

123 3758 256 3820 trictius
277 3756 488 3835 requirenda,
508 3758 537 3818 si
556 3759 756 3835 praeceptum
772 3760 920 3821 nostrum
975 3759 1155 3823 formidare
1170 3776 1213 3823 na
1235 3775 1296 3822 sua
1311 3759 1495 3837 pertinacia
1511 3758 1674 3821 obstinata
1695 3771 1771 3817 eum

123 3856 352 3931 neglexeritis,
362 3855 521 3933 quodnon
533 3856 712 3929 credimus,
726 3856 918 3933 adimplere.
974 3858 1009 3920 in
1024 3858 1162 3920 haeresis
1174 3859 1337 3936 impingat
1349 3856 1531 3930 infamiam,
1543 3873 1652 3935 quam,
1670 3870 1770 3932 quum

164 3955 283 4015 Datum
292 3954 459 4026 Laterani,
469 3956 528 4015 XV
539 3954 699 4015 kalendas
708 3955 832 4028 Martii,
842 3972 921 4034 pon·
974 3956 1127 4029 voluerit,
1147 3956 1232 4018 forte
1247 3956 1286 4017 da
1301 3956 1392 4017 facili
1408 3972 1473 4016 non
1497 3953 1768 4033 potaritevitare.

122 4052 267 4114 tillcatus
282 4053 385 4114 nostri
400 4068 488 4114 anuo
502 4051 619 4130 primo.
975 4054 1066 4127 Quod
1083 4054 1112 4114 si
1122 4070 1188 4116 non
1204 4069 1329 4124 omnes,
1343 4053 1408 4115 duo
1426 4055 1584 4126 vestrum,
1612 4053 1674 4113 etc.
1698 4053 1768 4111 Da-

973 4152 1043 4214 tum
1058 4152 1224 4223 Laterani,
1240 4154 1302 4215 Xll
1323 4152 1391 4214 kal.
1413 4152 1535 4224 martii,
1558 4149 1769 4232 pontificatus

438 4221 605 4309 CCXXV
974 4249 1080 4313 nostri
1094 4265 1182 4313 anno
1197 4250 1315 4330 primo.

184 4393 235 4459 Ad
255 4392 494 4465 praepositam,
517 4394 797 4453 arcludicconnm
826 4393 860 4455 ct
1280 4418 1468 4506 GCXXVI

243 4492 289 4555 If.
303 4492 505 4551 carrontcum
522 4491 798 4553 suessionenses.

973 4565 1025 4623 Ad
1046 4562 1201 4624 abbatem
1222 4563 1339 4624 Sancti
1361 4563 1504 4624 Aubcrtt
1527 4561 1560 4623 ct
1581 4559 1768 4637 mcptstros

993 4661 1075 4722 icet
1085 4664 1260 4722 sunonem
1274 4665 1456 4723 coraoratcos
1468 4663 1746 4721 Galatarccccscs.

1265 4793 1298 4850 l8
1314 4792 1383 4850 febr.
1402 4794 1479 4849 1217.

1004 4881 1076 4945 [Cod.
1086 4881 1132 4931 lat.
1142 4880 1213 4941 bodl,
1222 4896 1248 4945 p.
1260 4881 1315 4931 138.
1322 4882 1377 4931 llss.
1389 4880 1568 4944 bibliotheque
1584 4876 1736 4941 nationale]

121 4970 192 5028 Cum
210 4967 417 5040 liegistetensis
434 4982 542 5036 comes,
563 4966 711 5025 dissidium
725 4968 835 5026 babens
852 4985 918 5028 cum
972 4997 1089 5059 Mandat
1103 5005 1133 5055 ω
1146 5000 1171 5055 J·
1188 4996 1373 5067 subdiacono,
1396 4997 1420 5054 εἰ
1446 4996 1564 5054 idoneus
1579 4996 1616 5054 sp
1633 5004 1661 5053 ep
1675 4995 1768 5053 eccle.

156 5057 281 5129 ⁰⁸Pi²¹¹¹⁰
295 5055 487 5124 Laudunensi’
504 5056 614 5113 du⁰b⁰⁸
633 5059 716 5114 ³¹¹⁰ss
735 5057 788 5115 θιὼ
807 5074 920 5118 emm·
1008 5088 1123 5144 siaslico
1136 5086 1274 5143 beneficio
1287 5102 1344 5143 nou
1360 5086 1506 5160 indignus,
1521 5087 1550 5142 iu
1565 5086 1659 5158 aliqua
1674 5085 1766 5142 cccle-
1818 5154 1821 5161 Ι

157 5145 359 5203 niunicationis
372 5145 486 5202 vinculo
502 5146 681 5219 perstitisset,
695 5147 811 5204 mandat
826 5150 920 5206 liono-
1008 5177 1114 5232 siarum
1130 5176 1361 5233 mildunensium
1380 5174 1415 5233 de
1435 5176 1608 5248 competenti
1628 5174 1769 5232 beneflcio

156 5237 217 5292 rius
243 5241 273 5291 ul
297 5240 379 5291 terrae
402 5234 465 5306 ejus
493 5233 643 5291 interdicto
664 5235 860 5307 subjiciantur,
890 5244 918 5295 et

157 5324 291 5381 homines
313 5323 376 5395 ejus
401 5338 417 5380 a
442 5322 538 5380 debito
563 5323 590 5379 ai
619 5323 762 5383 fidelitatis
780 5325 917 5398 obsequio

157 5412 350 5471 absolvantur.
1012 5402 1110 5462 Lecta
1126 5417 1237 5463 coram
1254 5400 1348 5461 nobis
1360 5402 1389 5462 J.
1405 5401 1559 5478 pauperis
1574 5398 1769 5461 subdiaconi

973 5500 1086 5576 petitio
1119 5498 1307 5561 continebat
1330 5499 1417 5577 quod
1441 5516 1540 5577 quum
1563 5499 1642 5561 olim
1674 5514 1693 5558 a
1713 5497 1767 5559 fe-

418 4628 448 4686 lss
468 4627 523 4687 leb.
545 4628 624 4687 llll.

165 4753 276 4819 [begeat.
288 4752 333 4802 lib.
346 4753 366 4809 1,
377 4752 451 4816 epist.
466 4751 521 4802 aas.
532 4779 564 4791 -
580 4754 705 4819 bouquet,
718 4753 821 4806 Recucil
833 4752 878 4804 des

339 4831 485 4891 historiens,
497 4838 514 4883 t.
527 4832 593 4890 xlx,
607 4847 633 4896 p.
643 4832 700 4885 627.

1008 5264 1183 5337 praebendali
1198 5264 1377 5337 provideant.

161 5528 328 5593 llonorius
355 5530 529 5606 episcopus
533 5574 648 5604 ......
683 5530 812 5594 dilectis
839 5533 916 5596 liliis

119 5629 298 5717 praeposito
312 5626 371 5736 tl),
388 5628 636 5737 archidiacono,
660 5631 693 5692 et
707 5632 747 5691 Η.
764 5631 804 5694 de
819 5634 918 5695 Pari-
1012 5656 1039 5729 (q
1074 5657 1183 5717 Simoni
1201 5656 1237 5716 (10
1256 5658 1398 5737 spiam

120 5726 193 5789 sius
205 5740 366 5789 canonico
383 5725 687 5801 Suessronousibus,
705 5730 767 5792 etc.
1006 5730 1040 5805 (²
1070 5730 1157 5802 lluqe
1174 5731 1211 5789 ll.
