3802 6166
105 196 168 261 an
248 147 290 215 ’-

106 354 296 432 indulgere,
312 368 410 416 nemo
424 352 597 415 autumare
613 356 803 431 praesumat,
820 356 906 433 quod

106 471 257 531 unquam
277 452 359 515 relit
371 453 472 515 Sedes
491 452 681 529 apostolica
698 454 751 515 vel
773 454 814 514 ad
831 471 906 515 mo-

107 550 221 613 dicum
236 550 415 613 terminum
430 565 620 627 prorogare,
642 551 699 628 qui
719 550 781 612 fuit
802 568 908 629 nuper

106 649 145 711 in
160 666 256 712 sacro
276 649 426 727 generali
439 648 586 711 Concilio
606 649 815 722 constitutus,
833 666 906 711 cum

106 765 179 827 prat
194 746 300 809 multo
315 744 481 808 desiderio
503 746 599 808 nobis
614 750 646 809 et
658 747 816 809 fratribus
829 763 909 809 nos-

106 847 170 909 tris
187 845 294 907 omnis
316 844 472 907 celeritas
487 844 530 907 sit
549 861 682 906 morosa
706 846 739 907 et
753 844 908 922 (praelibet

107 941 302 1006 festinantia
316 942 415 1004 nimis
429 942 536 1021 pigra,
560 943 704 1021 eoquod
724 943 807 1003 nihil
826 944 907 1005 satis

108 1040 258 1119 cupienti
301 1040 412 1101 animo
453 1041 638 1103 festinatur.
686 1042 907 1117 accingimini

107 1139 225 1216 igitur,
245 1139 316 1211 tilii,
342 1138 503 1215 potenter,
514 1140 547 1199 et
569 1141 604 1200 ut
627 1138 840 1200 laudabiliter
860 1140 908 1199 in·

107 1238 258 1316 cepistis,
277 1237 379 1298 estote
396 1237 516 1314 parati,
534 1238 611 1314 quia
631 1238 907 1315 praeparationem

107 1335 338 1399 cordisvestri
358 1335 449 1395 auris
470 1335 529 1395 Dei
541 1336 573 1396 et
592 1335 763 1396 hominum
788 1352 909 1413 accep-

106 1434 203 1505 tarit,
215 1435 247 1494 et
266 1433 352 1494 sicut
368 1432 546 1509 prudenter
568 1433 740 1509 disposuit,
747 1437 818 1511 jam
838 1435 909 1495 sul-

108 1547 188 1592 care
213 1531 320 1591 maria
343 1530 518 1602 inchoetis
536 1531 666 1592 caeteris
679 1532 907 1608 gradientibus

108 1646 206 1691 suum
219 1629 295 1699 iter,
308 1630 343 1689 ut
360 1644 434 1690 cum
449 1629 509 1699 eiS,
518 1629 657 1690 Domino
671 1630 906 1703 deducentem

106 1728 247 1805 praefixo
271 1729 418 1803 tempere
443 1727 646 1804 perveniatis
673 1727 714 1788 ad
737 1730 850 1804 portus
872 1729 907 1789 in

107 1825 259 1887 Concilio
285 1825 482 1902 praefinitos,
516 1825 584 1897 ubi,
611 1826 652 1886 ad
674 1826 907 1888 stabiliendum

106 1925 257 1985 vestrum
273 1924 645 2000 propositum,recipere
659 1925 793 2000 possitis
808 1941 828 1985 a
843 1940 906 1985 no-

105 2022 159 2082 bis
193 2020 372 2082 consilium
406 2022 438 2083 et
476 2022 639 2082 auxilium
673 2024 905 2099 opportunum,

107 2120 254 2181 scientes
292 2119 377 2195 quod
407 2120 435 2178 si
466 2120 523 2197 qui
554 2121 682 2192 forsan,
712 2120 797 2198 quod
820 2124 907 2181 Deus

106 2217 250 2288 avertat,
275 2215 439 2277 diabolica
459 2215 575 2277 fraude
598 2217 724 2280 seducti
745 2218 798 2279 vel
819 2219 907 2279 tem-

105 2315 235 2393 poralis
268 2330 328 2375 seu
363 2314 508 2375 carnalis
535 2315 658 2376 amoris
689 2315 907 2378 delectatione

105 2412 268 2474 abstracti
295 2412 516 2489 aliquatenus,
533 2413 587 2473 rel
617 2413 733 2484 illecti,
760 2414 906 2474 cervices

104 2528 186 2573 suas
204 2510 245 2571 ab
259 2525 359 2571 onere
370 2513 440 2588 jam
456 2511 608 2587 suscepto
623 2511 664 2570 ad
676 2513 808 2587 tempus
822 2511 906 2571 sub-

105 2610 231 2670 ducere
239 2608 291 2670 rel
308 2609 463 2669 excutere
479 2608 625 2670 indebite
640 2609 845 2681 molirentur,
853 2609 907 2671 tel

108 2723 212 2783 super
246 2706 307 2767 hoc
334 2706 410 2766 aliis
435 2706 705 2783 impedimentum
734 2708 904 2785 praestare,

107 2805 235 2881 praeter
253 2804 504 2865 diminutionem
525 2805 646 2866 divinae
667 2803 783 2880 gloriae
799 2821 837 2866 ac
852 2805 907 2866 in-

109 2901 250 2963 famiam
262 2903 478 2979 corporalem,
492 2903 728 2964 coercitionem
742 2918 808 2963 non
823 2920 904 2964 era-

107 3000 229 3062 derent
242 2999 294 3061 vel
307 3016 482 3061 censuram
496 3001 732 3062 ecclesiasticae
756 3000 904 3062 ultionis.

104 3100 176 3160 Vos
192 3100 303 3159 autem
323 3098 486 3159 electiDei
501 3100 534 3160 et
548 3098 609 3159 tilii
623 3101 702 3161 Jesu
718 3098 851 3170 Christi,
868 3115 907 3160 ac

105 3196 266 3274 primitiae
279 3196 491 3273 triumphalis
512 3197 679 3257 exercitus
700 3196 825 3258 domini
846 3199 908 3257 Sa·

103 3294 211 3356 baoth
226 3294 315 3370 regis
335 3294 449 3370 gloriae
468 3310 507 3355 ac
528 3295 699 3366 virtutum,
712 3309 812 3370 super
834 3294 906 3355 rias

104 3394 239 3454 vestras
265 3392 377 3469 ponite
404 3392 543 3454 firmiter
576 3392 676 3453 corda
708 3394 831 3463 vestra,
847 3407 907 3452 nec

105 3490 310 3568 permittatis
337 3491 372 3552 ut
393 3488 629 3551 candelabrum
648 3490 795 3551 restrum
815 3490 908 3567 quis-

106 3605 210 3666 quam
226 3588 266 3648 de
287 3588 359 3648 loco
376 3604 436 3649 suo
449 3588 602 3650 amos-'eat
622 3587 676 3649 vel
698 3587 801 3664 aliqui
813 3586 907 3649 vobis

106 3686 308 3765 praeripiant
322 3701 478 3747 coronam
502 3688 535 3746 et
548 3684 688 3759 gloriam
713 3688 784 3762 jam
808 3700 908 3762 para-

105 3786 189 3846 tam.
207 3783 304 3844 Multi
319 3784 407 3844 enim
422 3800 481 3861 per
503 3784 609 3844 terras
624 3784 656 3844 et
669 3784 775 3843 maria
799 3783 908 3844 certa-

105 3883 169 3945 tim
192 3897 374 3958 properare
396 3881 575 3957 disponunt
601 3880 634 3940 in
659 3881 801 3942 termino
821 3897 909 3957 prae-

106 3979 224 4051 finito,
253 3979 353 4040 tantae
390 3979 506 4054 gloriae
542 3979 675 4040 titulum
714 3979 790 4040 ante
823 3978 907 4040 alios

106 4077 389 4154 conquirendum,
421 4077 507 4138 inter
537 4092 619 4153 quos
651 4076 844 4139 carissimus
872 4077 907 4137 in

106 4176 244 4237 Christo
260 4175 348 4234 tilius
363 4177 486 4247 noster,
505 4175 661 4251 ungarie
682 4191 743 4236 rex
753 4175 905 4246 illustris,

106 4274 150 4335 ad
167 4274 232 4333 hoc
255 4288 347 4349 opus,
364 4276 462 4349 prout
483 4272 579 4333 nobis
606 4273 675 4333 suis
690 4272 811 4334 litteris
825 4272 908 4335 inti-

106 4371 225 4441 mavit,
260 4370 434 4446 magnitlce
466 4386 502 4431 so
534 4370 688 4445 accingit.
725 4372 799 4431 Non
829 4385 908 4445 ergo

106 4470 287 4550 quisquam
299 4468 463 4546 deinceps,
477 4468 533 4545 qui
543 4470 679 4544 paratus
692 4468 816 4536 existit,
829 4468 910 4528 tem-

107 4584 172 4648 pus
202 4566 310 4642 magis
349 4567 569 4643 opportunum
598 4565 744 4627 inaniter
764 4567 907 4643 praesto·

107 4667 209 4735 tetur,
223 4681 324 4741 quum
346 4680 443 4725 omne
468 4680 542 4725 cras
569 4662 759 4724 sitdubium
785 4679 909 4741 expec-

107 4763 207 4832 tanti,
225 4762 338 4839 nequi
354 4763 486 4823 nonest
507 4761 605 4822 hodie
618 4762 661 4822 sit
680 4777 756 4823 cras
768 4761 908 4823 forsitan

108 4863 223 4927 minus
237 4861 344 4937 aptus,
357 4860 434 4920 dum
455 4876 520 4922 vox
533 4860 698 4923 cantantis
714 4861 748 4921 in
763 4860 908 4922 fenestra

108 4962 140 5025 et
152 4974 277 5021 cortus
294 4958 329 5019 in
351 4958 599 5036 superliminari
611 4957 777 5020 fallaciter
793 4975 910 5036 expec-

108 5061 244 5129 tantur3
262 5056 319 5116 sed
335 5056 433 5133 juxta
448 5055 624 5117 consilinm
642 5056 802 5133 sapientis
813 5057 910 5134 quid-

109 5156 187 5237 quid
205 5157 313 5231 potest
327 5155 490 5215 instanter
511 5169 629 5214 manus
642 5154 911 5232 cuiuslibetope-

109 5256 216 5325 retur,
238 5253 316 5329 quia
335 5268 401 5313 non
420 5251 662 5313 dormientibus
684 5252 741 5313 sed
765 5252 911 5329 vigilan-

109 5354 199 5417 tibus
227 5366 350 5411 corona
378 5350 526 5411 noscitur
554 5351 766 5426 repromissa.
792 5352 909 5412 Datum

110 5447 909 5525 baterani,vllral.februarii,pontificatusnostri

110 5547 333 5626 annoprimo.

741 194 973 259 nersrenm.
986 162 1075 262 'mn
1099 202 1124 263 1.

1257 373 1462 466 dtxxvss

961 558 1013 617 Ad
1027 561 1249 623 Patent-tmen
1268 567 1464 640 episcopum
1483 569 1682 635 claudatem
1693 578 1760 637 Fa·

1000 660 1171 721 sidcnscm
1184 666 1396 728 Placentina>
1413 670 1578 743 dioecesis,
1599 674 1633 734 ct
1654 676 1759 737 deca-

1002 772 1086 818 num
1101 762 1311 825 Totcttotum.

1255 888 1289 943 27
1308 890 1370 946 Iun.
1387 891 1465 949 ltin.

994 995 1067 1061 [Cod.
1081 998 1126 1048 lat.
1140 998 1212 1062 393l,
1223 1016 1250 1066 p.
1263 1001 1301 1053 73.
1316 1007 1376 1056 llss.
1389 1006 1566 1074 bibliotln'qne
1577 1011 1729 1080 nationale]

962 1113 1104 1188 Episcopo
1123 1125 1151 1175 rt
1167 1117 1261 1176 abbati
1278 1121 1426 1180 Fusillensi
1443 1125 1615 1185 Placentina
1628 1129 1759 1190 dioecesls

998 1211 1026 1261 et
1044 1202 1154 1262 decano
1174 1209 1309 1266 Toletano
1332 1213 1449 1271 mandat
1468 1223 1498 1273 ut
1517 1219 1689 1290 compellant
1708 1223 1758 1279 lu·

998 1292 1076 1350 daeos
1095 1294 1130 1352 nd
1154 1299 1336 1370 exsequenda
1357 1317 1420 1374 quat
1443 1304 1471 1361 in
1492 1306 1617 1365 Concilio
1631 1310 1760 1382 generali

997 1383 1072 1529 lciirlci'a
1083 1399 1133 1443 eos
1148 1393 1252 1445 statuta
1269 1398 1345 1459 suut,
1360 1395 1517 1463 praesertim
1532 1394 1567 1453 de
1579 1395 1761 1457 distinctione

1019 1487 1034 1530 a
1057 1481 1121 1532 itus.

1001 1592 1082 1651 Cum
1105 1592 1140 1652 in
1162 1597 1311 1670 generali
1334 1600 1480 1663 Concilio
1503 1604 1641 1679 provida
1660 1605 1762 1670 fuerit

962 1688 1201 1754 deliberatione
1223 1696 1399 1771 statutum,
1422 1702 1440 1762 J
1444 1700 1555 1763 udaeos
1578 1719 1638 1781 per
1660 1705 1760 1765 subs-

960 1786 1761 1878 tractionemcommunionisfldeliumspecialiter

960 1884 997 1945 in
1013 1890 1220 1951 commerciis
1235 1893 1478 1970 compellendos
1493 1896 1535 1958 ad
1550 1899 1762 1961 satisfacien-

962 1983 1038 2044 dum
1050 1986 1201 2048 ecclesiis
1212 2006 1270 2065 pro
1282 1990 1418 2053 decimis
1430 1994 1691 2059 etoblationibus
1702 1998 1762 2059 de-

961 2080 1040 2144 bitis
1062 2101 1176 2161 quasa
1197 2088 1390 2151 christianis
1412 2091 1452 2152 de
1472 2092 1622 2166 domibus
1635 2098 1668 2156 et
1682 2112 1762 2172 pos-

962 2182 1166 2244 sessionibus
1198 2186 1275 2247 aliis
1308 2189 1482 2266 percipere
1519 2194 1762 2255 consueverant

962 2279 1138 2356 antequam
1154 2282 1195 2343 atl
1210 2287 1228 2347 J
1231 2284 1343 2347 udaeos
1358 2303 1565 2367 quocumque
1586 2291 1682 2352 titulo
1702 2291 1762 2352 de·

961 2386 1130 2451 uenissent
1144 2391 1272 2469 adjecto
1287 2394 1355 2456 uta
1370 2396 1688 2470 cliristianis,Judaei
1701 2414 1761 2475 per

961 2482 1188 2549 diversitatem
1220 2490 1352 2554 babitus
1377 2493 1624 2572 distinguantur
1652 2495 1760 2557 Judaei

962 2589 1257 2650 commemorantes
1276 2590 1311 2650 in
1331 2590 1466 2654 dioecesi
1482 2595 1515 2655 et
1529 2594 1663 2655 civitate
1675 2596 1762 2654 Bur-

961 2697 1037 2757 gen,
1060 2699 1119 2744 nec
1136 2701 1172 2745 se
1185 2702 1205 2746 a
1217 2686 1410 2751 christianis
1428 2707 1488 2767 per
1499 2691 1632 2752 habitus
1647 2691 1759 2769 quali-

960 2780 1061 2842 tatem
1083 2781 1286 2859 distinguere
1301 2803 1362 2848 nec
1382 2803 1441 2865 pro
1460 2788 1597 2850 decimis
1619 2790 1652 2851 et
1667 2788 1763 2852 obla-

962 2878 1107 2940 tionibus
1131 2882 1331 2958 supradictis
1357 2885 1618 2948 satisfactionem
1641 2888 1762 2949 curant

961 2976 1112 3038 ecclesiis
1131 2980 1300 3054 exhibere,
1323 2983 1409 3045 sicut
1427 2984 1628 3047 venerabilis
1646 2984 1761 3047 fratris

962 3076 1067 3136 nostri
1080 3079 1259 3153 Burgensis
1275 3081 1420 3158 episcopi
1434 3082 1544 3144 oblata
1559 3082 1655 3145 nobis
1675 3082 1762 3159 peti·

961 3171 1007 3233 tio
1019 3174 1185 3250 patefecit.
1203 3176 1344 3254 Ideoque
1360 3179 1553 3242 discretioni
1565 3182 1686 3242 vestrae
1701 3195 1762 3256 per
1822 3248 1825 3253 ,

961 3272 1144 3348 apostolica
1162 3274 1285 3351 scripta
1301 3277 1508 3343 mandamus,
1524 3280 1687 3355 quatenus
1699 3280 1761 3340 Ju-

962 3369 1051 3431 daeos
1065 3371 1155 3447 ipsos
1175 3371 1216 3432 ad
1239 3372 1445 3435 observanda
1465 3375 1622 3452 praedicta
1639 3391 1760 3436 secun-

962 3466 1039 3527 dum
1067 3467 1205 3530 formam
1232 3486 1425 3547 expressam
1452 3472 1486 3532 in
1512 3474 1585 3549 ipso
1612 3471 1760 3533 Concilio

962 3566 1167 3643 compellatis
1186 3568 1221 3626 in
1242 3567 1453 3638 christianos,
1471 3570 1527 3647 qui
1542 3570 1666 3631 eisdem
1681 3569 1758 3630 estt-

962 3679 1038 3724 cere
1048 3664 1277 3726 recusantibus
1290 3666 1405 3727 contra
1416 3667 1672 3743 prohibitionem
1683 3682 1761 3729 ves·

961 3761 1300 3824 tramcommunlcare
1319 3766 1601 3842 praesumpserint,
1618 3779 1760 3826 censura

962 3860 1191 3922 ecclesiastica
1221 3877 1309 3923 mon.
1336 3878 1468 3939 praem,
1490 3866 1588 3941 juxta
1619 3862 1758 3924 formam

962 3960 1760 4035 ejusdemConciliiexercentes.Quodsinonom·

963 4073 1032 4129 neS,
1051 4058 1139 4119 etc...
1160 4059 1196 4120 tu
1215 4059 1318 4121 frater
1340 4061 1505 4137 episcope,
1528 4062 1616 4122 etc...
1640 4061 1760 4122 Datum

963 4157 1129 4228 Laterani,
1146 4158 1190 4217 l'l
1210 4156 1370 4219 kalendas
1394 4157 1565 4231 februarii,
1586 4158 1762 4236 pontiitea-

962 4254 1016 4316 tus
1028 4254 1133 4315 nostri
1148 4270 1236 4317 anno
1248 4255 1366 4333 primo.

1249 4425 1479 4512 GLXXVHI

1002 4579 1055 4638 Atl
1070 4577 1258 4652 capitulum
1274 4578 1307 4639 ct
1324 4583 1489 4653 populum
1505 4582 1717 4640 Tolosanum.

1260 4701 1295 4758 28
1307 4701 1368 4774 jan.
1383 4701 1461 4759 llll.

1018 4823 1134 4888 [Ripoili‚
1156 4823 1298 4874 Bnllarinm
1318 4824 1414 4874 ordinis
1436 4826 1485 4875 FF.
1500 4822 1706 4880 Prndicaternm,

1245 4909 1265 4954 t.
1281 4905 1300 4965 Ι,
1314 4920 1339 4969 p.
1351 4906 1375 4963 s,
1389 4918 1415 4953 n.
1426 4903 1464 4964 tJ.

964 5022 1098 5079 Hortatur
1118 5020 1282 5094 capitulum,
1309 5027 1337 5077 et
1366 5018 1500 5092 populum
1522 5018 1694 5075 Tolosanum
1723 5015 1760 5074 ad

999 5111 1197 5183 eleemosynas
1212 5107 1374 5182 erogandas
1393 5107 1538 5165 sororibus
1552 5106 1654 5164 domus
1666 5105 1761 5179 hospt-

1000 5200 1065 5258 talis
1079 5199 1206 5257 arnaldi.

1004 5344 1171 5406 Honorius
1206 5342 1403 5420 episcopus,
1438 5357 1554 5403 servus
1587 5355 1760 5403 serrorum

965 5443 1036 5512 Dei,
1051 5442 1179 5503 dilectis
1202 5441 1282 5501 tlliis
1302 5440 1446 5517 capitulo
1462 5440 1494 5500 et
1520 5439 1640 5516 populo
1661 5438 1762 5499 Tolo-

965 5558 1058 5615 sane,
1067 5541 1206 5603 salutem
1216 5538 1475 5616 otApostolicam
1484 5536 1758 5599 benedictionem.
