3802 6166
63 274 122 336 285
503 271 603 333 XXV.
618 300 659 316 -·
673 270 718 332 IN
739 270 1017 334 DEDICATIONE
1038 273 1262 337 ECCLESIAE.
1320 222 1326 229 ἢ
1645 280 1707 345 aad

60 446 138 493 sera
159 428 347 493 bumilitate
364 429 397 492 et
418 428 495 492 aliis
508 428 686 491 virtutibus
700 432 852 493 exornat.
909 447 985 494 nem
1007 448 1105 510 qnam
1124 432 1165 495 od
1185 432 1338 507 salutem,
1358 434 1517 513 quianon
1537 435 1704 503 auditores

62 528 153 592 Unde
167 528 349 605 Gregorius
365 549 373 589 ε
389 527 480 600 «Qui
495 528 633 590 virtutes
649 529 720 590 sine
740 527 853 590 humi-
909 529 1078 607 logisjusti
1091 531 1168 592 snut
1182 531 1268 610 apud
1280 534 1394 606 Deum,
1411 534 1469 595 sed
1480 533 1624 597 factores
1634 538 1706 599 tan·

63 627 152 688 litate
192 627 389 703 congregat,
416 625 511 703 quasi
546 625 603 702 qui
629 626 796 702 puluerem
820 627 855 687 in
909 627 989 688 tum.
1012 628 1105 688 Unde
1131 644 1192 688 nos
1215 629 1371 691 admonet
1388 631 1512 693 Paulus
1526 634 1705 709 Apostolus

61 722 426 801 reniumportat.»llel,
440 722 684 784 altarermini
701 723 856 784 uniuscu-
910 724 1022 785 dicens
1037 742 1043 780 :
1061 726 1260 787 initiatores
1275 729 1344 787 arici
1358 728 1476 800 estote,
1494 731 1582 791 sicot
1597 731 1631 791 ei
1643 745 1706 809 epo

58 824 178 900 jusque
204 822 353 882 nostrum
377 821 523 881 animam
538 820 767 896 intelligimus,
782 838 855 899 quae
910 822 1037 882 Claristi
1064 821 1093 900 (l
1117 824 1190 883 Cor.
1213 838 1261 896 xi,
1286 821 1330 903 1).
1355 825 1396 885 Et
1418 825 1454 885 in
1478 828 1702 904 Apocalypsi:

63 919 245 981 aediflcatur
259 919 398 979 Domino
409 933 452 979 ex
463 917 629 994 lapidibus
646 917 742 990 vivis,
757 916 852 990 idest,
909 919 1097 981 Eoecrcitus
1108 922 1166 994 poi
1176 922 1257 982 aierit
1270 923 1307 981 in
1319 927 1401 984 coeio
1410 925 1601 999 adoriuntur
1609 929 1706 991 idaim

63 1034 103 1078 ex
113 1015 293 1078 uirtutibus
306 1016 409 1077 variis
432 1018 466 1077 et
485 1015 638 1077 diversis.
661 1017 755 1077 Unde
776 1015 856 1077 sub-
911 1019 949 1076 iu
963 1020 1058 1090 epiris
1071 1020 1156 1078 olbis
1169 1017 1283 1096 (Apoc.
1300 1033 1371 1091 xlx,
1385 1017 1450 1098 14).
1461 1022 1634 1082 Exercitus
1648 1024 1705 1100 qui

59 1114 208 1193 junctum
223 1113 274 1175 est
287 1135 295 1173 ε
310 1117 351 1174 de
363 1117 624 1188 lapidibusqoos
638 1116 855 1187 sementeron
910 1113 987 1175 sunt
1007 1114 1042 1174 in
1070 1114 1166 1186 coelo,
1194 1116 1271 1177 sunt
1293 1115 1371 1177 boni
1389 1119 1423 1179 ei
1440 1118 1524 1194 justi
1548 1119 1625 1192 viri,
1648 1120 1707 1197 qni

64 1212 184 1287 ieiipii.
200 1213 338 1271 Ferrum
358 1209 413 1271 bic
425 1209 577 1271 diabolus
594 1210 802 1286 intelligitur,
815 1211 855 1271 de
910 1210 1054 1287 quotidie
1070 1212 1254 1288 sequuntur
1268 1214 1372 1273 Deum
1387 1213 1423 1274 in
1442 1213 1594 1276 omnibns
1609 1215 1705 1279 bonis

64 1324 126 1387 qno
140 1309 391 1385 perderemiam
412 1308 605 1385 prophetam
618 1307 760 1370 dicitur:
777 1312 855 1382 lpse
910 1307 1076 1385 operibns.
1094 1308 1170 1370 ideo
1195 1308 1350 1372 dicuntur
1367 1326 1440 1371 esse
1455 1312 1491 1372 in
1515 1312 1609 1384 coelo,
1627 1314 1706 1390 qnia

63 1407 111 1467 cri
127 1408 454 1468 inodermuniocrsae
469 1406 577 1467 ierrae
588 1404 723 1483 (Jerem.
740 1420 772 1474 n,
787 1404 853 1485 23).
910 1404 982 1466 sola
997 1405 1145 1467 coelestia
1161 1405 1304 1482 diligunt
1318 1408 1351 1468 et
1365 1407 1436 1469 sola
1447 1408 1595 1471 ooelestia
1609 1426 1705 1487 qnae-¹

63 1502 200 1565 blalleus
220 1502 501 1579 namqueserreus
516 1504 643 1579 petram
666 1503 810 1579 percutit
824 1503 857 1564 et
910 1502 997 1563 runt.
1016 1502 1109 1563 Unde
1123 1504 1320 1579 Apostolus:
1344 1506 1476 1567 Nostra
1489 1508 1705 1570 conversatio

61 1600 229 1676 superflua
250 1599 347 1672 tollit,
371 1603 405 1661 et
429 1600 570 1661 aedilicio
596 1603 706 1677 aptam
734 1599 853 1661 reddit.
910 1603 948 1661 io
967 1602 1061 1662 coelis
1084 1600 1137 1661 eoi
1160 1598 1297 1679 (Philip.
1318 1616 1369 1673 111,
1384 1601 1450 1682 20).
1472 1602 1516 1664 Hi
1539 1604 1706 1667 exercitus

62 1698 113 1759 Sic
128 1698 162 1758 et
176 1696 327 1758 diabolus
342 1696 403 1758 Dei
426 1712 540 1758 servos
564 1698 707 1774 percutit
719 1698 752 1759 et
766 1698 854 1758 tem·
911 1696 1098 1774 sequnntur
1113 1699 1239 1770 lesum,
1265 1697 1360 1771 idest,
1377 1699 1457 1762 boni
1478 1700 1511 1761 et
1527 1701 1609 1778 jnsti
1627 1701 1704 1774 uiri,

61 1794 187 1873 poralia
212 1793 311 1866 tollit,
339 1794 425 1856 sicut
451 1794 530 1856 iecit
551 1794 624 1867 Job,
641 1810 739 1872 quem
759 1794 854 1869 gravi
911 1793 1043 1871 quando
1058 1793 1347 1871 expugnantinse
1360 1796 1442 1859 uitia
1456 1812 1518 1875 per
1527 1796 1709 1859 correctio-

61 1893 170 1952 rdcere
184 1891 383 1963 vulneravit,
405 1891 452 1953 ita
475 1891 561 1969 quod
585 1907 606 1954 a
630 1892 742 1969 planta
761 1891 855 1968 pedis
911 1906 1003 1963 nem,
1029 1894 1063 1954 ei
1090 1892 1125 1952 in
1156 1892 1317 1969 proximis
1350 1909 1411 1970 per
1437 1894 1707 1957 admonitionem.

62 2005 163 2067 usque
179 1988 222 2050 ad
237 1989 396 2053 verticem
407 2004 474 2051 non
489 1989 661 2050 eratineo
675 1990 814 2051 sanitas.
913 1988 1007 2050 Unde
1018 1988 1142 2052 Jacob:
1164 1992 1227 2055 Qui
1240 1991 1397 2052 converti
1416 1993 1538 2066 feccrit
1547 1993 1710 2066 peccato-

910 2101 987 2147 rem
1000 2090 1042 2148 ab
1057 2101 1180 2149 errore
1192 2091 1260 2148 nice
1273 2103 1356 2159 eccm,
1377 2089 1534 2158 liberabit
1550 2093 1709 2153 cononum

405 2209 513 2295 XXV
909 2199 1010 2244 suoru
1029 2199 1051 2244 a
1074 2184 1186 2245 morie
1204 2180 1288 2261 (lac.
1311 2200 1343 2255 v,
1367 2186 1428 2263 20).
1456 2185 1514 2247 lsti
1538 2186 1707 2249 exercitus

911 2281 1046 2341 suntin
1074 2281 1167 2358 equis
1193 2280 1289 2353 albis,
1314 2281 1410 2354 idest,
1444 2282 1480 2343 in
1508 2283 1705 2360 corporibus

43 2429 48 2445 .
100 2395 813 2458 111,-1ND1·21)10AT10NEECC1,1351AE‚
910 2378 1021 2438 castis.
1035 2377 1705 2458 Corporabonorumdicuntnrequi,quia

911 2476 996 2536 siout
1008 2475 1084 2552 equi
1099 2475 1290 2551 diriguntur
1305 2477 1486 2538 secundum
1501 2476 1705 2539 voluntatem

99 2573 299 2635 Altarevero
308 2573 372 2634 boc
382 2572 498 2634 ordine
508 2573 732 2635 consecratur.
742 2572 855 2633 Primo
911 2572 1111 2644 ascensoris,
1136 2572 1183 2633 ita
1198 2574 1366 2649 Justorum
1381 2589 1521 2650 corpora
1544 2576 1707 2649 reguntur

66 2670 218 2733 Pontifex
230 2670 265 2731 in
275 2670 418 2748 quatuor
427 2669 559 2746 angulis
570 2668 738 2747 sepulchri
748 2669 856 2747 inquo
912 2669 1093 2730 secundum
1106 2670 1310 2732 voluntatem
1325 2669 1459 2731 Christi.
1478 2669 1536 2731 Isti
1552 2671 1629 2749 equi
1648 2671 1708 2733 de-

64 2769 212 2846 reliquiae
225 2767 344 2828 debent
358 2766 504 2839 recondi,
519 2766 559 2827 de
574 2767 753 2827 chrismate
769 2781 855 2842 qna·
911 2766 989 2828 bont
1005 2782 1079 2827 esse
1099 2766 1178 2838 albi,
1195 2766 1291 2838 idest,
1308 2783 1448 2843 corpora
1464 2768 1627 2844 justorum
1649 2768 1709 2830 de-

65 2867 136 2928 tuor
149 2881 269 2927 cruces
291 2864 381 2926 facit.
398 2863 524 2925 Deinde
538 2864 705 2940 ponuntur
718 2862 856 2941 reliquae
911 2863 990 2926 beni
1003 2864 1179 2925 essecesta
1191 2864 1367 2925 eimunda.
1385 2864 1420 2925 Si
1431 2865 1519 2925 enim
1534 2865 1625 2927 casta
1642 2880 1709 2926 non

64 2963 96 3025 in
109 2962 258 3039 capsella
271 2977 346 3023 cum
362 2961 469 3022 tribus
483 2960 599 3037 granis
619 2960 740 3032 thuris,
761 2961 794 3022 et
808 2961 857 3022 sic
912 2960 1045 3033 luerint,
1071 2961 1238 3021 Christum
1267 2961 1361 3039 sequi
1385 2954 1459 3022 non*
1472 2962 1638 3038 poterunt.
1668 2964 1710 3025 ut

65 3060 293 3123 recunduntur
312 3059 348 3119 in
370 3058 529 3125 alterici
552 3057 786 3135 superponitur
805 3058 859 3119 ta-
914 3059 1050 3119 Petrns:
1077 3059 1233 3120 cbristus
1245 3073 1370 3131 passius
1384 3058 1436 3120 cst
1443 3073 1512 3132 pro
1525 3062 1632 3130 nobis,
1649 3074 1710 3122 oo-

64 3156 139 3219 bula
152 3173 227 3218 cum
240 3156 335 3231 signo
349 3154 859 3229 crncisdecbrismate.Ungitnr
913 3158 963 3217 bis
991 3158 1189 3229 rei-inpuros
1214 3160 1429 3228 eoeetlipiiim,
1455 3156 1708 3231 adsequamini
1731 3200 1734 3205 -

65 3271 178 3317 mensa
194 3253 235 3314 de
249 3253 324 3314 oleo
338 3252 374 3313 in
389 3251 535 3330 quinque
549 3251 642 3324 locis,
658 3252 694 3313 iu
706 3251 813 3312 medio
827 3251 860 3312 ei
914 3249 1060 3325 ocsiipio
1075 3252 1187 3331 ejus...
1205 3245 1233 3326 (l
1247 3249 1336 3310 Petr.
1353 3263 1391 3320 n,
1405 3246 1471 3327 21.)

65 3353 97 3413 in
116 3352 263 3430 quatuor
276 3349 444 3412 cornibus.
463 3348 624 3410 Similiter
644 3351 677 3409 et
691 3348 731 3409 de
751 3349 860 3409 cbris-
955 3345 1132 3422 Sequimur
1146 3346 1257 3405 antem
1273 3361 1359 3416 eum,
1377 3345 1413 3405 ut
1425 3343 1556 3420 quando
1573 3344 1713 3407 maledi·

65 3453 149 3511 mate
170 3450 205 3510 ei
228 3447 443 3511 confirmatur
463 3446 498 3507 in
524 3445 631 3507 fronte
655 3461 675 3506 a
699 3445 859 3507 Pontiiice
915 3442 1032 3513 cimur,
1049 3457 1117 3503 non
1132 3441 1380 3513 maledicamus,
1402 3440 1458 3501 sed
1475 3442 1584 3517 potius
1604 3440 1710 3502 bene-

65 3562 161 3608 cruce
196 3544 397 3607 chrismatis.
433 3542 593 3604 adoletur
623 3541 796 3602 incensum
824 3541 860 3601 in
915 3539 1075 3606 dicamus,
1100 3540 1133 3599 et
1155 3538 1184 3597 si
1207 3537 1353 3613 patimur
1373 3536 1500 3613 aliquid
1519 3552 1539 3596 a
1558 3537 1711 3612 proximo

67 3644 211 3721 quinque
236 3642 330 3713 locis,
353 3641 493 3703 vestitur
514 3640 632 3710 altare,
658 3640 707 3699 sic
728 3638 860 3699 demum
916 3635 1040 3706 nostre,
1054 3650 1121 3695 non
1132 3633 1382 3706 comminemur,
1396 3631 1453 3693 sed
1468 3633 1633 3709 patienter
1642 3650 1713 3694 sus-

66 3756 199 3802 sacrum
217 3738 416 3801 celebratur.
433 3737 629 3814 Sepulcrum
644 3735 679 3796 in
694 3751 758 3812 quo
774 3735 859 3795 reli·
915 3733 1092 3803 tineamus,
1109 3731 1189 3808 qnia
1204 3730 1355 3791 Christus
1371 3738 1444 3791 curn
1459 3729 1714 3792 malediceretur

67 3839 151 3915 quiae
168 3835 307 3898 recondi
322 3834 451 3905 debent,
469 3836 519 3896 est
533 3849 591 3895 cor
604 3836 766 3903 nostrum,
783 3833 860 3908 qnia
917 3846 983 3890 non
1006 3827 1238 3897 maledicebat,
1254 3844 1328 3889 cnm
1348 3827 1517 3904 pateretur
1536 3843 1602 3890 non
1622 3842 1714 3889 oom-

68 3938 209 4013 qnaiuor
223 3932 377 3994 crucibus
387 3931 428 3992 de
440 3931 619 3993 chrismate
634 3929 730 3991 lactis
744 3945 862 3991 conse-
916 3925 1115 3988 minabatur.
1128 3924 1290 4002 Reliquiae
1302 3926 1413 3986 autem
1424 3926 1620 3987 Sanctorum
1636 3940 1712 3985 cum

68 4034 190 4103 oratur,
218 4029 296 4107 quia
325 4029 467 4106 quatuor
490 4029 566 4088 sunt
597 4027 748 4098 virtutes,
778 4025 863 4087 idest
916 4024 1022 4086 tribus
1033 4024 1147 4101 granis
1160 4023 1269 4084 thuris
1280 4023 1315 4083 in
1329 4022 1465 4100 capsula
1474 4022 1710 4095 reconduntur,

69 4127 254 4206 prudentia,
270 4125 439 4197 tortitudo,
461 4124 691 4201 temperantia,
716 4123 860 4201 justitia,
917 4123 995 4200 quia
1010 4121 1161 4197 exempla
1176 4121 1373 4182 Sanctorum
1392 4136 1466 4181 oum
1491 4120 1555 4181 lide
1567 4120 1715 4181 Trinita-

70 4242 140 4305 quae
168 4223 306 4286 intibro
329 4223 507 4299 Sapientiae
527 4220 770 4292 describuntur,
783 4220 861 4297 qui·
918 4221 971 4291 tis,
997 4219 1094 4288 idest,
1111 4217 1221 4279 Patris
1243 4220 1276 4277 et
1294 4218 1371 4277 Filii
1393 4219 1426 4278 et
1441 4217 1584 4293 Spiritus
1600 4217 1714 4278 Sancti

69 4322 128 4385 bus
149 4338 209 4385 cor
223 4320 373 4383 nostrum
392 4319 487 4397 quasi
510 4318 694 4394 inungitur,
721 4318 799 4379 daun
821 4316 862 4377 ad
918 4316 1075 4377 debemus
1093 4314 1128 4374 in
1152 4313 1312 4374 memoria
1326 4314 1481 4375 retinere.
1500 4315 1586 4374 Nam
1610 4313 1714 4374 debe-

70 4418 280 4497 suscipienda
290 4417 495 4479 secretorum
505 4415 690 4477 coelestium
705 4413 863 4492 mysteria
919 4429 992 4474 mus
1002 4411 1136 4473 credere
1145 4427 1245 4471 unum
1257 4409 1602 4481 Ueum,unamiidem,
1613 4424 1714 4470 unum

69 4534 127 4595 per
139 4517 263 4579 donum
279 4513 392 4575 Sancti
405 4512 549 4590 Spiritus
566 4512 783 4589 praeparatur.
919 4508 1100 4586 baptisma3
1118 4506 1196 4584 quia
1211 4507 1297 4568 sicut
1315 4506 1396 4569 dicit
1413 4506 1591 4583 Apostolus
1609 4526 1616 4565 ε
1632 4509 1715 4567 Sirio

107 4614 205 4676 Felix
216 4611 328 4673 anima
346 4626 421 4689 quae
444 4609 544 4670 habet
560 4609 621 4670 bas
636 4608 787 4680 virtutes,
810 4608 865 4669 cui
918 4607 985 4677 dde
1013 4605 1219 4678 irreposcibile
1246 4602 1299 4665 cst
1320 4607 1455 4675 placere
1482 4606 1564 4662 Deo.
1595 4601 1715 4661 dusius

69 4710 245 4789 prudentia
257 4707 314 4770 dat
324 4707 501 4771 consilium
516 4705 686 4777 indubiis,
703 4704 863 4767 tortitudo
920 4704 1012 4763 carim
1027 4715 1073 4761 ccc
1085 4701 1151 4772 side
1163 4700 1249 4761 vivit
1261 4698 1375 4778 (liebr.
1391 4715 1437 4769 xi,
1452 4700 1486 4771 63
1501 4699 1595 4758 Rom.
1609 4710 1632 4767 1,
1648 4695 1712 4773 17).

70 4808 234 4870 auxilium
249 4803 460 4876 inadversis,
479 4802 698 4880 temperantia
722 4801 866 4878 relrige-
922 4797 1162 4874 Superponitur
1189 4795 1303 4857 tabula
1331 4793 1493 4871 reliquiis,
1522 4792 1599 4869 quia
1629 4791 1715 4853 siout

70 4907 156 4967 rium
171 4903 214 4966 ab
225 4900 507 4979 ildebrandino
518 4900 676 4976 dirigitin
691 4899 863 4960 faciendis.
920 4895 1034 4957 tabula
1053 4893 1160 4970 operit
1173 4892 1335 4968 reliquias
1348 4890 1549 4961 sanctorum,
1563 4889 1611 4950 ita
1629 4888 1714 4950 oha-

71 5001 234 5081 Reliquiae
248 5014 328 5062 vero
348 4999 425 5060 sunt
442 4997 594 5075 exempla
607 4997 780 5074 utriusque
800 4997 868 5057 tes-
921 4993 1004 5055 ritas
1018 4990 1125 5067 operit
1136 4988 1609 5062 multitudinem'peccatornm.
1622 4984 1716 5049 Unde

69 5098 220 5170 tamenti,
251 5095 477 5166 auctoritates,
501 5095 664 5165 rationes,
694 5093 867 5170 passiones
921 5088 1118 5166 apostolus:
1136 5086 1295 5148 Charitas
1309 5088 1374 5146 Dei
1388 5085 1516 5158 diffuso
1530 5085 1582 5147 cst
1594 5088 1631 5145 tn
1644 5098 1717 5144 oon

70 5199 256 5275 martyrum
275 5194 310 5255 et
327 5192 396 5255 rita
418 5190 658 5262 consessorum,
678 5205 751 5267 quae
773 5188 867 5251 nobis
922 5190 1019 5248 diores
1041 5184 1171 5246 nostris
1189 5196 1256 5257 per
1275 5183 1447 5255 spumeum
1471 5181 1637 5242 Saturium
1659 5183 1718 5254 qui

71 5292 205 5357 suntad
220 5289 442 5355 imitationem
465 5289 593 5350 relicta.
609 5291 690 5349 Haeo
709 5287 744 5347 in
768 5301 868 5363 capsa
922 5284 1023 5344 dotus
1037 5282 1089 5343 cst
1103 5282 1198 5342 ηοϋῑε
1209 5277 1318 5358 (Rom.
1332 5295 1365 5350 v,
1378 5276 1421 5350 5).
1439 5278 1555 5339 Latum
1566 5276 1616 5338 est
1628 5292 1719 5337 man·

71 5391 296 5458 recondimus,
312 5402 387 5450 cum
399 5386 440 5447 ad
455 5385 651 5448 imitandum
665 5399 705 5445 ea
720 5383 755 5445 in
770 5382 868 5445 corde
923 5380 1035 5441 datum
1057 5376 1241 5449 charitatis,
1263 5376 1349 5454 qnod
1372 5391 1476 5452 usque
1501 5374 1543 5435 ad
1564 5373 1718 5435 inimicos

71 5490 274 5561 retinemus3
291 5484 370 5563 quia
384 5482 578 5545 siaudimus
593 5484 625 5544 et
640 5481 867 5558 intelligimus,
923 5475 1113 5539 extenditur
1138 5473 1319 5537 secundum
1344 5473 1544 5551 praeoeptum
1568 5469 1715 5532 domini-

72 5581 450 5663 etoperanonlacirnns,
460 5580 566 5657 magis
577 5579 675 5642 estad
688 5579 870 5642 damnatio·
924 5592 997 5638 cum
1011 5592 1018 5632 :
1032 5574 1171 5651 Diitpiie
1181 5575 1340 5636 irtimicos
1354 5572 1525 5633 nostros...
1543 5567 1673 5648 (Mattb.
1685 5582 1716 5638 r,
