3802 6166
186 283 245 347 351
653 277 831 341 HONORII
852 276 897 338 111
918 276 1068 338 OPERA.
1083 304 1122 321 ·-
1137 275 1370 339 SERMONES.
1779 278 1842 340 352

186 443 266 507 bere
279 443 438 506 Dominus
458 458 478 504 a
500 441 625 517 nuptiis
640 438 819 510 revocavit,
836 436 890 500 cul
905 437 982 499 etin
1036 436 1176 512 Dtliptte
1203 438 1361 499 inimicos
1390 436 1526 498 vestros
1552 434 1682 515 (blattb.
1710 451 1743 508 r,
1770 435 1839 515 44),

187 558 285 605 cruce
314 540 459 618 pendens
489 540 629 600 Matrem
661 537 825 612 virginem
860 534 982 611 virgini
1037 533 1418 610 sicutetipsecbristus
1435 533 1592 610 expansis
1608 533 1756 594 incruce
1772 550 1842 594 ma·

187 638 448 701 commendavit?
1037 630 1135 691 nibus
1154 646 1214 707 pro
1227 630 1371 692 inimicis
1391 631 1500 692 oravit
1515 631 1668 707 inquiens
1689 633 1838 703 :Petam

226 735 328 797 Debet
342 736 453 796 autem
476 734 622 811 imprimi
641 733 771 809 signum
786 731 895 793 crucis
910 729 983 791 oleo
1037 730 1173 802 ionosce
1196 732 1274 800 iliis,
1306 732 1387 803 qaia
1413 729 1570 788 nesciant
1597 731 1678 802 prtia
1706 729 1841 802 sentent

184 833 238 895 rel
253 832 431 893 chrismate
452 831 652 907 regulariter
670 831 705 890 in
725 830 867 907 quatuor
888 827 981 898 locis,
1038 823 1132 904 (Luc.
1167 840 1264 898 xxm,
1297 824 1368 904 34);
1407 825 1577 901 longitudo
1612 825 1647 885 in
1680 840 1842 901 perseve-

184 925 981 1006 videlicet,interscapulas,invertice,infronte,
1038 924 1162 997 rantia;
1190 923 1372 984 nonenim
1398 923 1454 1000 qui
1484 923 1668 999 incoeperit.
1696 923 1754 983 sed
1780 924 1840 1000 qui

186 1026 219 1088 in
244 1026 387 1103 pectore,
408 1028 444 1087 ut
467 1028 500 1087 et
514 1027 590 1087 ante
614 1026 647 1086 et
675 1026 765 1086 retro
795 1022 984 1083 muniamur
1038 1020 1304 1095 perseveraverit
1316 1036 1421 1097 usque
1443 1021 1478 1080 in
1504 1020 1615 1092 tinem,
1645 1020 1699 1081 bic
1726 1020 1840 1080 salvus

183 1123 309 1186 uexillo
331 1125 364 1185 et
383 1124 533 1200 tropbaeo
558 1123 633 1185 ildei
654 1121 866 1195 christianae3
897 1119 983 1196 quod
1038 1117 1114 1188 erit,
1138 1118 1225 1178 sicut
1246 1119 1279 1178 et
1301 1117 1374 1193 ipse
1397 1117 1547 1178 Christus
1571 1134 1646 1179 cum
1666 1117 1841 1179 dilexisset

184 1221 398 1283 adversarius
433 1220 639 1298 expavescit,
661 1220 759 1297 iuxta
793 1217 898 1278 illud:
914 1221 985 1278 Fac
1038 1230 1127 1286 suos,
1153 1214 1187 1275 in
1215 1214 1314 1275 tinem
1336 1214 1453 1275 dilexit
1476 1230 1548 1288 eos3
1577 1213 1774 1287 sublimitas,
1803 1218 1841 1277 ut

183 1333 330 1391 mecum,
346 1321 503 1390 Domine,
518 1321 658 1394 stpnnm
677 1321 714 1376 tn
724 1319 859 1387 daritim,
878 1314 916 1375 at
931 1318 985 1375 ot·
1038 1327 1226 1388 quaeramus
1241 1327 1315 1388 quae
1330 1327 1461 1372 sursum
1475 1312 1563 1382 sunt,
1573 1327 1640 1372 non
1649 1328 1723 1388 quae
1738 1328 1841 1389 super

184 1417 288 1479 deam
314 1419 372 1490 put
393 1418 476 1477 nimi
498 1415 656 1485 oderant,
677 1413 709 1475 et
728 1412 985 1486 conmendantes·
1037 1411 1172 1477 terram,
1189 1409 1274 1470 sicut
1295 1410 1329 1470 ei
1348 1409 1420 1485 ipse
1435 1409 1638 1470 voluntatem
1659 1409 1769 1470 Patris
1784 1411 1840 1470 sui

183 1510 255 1595 (Ps.
266 1515 316 1585 85,
331 1510 395 1591 17).
408 1516 446 1573 ln
455 1512 603 1573 humeris
613 1511 758 1572 solemus
768 1510 856 1571 ferre
867 1524 980 1570 onera.
1038 1507 1185 1583 praetulit
1198 1506 1377 1583 inquiens:
1399 1507 1645 1567 Verumtamen
1658 1520 1728 1567 non
1748 1510 1840 1568 sicta

184 1614 270 1687 Ergo
282 1610 530 1687 interscapulas
542 1608 743 1686 imprimitur
752 1607 794 1669 ad
803 1607 985 1682 designan-
1038 1618 1099 1680 epo
1114 1609 1198 1675 volo,
1214 1607 1275 1666 sed
1292 1604 1381 1664 sicat
1397 1604 1433 1664 ta
1445 1607 1499 1665 oie
1512 1602 1642 1682 (Mattb.
1660 1620 1752 1676 xxm,
1768 1604 1839 1682 39).

184 1708 261 1770 dum
279 1707 364 1785 quod
375 1710 493 1784 jugum
508 1706 632 1769 Christi
648 1721 751 1766 suave
766 1706 826 1776 est,
848 1707 881 1765 et
900 1720 983 1765 onus
1038 1703 1278 1775 Prusiadam,
1308 1699 1413 1769 idest,
1443 1701 1607 1762 occultum
1634 1701 1839 1778 Judiciorum

184 1807 257 1884 eJus
269 1805 353 1865 leve.
374 1807 412 1864 ln
426 1803 550 1865 vertice
567 1803 618 1865 est
632 1802 716 1864 cella
731 1800 937 1863 memorialis
952 1802 985 1861 et
1038 1798 1109 1869 Dei,
1126 1813 1241 1875 quare,
1261 1798 1428 1869 videlicet,
1453 1797 1543 1859 bunc
1557 1799 1653 1860 vocat
1672 1799 1713 1859 ad
1738 1798 1841 1859 tidem

184 1902 280 1963 sedes
295 1901 476 1963 memoriae.
492 1900 541 1962 lbi
557 1916 635 1977 ergo
650 1899 853 1976 imprimitur
866 1897 908 1960 ad
924 1897 986 1958 de·
1038 1895 1159 1963 crucis,
1177 1897 1211 1958 et
1228 1894 1323 1956 illum
1340 1894 1507 1972 reprobat,
1533 1897 1569 1957 ut
1590 1895 1738 1956 dicamus
1762 1912 1839 1956 cum

184 1999 381 2075 signandum
406 1998 492 2076 quod
517 2013 648 2074 semper
674 1995 831 2058 debemus
860 1994 984 2056 babere
1039 1992 1364 2055 Pau1020atmaa
1386 1993 1838 2069 divitiarnmsaptentiwet

184 2097 380 2158 memoriam
415 2096 580 2166 crucifixi,
603 2095 699 2172 juxta
722 2093 806 2170 quod
827 2093 982 2170 lpseait:
1037 2090 1191 2151 scientim
1204 2092 1305 2151 Dei...
1323 2086 1433 2167 (Rom.
1454 2104 1501 2161 11,
1517 2088 1584 2169 33).

68 2176 71 2185 ’
182 2196 258 2255 Hoc
287 2194 391 2267 tacite
418 2196 455 2253 tn
482 2207 598 2252 ineam
625 2191 984 2252 commemorationem

184 2288 277 2370 (Luc.
300 2306 385 2363 xxm,
407 2287 473 2368 19).
490 2292 527 2351 In
544 2288 652 2350 fronte
667 2289 718 2349 est
732 2287 826 2348 sedes
847 2284 984 2364 pudoris
1374 2320 1500 2408 XXXI

179 2391 277 2465 juxta
292 2388 374 2448 illud
387 2409 394 2449 :
406 2392 519 2449 Frons
533 2388 730 2448 meretricis
743 2385 835 2459 sacta
850 2385 902 2446 est
912 2385 982 2456 tibi,

183 2487 323 2546 rtotnisti
343 2488 545 2547 eritho-icere
562 2483 697 2564 (Jerem.
715 2499 763 2551 lli,
778 2482 824 2562 3).
841 2482 890 2542 Ibi
905 2496 984 2557 ergo
1040 2508 1085 2569 IN
1106 2509 1236 2569 FESTO
1263 2508 1570 2569 CONFESSORUM
1593 2509 1839 2570 SUMMORUM

183 2581 385 2657 imprimitur
404 2581 445 2641 ad
468 2581 707 2656 designandum
727 2580 813 2657 quod
834 2595 901 2641 non
925 2579 985 2639 de·
1304 2606 1576 2667 PONTIFICUM·

183 2677 299 2738 bemus
328 2677 524 2739 erubescere
547 2677 754 2738 crucifixum.
774 2679 878 2738 Immo
898 2675 985 2736 absit

182 2774 279 2835 nobis
293 2775 432 2851 gloriari
454 2774 520 2834 nisi
543 2773 578 2834 in
602 2789 701 2835 cruce
723 2772 853 2835 Domini
877 2774 984 2834 nostri
1084 2774 1236 2849 leilate,
1250 2778 1331 2847 qnia
1341 2775 1557 2849 nescitisqaa
1568 2779 1656 2837 liora
1667 2777 1838 2836 Dominus

181 2874 263 2934 iesu
273 2872 406 2933 Christi.
428 2870 574 2932 Verbum
584 2871 670 2931 enim
685 2871 794 2931 crucis
809 2871 982 2948 pereunti-
1038 2871 1155 2932 vester
1167 2871 1336 2932 venturus
1348 2873 1394 2932 sit
1411 2869 1648 2949 (Matinum,
1663 2871 1729 2949 42).

182 2967 244 3029 bus
259 2968 390 3046 quidem
403 2968 543 3029 stultitia
559 2971 619 3036 est,
635 2967 689 3028 bis
702 2968 813 3030 autem
828 2968 885 3046 qui
898 2966 984 3028 salvi
1079 2967 1238 3028 Dominus
1271 2969 1385 3029 noster
1411 2971 1508 3029 Jesus
1537 2968 1687 3029 cbristus
1719 2968 1840 3045 plenus

182 3066 273 3138 flent,
296 3067 402 3127 virtus
416 3066 476 3127 Dei
491 3065 551 3127 est.
577 3066 720 3143 Ideoque
739 3066 796 3142 qui
811 3082 885 3127 eum
906 3081 985 3126 eru·
1037 3064 1159 3142 pietate
1183 3064 1216 3126 et
1243 3064 1473 3126 misericordia
1506 3081 1572 3126 non
1601 3065 1671 3127 vult
1696 3067 1840 3127 mortem

182 3162 292 3226 buerit
318 3179 430 3225 coram
452 3163 655 3236 homiuibus,
672 3162 845 3224 erubescet
865 3163 983 3240 etipse
1038 3162 1222 3238 peccatoris
1235 3162 1305 3234 sed,
1322 3164 1359 3224 ut
1372 3162 1587 3224 convertatur
1601 3164 1633 3224 et
1649 3163 1751 3224 vivat.
1765 3165 1840 3239 lpse

183 3276 259 3322 eum
284 3276 395 3323 coram
419 3262 518 3322 Patre
533 3276 605 3321 suo.
623 3262 659 3321 ln
679 3261 811 3337 pectore
823 3262 874 3321 est
888 3259 982 3320 sedes
1038 3258 1150 3322 docuit
1174 3261 1208 3321 et
1222 3260 1351 3322 monuit
1365 3275 1425 3321 nos
1441 3260 1584 3337 qualiter
1598 3260 1764 3337 possimus
1779 3261 1838 3321 in-

182 3357 367 3435 sapientiae,
388 3360 485 3435 Juxta
511 3357 616 3418 illud:
638 3360 756 3419 Omnis
774 3360 887 3418 scriba
905 3360 985 3418 cioc-
1036 3357 1153 3418 venire
1185 3357 1328 3433 gloriam
1360 3357 1505 3419 coelestis
1540 3357 1635 3433 regni
1663 3363 1696 3419 et
1729 3358 1840 3419 vitare

183 3456 239 3518 tus
265 3459 304 3516 in
334 3470 443 3532 repno
462 3461 628 3517 coeloram
650 3458 692 3516 ae
717 3455 879 3517 thesauro
900 3469 980 3526 sno,
1037 3469 1152 3531 poenas
1178 3454 1312 3525 interni,
1341 3455 1429 3515 sicut
1451 3457 1590 3531 apparet
1611 3455 1647 3515 in
1671 3455 1839 3531 principio

179 3554 331 3628 pectore,
353 3552 520 3621 videlicet,
538 3553 675 3628 profert
698 3566 788 3614 nona
809 3552 843 3613 et
863 3552 983 3613 cetera
1038 3551 1137 3628 bujus
1152 3551 1330 3627 evangelii,
1346 3552 1432 3627 quod
1449 3551 1545 3612 modo
1564 3550 1729 3612 audistis:
1752 3555 1842 3627 lipi-

182 3648 313 3730 (Mattb.
329 3666 403 3722 1111,
423 3650 489 3728 52).
1036 3649 1103 3710 tate
1117 3651 1199 3722 onia
1212 3650 1352 3710 arescitis
1361 3664 1429 3722 oua
1440 3653 1527 3710 bora
1538 3651 1707 3710 Dominus
1721 3649 1841 3710 cester

222 3748 412 3809 Notandum
427 3750 478 3808 est
493 3747 578 3823 quod
594 3746 729 3808 luerunt
744 3747 780 3807 in
794 3747 868 3824 ipsa
883 3762 982 3808 cruce
1036 3746 1206 3806 celaturus
1231 3746 1288 3806 sit.
1316 3746 1476 3806 Dominus
1502 3745 1653 3822 praecipit
1679 3745 1835 3820 vigilare,

184 3845 327 3921 quatuor
344 3844 447 3919 ligna.
462 3844 604 3920 Lignum
622 3846 779 3915 erectum,
796 3844 915 3905 ethaeo
931 3846 982 3904 est
1036 3843 1069 3903 et
1088 3858 1149 3903 nos
1168 3842 1355 3917 vigilemus.
1385 3843 1468 3914 Quid
1492 3843 1543 3904 est
1564 3842 1724 3919 vigilaret
1743 3843 1842 3919 Vigi-

182 3940 372 4017 longitud03
394 3942 521 4016 lignum
544 3943 771 4002 transversum
795 3943 828 4001 et
845 3941 918 4001 baec
933 3941 983 4000 esi
1036 3938 1108 3999 lare
1132 3939 1183 3999 est
1205 3938 1355 4000 inbonis
1377 3942 1410 4001 et
1430 3941 1493 4017 piis
1509 3938 1664 4017 operibus
1679 3955 1841 4017 perseve-

182 4037 341 4112 latitud03
356 4037 469 4099 tabula
491 4038 700 4114 superposita
716 4039 749 4099 et
762 4037 835 4098 baec
858 4038 908 4098 est
925 4053 983 4097 su·
1036 4049 1125 4096 rare.
1152 4035 1215 4097 Sed
1238 4036 1315 4113 quid
1331 4037 1466 4113 prodest
1484 4036 1591 4109 nobis,
1620 4038 1706 4114 quod
1729 4039 1839 4114 primo

181 4134 346 4209 blimitas3
363 4135 464 4211 stipes
484 4134 538 4195 cui
557 4134 661 4195 infixa
675 4134 784 4196 fuerat
802 4134 876 4211 ipsa
899 4126 982 4196 crux
1036 4132 1160 4194 fuimus
1174 4132 1340 4195 ferventes
1354 4135 1390 4195 in
1404 4133 1491 4196 bono
1506 4151 1617 4211 opere,
1643 4134 1756 4196 sitam
1772 4136 1839 4198 cito

182 4233 215 4295 et
236 4233 299 4294 hoc
323 4235 374 4294 est
393 4232 603 4309 profundum,
621 4249 680 4309 per
701 4232 787 4309 quod
808 4231 981 4293 manifeste
1035 4230 1208 4292 deficimus
1233 4247 1294 4309 pro
1322 4232 1465 4308 alicujus
1490 4232 1714 4308 malignitate?
1741 4233 1838 4294 Unde

181 4330 387 4392 declaratum
400 4329 550 4406 estquod
565 4329 606 4391 de
621 4329 888 4406 quatuormundi
903 4345 982 4407 par·
1036 4329 1216 4403 Gregorius
1242 4350 1250 4390 :
1276 4346 1295 4388 c
1319 4332 1490 4390 Incassum
1513 4329 1636 4390 bonum
1657 4330 1781 4405 agitur,
1808 4330 1838 4391 si

180 4427 269 4489 tibus
285 4429 447 4489 vocantur
467 4427 634 4499 homines,
657 4429 690 4489 et
711 4428 854 4504 quatuor
866 4427 981 4488 mundi
1035 4428 1113 4487 ante
1127 4427 1205 4489 viiae
1217 4427 1396 4488 terminum
1408 4427 1593 4488 deseratur.
1606 4444 1624 4486 b
1639 4428 1679 4488 at
1692 4428 1839 4504 Aposto-

181 4525 315 4588 climata
344 4525 498 4587 venirent
525 4525 566 4586 ad
596 4524 801 4586 adorandam
829 4540 979 4600 crucem3
1036 4524 1088 4583 lus
1111 4540 1173 4585 nos
1192 4523 1345 4586 bortatur
1359 4525 1472 4586 dicens
1489 4546 1497 4585 :
1513 4529 1649 4586 Bonam
1670 4526 1838 4599 societates

177 4625 275 4701 Juxta
290 4623 377 4701 quod
396 4623 469 4700 ipse
487 4622 587 4683 etiam
612 4621 660 4682 ait
676 4643 683 4681 :
700 4624 788 4683 Cum
805 4622 981 4684 eaaltatus
1035 4636 1104 4682 non
1125 4624 1325 4694 deficiamus
1347 4621 1470 4701 (Galat.
1490 4637 1536 4694 vr,
1561 4620 1606 4700 9).
1630 4623 1727 4694 Quia,
1751 4623 1839 4686 sicut

180 4725 281 4797 mero
293 4738 315 4783 a
331 4722 440 4793 terra,
457 4722 574 4781 omitia
587 4719 726 4780 trabam
739 4721 784 4780 ad
796 4734 852 4781 me
868 4722 981 4795 ipsam
1035 4719 1158 4781 dicitur
1180 4718 1215 4780 in
1232 4720 1411 4795 Evangelio
1429 4742 1436 4781 ε
1452 4724 1531 4782 Non
1545 4723 1605 4794 qut
1618 4722 1764 4796 caperit
1777 4724 1839 4783 sed

182 4818 293 4896 (Joan.
309 4835 370 4890 xu,
386 4817 452 4897 32).
1035 4820 1092 4891 pat
1101 4818 1383 4891 perseveraverit
1397 4821 1551 4891 usquein
1569 4819 1687 4890 tinem,
1700 4821 1755 4881 bic
1769 4824 1839 4882 sal·

221 4918 319 4991 Ergo,
349 4915 486 4987 iratres,
517 4913 558 4975 de
584 4929 637 4975 me
666 4913 782 4986 fateor,
817 4913 981 4976 mirabilis
1035 4929 1099 4975 otis
1118 4915 1187 4975 erit
1211 4912 1342 4992 (Mattb.
1363 4930 1456 4986 xxrv,
1483 4913 1547 4993 13).
1572 4916 1612 4976 Et
1632 4917 1836 4993 Apostolus:

181 5010 268 5073 tacta
290 5015 339 5074 est
354 5011 557 5074 conscientia
574 5012 639 5073 ista
654 5027 697 5073 ex
716 5028 779 5084 me,
796 5012 981 5075 confortata
1034 5012 1111 5074 Non
1128 5013 1350 5074 coronabitur
1366 5015 1443 5086 picis
1461 5015 1531 5074 nisi
1551 5014 1703 5089 tepitime
1717 5017 1837 5076 certa-

180 5109 272 5171 estet
284 5125 350 5170 non
363 5110 477 5185 potero
492 5109 534 5169 ad
549 5125 634 5182 eam,
648 5111 682 5172 ei
693 5110 730 5170 ut
741 5109 859 5171 saltem
872 5108 982 5186 possi·
1034 5110 1125 5170 vemt
1143 5109 1189 5187 (ΙΙ
1210 5109 1293 5170 Tim.
1315 5124 1352 5182 11,
1367 5108 1414 5189 5),
1430 5109 1509 5186 quia
1532 5108 1589 5171 ubi
1610 5113 1643 5174 te
1663 5111 1836 5185 invenero,

181 5221 255 5267 mus
277 5205 557 5282 comprehendere
572 5223 648 5268 cum
671 5205 825 5270 omnibus
849 5207 979 5270 Sanctis
1035 5206 1080 5267 ibi
1095 5207 1127 5269 te
1139 5206 1308 5285 Judicabo.

181 5318 254 5380 quae
279 5303 322 5363 sit
344 5302 532 5378 longitudo,
560 5303 712 5376 latitudo,
738 5303 924 5365 sublimitas
948 5306 981 5365 et
1075 5305 1255 5382 Propterea
1282 5304 1392 5381 posuit
1418 5304 1449 5366 te
1473 5306 1633 5367 Dominus
1664 5307 1837 5368 custodem

181 5399 380 5477 profundum
391 5399 516 5473 crucis3
533 5402 676 5464 latit-tecto
689 5403 722 5463 in
735 5401 889 5478 operibus
905 5401 981 5462 cha·
1034 5401 1075 5463 ad
1109 5402 1313 5479 vigilandum
1346 5404 1379 5463 et
1410 5402 1756 5481 circumspiciendum.
1786 5406 1836 5467 nd

180 5497 302 5570 ritatis,
314 5498 408 5573 cuius
421 5496 613 5558 mandatum
628 5498 731 5561 latum
746 5500 798 5563 est
811 5500 844 5562 et
856 5503 978 5562 exten·
1033 5499 1250 5576 vigilandum,
1262 5501 1444 5562 secundum
1464 5502 1550 5578 quod
1571 5502 1643 5579 ipse
1663 5501 1712 5564 ait
1728 5506 1837 5579 Apos-

180 5592 271 5657 ditur
285 5609 389 5671 usque
412 5594 453 5655 ad
478 5593 642 5668 inimicos,
671 5594 800 5659 dicente
815 5597 977 5691 Domino:
1033 5597 1112 5660 tolia
1132 5620 1140 5661 ε
1162 5599 1303 5676 Vipimte
1320 5600 1354 5662 et
1371 5600 1470 5663 orate
1491 5600 1530 5662 nt
1549 5614 1617 5663 iton
1638 5600 1780 5661 intretis
1799 5603 1835 5661 in
