3802 6166
163 288 226 351 250
622 277 800 343 tichonii
822 276 868 337 111
889 274 1038 341 OPERA.
1052 274 1342 338 -sliaholins
1748 279 1811 348 260

164 446 223 511 lia.
237 445 332 523 quasi
355 459 492 507 anemos
507 442 613 506 lethes
633 439 767 519 propter
786 434 962 515 quamdam
1055 434 1137 497 item
1161 435 1333 499 sciendum
1357 436 1418 509 est,
1435 435 1520 514 quod
1536 436 1716 514 aliqnando
1730 453 1811 515 pas-

165 542 365 607 oblivionem
379 541 625 620 temporalium.
644 540 787 599 Anemos
807 536 857 597 est
876 550 960 596 ven·
1014 533 1080 596 tori
1104 535 1311 597 subtrahitur
1334 537 1443 611 gratie
1472 535 1729 611 praedicationis,
1748 553 1808 612 pro

164 642 245 713 tus3
289 640 411 701 dicitur
442 640 548 701 lethes
577 635 712 699 oblivio.
748 635 875 695 Ventus
911 634 962 694 est
1014 632 1102 694 malo
1126 633 1244 695 merito
1272 633 1393 709 plebis,
1421 632 1599 709 aliquando
1623 649 1683 710 pro
1720 634 1809 695 malo

164 739 233 801 rita
269 754 428 815 praesens.
468 736 594 799 Ventus
630 735 682 796 ost
718 729 759 794 ad
796 730 960 792 modicum
1014 728 1132 791 merito
1147 746 1215 792 snae
1230 730 1426 807 iniquitatis.
1441 731 1535 792 Unde
1551 730 1666 792 beatus
1682 734 1811 806 Grego-

164 850 298 915 parens.
325 832 418 897 Unde
436 833 498 896 Job
520 854 527 893 ε
554 832 728 894 Memento
755 831 835 900 mci,
855 832 958 901 Deras,
1013 827 1085 889 rius
1102 849 1110 888 ε
1127 829 1253 904 «Saepe
1271 845 1330 904 pro
1352 845 1413 889 sua
1428 828 1604 905 iniquitate
1619 828 1809 905 praedican-

163 938 246 1009 qm'e
265 933 389 994 ventus
413 932 549 993 estvtta
571 944 650 991 meo
661 926 746 1008 (tob.
757 942 817 998 vn,
829 925 875 1005 7).
899 925 959 986 Li·
1013 925 1095 987 tium
1122 925 1236 1001 lingua
1263 926 1523 1003 restringitur.»
1555 928 1650 1003 Saepe
1671 942 1751 988 voro
1777 931 1810 989 et

163 1028 288 1093 horatia
312 1030 415 1105 igitur
435 1046 455 1090 ι
476 1027 621 1106 peccatis
645 1025 819 1088 animabus
845 1023 961 1084 subdi·
1014 1022 1236 1102 subjectorum
1251 1024 1348 1101 culpa
1363 1024 1443 1101 agit,
1459 1025 1495 1085 ut
1509 1024 1558 1085 eis
1572 1025 1628 1100 qui
1648 1026 1807 1100 praesunt,

162 1130 284 1200 torum,
312 1142 371 1205 per
398 1126 521 1188 sanetae
536 1124 784 1203 praedicationis
802 1122 957 1193 studium,
1013 1122 1259 1198 praedicationis
1275 1138 1383 1183 sermo
1406 1121 1631 1183 subtrahatur.
1657 1122 1811 1184 liestrin-

164 1226 285 1287 erectis
301 1224 343 1285 ad
367 1226 471 1285 Deum
492 1239 552 1301 per
576 1222 723 1300 paradisi
745 1220 957 1292 desiderium,
1012 1220 1102 1294 gitur
1116 1219 1230 1297 lingua
1246 1220 1459 1296 praedicantis
1474 1235 1535 1280 sua
1547 1219 1708 1296 nequitia,
1722 1221 1810 1282 sicut

162 1320 354 1384 letantibus
366 1321 401 1381 in
416 1322 555 1382 Domino
571 1319 734 1397 parbonae
747 1316 958 1380 conscientiae
1012 1316 1133 1379 dicitur
1157 1332 1216 1394 per
1243 1317 1454 1379 Psalmistam
1468 1338 1477 1379 ε
1490 1318 1673 1379 Peccatori
1691 1318 1811 1379 antem

160 1420 400 1490 testimonium,
417 1419 616 1496 superestut
630 1416 758 1479 moneri
772 1415 913 1476 debeant
927 1414 960 1475 et
1011 1416 1102 1476 discit
1135 1419 1238 1487 Dmrs,
1264 1430 1373 1489 qnare
1401 1415 1439 1477 tn
1471 1430 1621 1477 eaaarras
1646 1416 1808 1488 justitias

162 1516 328 1578 instanter
349 1515 489 1588 honeri,
513 1519 677 1592 quatenus
704 1529 744 1575 ea
773 1528 845 1590 quae
868 1512 958 1573 retro
1012 1528 1109 1575 meus
1128 1513 1164 1575 et
1181 1516 1333 1575 assumis
1347 1513 1594 1575 testamentum
1611 1528 1729 1573 meam
1740 1528 1809 1585 per

162 1614 243 1675 sunt
266 1612 370 1685 obliti,
387 1613 585 1690 temporalia
613 1612 741 1674 scilicet
762 1611 795 1671 et
820 1609 957 1677 caduca,
1011 1624 1050 1672 os
1062 1611 1183 1672 tnumt
1196 1609 1265 1688 (Pa.
1283 1612 1335 1682 49,
1360 1607 1624 1688 missnensem
1642 1631 1649 1669 :
1666 1625 1710 1671 ox
1724 1609 1808 1671 vitio

28 1786 31 1793 Ι
162 1711 205 1772 ad
220 1708 381 1773 interiora
396 1726 432 1772 se
447 1726 578 1788 semper
594 1708 785 1780 extendant,
799 1707 841 1769 ad
858 1707 960 1783 spiri-
1012 1707 1234 1783 subiectorum
1247 1722 1313 1769 vox
1330 1707 1582 1784 praedicantium
1596 1707 1806 1783 prohibetur,

161 1807 267 1869 tualia
291 1808 447 1870 videlicet
474 1809 508 1870 et
535 1808 680 1878 aetorna,
717 1806 823 1867 donec
854 1806 958 1866 Deum
1011 1805 1097 1866 sicut
1123 1805 1165 1867 ad
1191 1805 1395 1866 Ezechielem
1420 1805 1578 1865 Dominus
1603 1803 1705 1866 dicit:
1724 1807 1810 1865 Lin-

163 1904 300 1966 dsorum
309 1905 567 1967 viderevaleani
578 1905 612 1965 in
626 1903 717 1965 Sion.
1010 1918 1115 1979 quam
1126 1903 1222 1963 taam
1231 1905 1466 1964 adhaerescere
1475 1903 1722 1976 faetampalato
1734 1902 1806 1970 tuo,

201 2002 331 2079 Repete
346 2018 429 2080 erqo
442 2006 628 2065 Dominum
641 2003 777 2072 nassa,
790 2001 830 2062 nt
843 2000 958 2061 mittat
1011 2001 1044 2061 et
1065 2003 1138 2060 erts
1150 2002 1250 2073 quast
1263 1999 1392 2071 mntns,
1408 2013 1471 2059 nec
1484 2002 1591 2072 catast
1609 2001 1666 2061 atr
1686 2000 1808 2070 objer-

161 2103 340 2175 operarios
354 2103 392 2160 tn
411 2114 559 2162 messem
570 2114 672 2161 snam
684 2096 814 2178 (Matth.
829 2113 877 2169 rx,
890 2095 956 2175 38).
1010 2111 1108 2174 paras,
1122 2099 1204 2170 qma
1229 2100 1352 2158 domm
1368 2109 1585 2170 exaspera-ns
1608 2096 1660 2157 est
1674 2094 1807 2173 (Erech.

161 2197 322 2258 Dominus
346 2197 465 2257 messis
493 2197 630 2272 rogatus
652 2194 831 2272 aliquando
859 2192 959 2255 mittit
1012 2209 1062 2265 ιιι,
1086 2192 1152 2272 26).
1178 2196 1226 2255 Ac
1252 2193 1281 2254 si
1306 2192 1420 2269 aperte
1444 2192 1532 2254 dicat
1557 2213 1564 2252 ε
1594 2192 1720 2254 idcirco
1747 2191 1808 2254 tibi

161 2293 333 2369 operarios
345 2294 379 2354 in
395 2293 636 2365 misericordia,
651 2292 830 2368 aliquando
844 2291 880 2351 in
894 2290 955 2350 ira.
1012 2290 1260 2367 praedicationis
1286 2305 1395 2351 sermo
1413 2289 1553 2361 tollitur,
1570 2289 1648 2366 quia
1662 2289 1741 2350 dum
1756 2305 1810 2351 me

161 2388 349 2466 Aliquando
377 2390 523 2467 operarii
552 2389 667 2452 volunt
684 2389 817 2466 operari
838 2390 872 2450 et
892 2403 959 2449 non
1011 2388 1047 2449 in
1076 2389 1146 2449 suis
1174 2387 1304 2449 actibus
1333 2387 1425 2464 plebs
1454 2389 1641 2464 exasperat,
1667 2387 1811 2449 nonest

162 2487 408 2565 permittuntur.
431 2486 617 2564 Aliquando
632 2487 750 2548 nolunt
773 2485 906 2563 operari
927 2485 960 2545 et
1013 2485 1113 2561 digna
1128 2485 1182 2546 cui
1195 2485 1383 2547 exhortatio
1397 2484 1550 2547 veritatis
1563 2484 1630 2547 ilat.
1648 2487 1698 2546 Ex
1711 2487 1809 2561 cnjus

162 2585 338 2659 coguntur.
355 2584 514 2644 Dominus
539 2584 658 2644 massis
673 2584 774 2645 mittit
788 2582 959 2659 operarios
1011 2597 1092 2658 ergo
1102 2582 1195 2654 vitia,
1204 2581 1451 2660 praedicationis
1460 2597 1569 2643 sermo
1578 2581 1805 2653 subtrahatur,

162 2679 198 2741 in
217 2680 457 2753 misericordia,
473 2679 604 2758 quando
619 2680 676 2742 dat
694 2680 843 2757 pastores
855 2678 960 2740 bonos
1013 2696 1079 2742 non
1107 2677 1206 2740 facile
1234 2679 1455 2755 cognoscitur.
1484 2680 1578 2741 Unde
1602 2680 1805 2755 Gregorius:

162 2778 220 2855 qui
234 2779 373 2855 pascant
386 2777 553 2855 populum,
577 2778 717 2839 scientia
741 2778 773 2840 et
794 2776 957 2839 doctrina.
1012 2794 1031 2838 a
1054 2775 1173 2838 Subtili
1188 2776 1382 2853 occultoque
1399 2776 1527 2853 jndicio
1546 2792 1567 2839 a
1592 2777 1809 2854 quorumdam

162 2875 323 2937 Dominus
351 2875 452 2936 mittit
479 2875 649 2951 operarios
677 2875 714 2935 in
740 2874 803 2946 ira,
827 2873 958 2951 quando
1012 2873 1149 2937 auribus
1161 2873 1355 2950 praedicatio
1365 2875 1481 2935 sancta
1496 2873 1713 2946 subtrahitur,
1730 2874 1810 2950 quia

166 2971 223 3034 dat
232 2974 381 3049 pastores
398 2972 514 3034 malos.
530 2972 623 3035 Unde
645 2972 726 3035 dicit
737 2988 797 3050 por
811 2974 933 3032 oseam
950 2992 957 3030 :
1013 2972 1169 3033 suscitari
1184 2971 1397 3048 pergratiam
1409 2987 1476 3032 non
1489 2972 1701 3033 merentur.»
1723 2974 1812 3047 Ope-

166 3074 261 3133 Dabo
273 3072 333 3132 ttbt
347 3084 465 3147 repam
477 3074 514 3131 tn
527 3072 648 3145 maore
666 3085 743 3132 meo
765 3067 862 3149 (Osee
882 3085 957 3140 xm,
1012 3069 1095 3131 rarii
1108 3069 1219 3131 autem
1242 3068 1358 3130 volunt
1379 3068 1524 3144 operari,
1541 3071 1574 3130 et
1588 3084 1655 3129 nou
1669 3068 1809 3145 permit-

163 3165 229 3246 11).
246 3169 286 3228 nt
296 3166 380 3229 tob:
397 3168 461 3234 ont
471 3181 622 3242 recreare
635 3168 719 3243 sacti
744 3167 959 3241 hypocritam
1014 3167 1139 3238 tantur,
1151 3166 1228 3243 quia
1244 3165 1373 3242 praelati
1383 3166 1417 3226 et
1428 3165 1617 3228 sacerdotes
1627 3164 1807 3241 aliquando

162 3266 310 3339 propter
338 3264 480 3339 peccata
501 3267 618 3338 popam
642 3261 729 3341 (tob.
756 3278 873 3335 xxxiv,
891 3261 957 3341 30).
1013 3263 1130 3326 volunt
1143 3262 1459 3339 praedicare,etnon
1472 3262 1706 3339 permittuntur
1716 3263 1808 3339 justo

162 3361 202 3423 nt
216 3361 417 3437 Gregorius:
433 3376 453 3421 e
469 3361 657 3421 Secundum
673 3360 793 3422 merita
808 3359 961 3421 subdito-
1013 3361 1072 3421 Dei
1083 3359 1222 3438 judicio.
1238 3361 1309 3421 Hoc
1324 3360 1434 3419 autem
1454 3358 1531 3421 ideo
1546 3360 1653 3435 potest
1667 3359 1808 3435 dispen-

26 3512 30 3517 .
160 3474 236 3520 rum
264 3459 453 3536 praelaturae
475 3457 670 3520 tribuuntur
697 3457 897 3534 regentium,
923 3457 960 3517 ut
1013 3458 1082 3519 sari
1096 3474 1117 3519 a
1131 3459 1211 3539 boo,
1227 3472 1270 3517 ne
1284 3456 1424 3533 populus
1439 3456 1580 3517 audiens
1594 3455 1808 3534 praedicatio·

162 3570 252 3633 saope
266 3556 323 3634 qui
336 3555 493 3618 videntur
506 3555 596 3628 boni,
617 3570 695 3616 mox
707 3555 842 3632 accepto
863 3554 958 3630 regi·
1013 3570 1089 3615 nem
1100 3555 1134 3616 et
1141 3570 1207 3616 non
1222 3553 1359 3625 taciens,
1374 3553 1509 3629 gravius
1518 3552 1698 3630 judicetur.
1715 3553 1810 3616 Unde

160 3654 252 3714 mine
289 3653 523 3729 permittantur
557 3652 741 3713 deteriores
776 3650 897 3712 tisri.»
925 3650 958 3711 Si
1013 3650 1806 3729 legimusdehpostolisindctibusApostolorum,

162 3750 345 3811 secundum
379 3749 497 3809 merita
532 3748 646 3809 nostra
681 3748 833 3824 pastores
854 3746 960 3808 melos
1013 3748 1099 3826 quod
1114 3749 1325 3810 tentaverunt
1344 3748 1394 3809 iro
1413 3748 1602 3825 Bythiniam
1622 3748 1663 3809 ad
1679 3747 1807 3825 praedi-

56 3918 59 3923 ·
163 3846 357 3923 accipimus,
384 3845 419 3906 in
444 3845 579 3906 illorum
605 3844 736 3905 actione
773 3842 960 3919 colligimus
1014 3846 1165 3916 candum,
1182 3845 1215 3906 et
1226 3860 1294 3905 non
1306 3845 1458 3922 permisit
1477 3861 1535 3907 eos
1556 3845 1693 3921 spiritus
1716 3846 1807 3907 Jesn.

164 3942 250 4021 quod
266 3956 309 4002 ex
333 3944 447 4002 nostra
463 3955 603 4017 pensare
624 3938 835 4001 debebamus.
860 3939 961 4001 Vide-
1014 3942 1174 4004 Similiter
1196 3941 1289 4003 multi
1315 3943 1432 4005 volunt
1454 3942 1552 4003 hodie
1576 3942 1757 4018 praedicare
1776 3942 1812 4003 et

31 4066 37 4077 =
164 4038 244 4100 iicet
257 4059 265 4098 ε
279 4038 314 4098 Si
329 4037 479 4113 pastores
493 4035 720 4097 faciuntmala
735 4051 847 4113 opera,
862 4038 960 4098 otnos
1013 4054 1080 4101 non
1092 4039 1328 4114 permittuntur
1339 4039 1392 4101 rel
1407 4039 1541 4116 propter
1551 4054 1646 4099 suam
1658 4054 1807 4115 occupa-

164 4136 348 4211 accipimus
360 4133 511 4209 pastores
528 4133 634 4194 malos
646 4133 826 4194 secundum
841 4134 960 4195 merita
1013 4137 1148 4207 tionem,
1164 4135 1217 4195 vel
1228 4135 1483 4212 propterpopuli
1496 4135 1704 4212 pravitatem.
1715 4138 1806 4212 Ope-

164 4232 293 4300 nostra,
307 4232 433 4292 certum
455 4230 616 4307 estquod
641 4245 703 4290 nos
717 4230 857 4291 iacimus
872 4230 960 4291 mala
1012 4233 1095 4295 rarii
1121 4232 1231 4294 autem
1257 4233 1453 4310 quandoque
1478 4232 1595 4295 nolunt
1614 4233 1746 4308 operari
1774 4233 1810 4294 et

165 4344 279 4407 opera,
294 4328 330 4389 ut
343 4343 405 4389 nos
424 4327 504 4389 mali
518 4327 784 4405 maluspastores
808 4328 959 4405 accipia—
1013 4331 1187 4405 coguntur,
1217 4330 1295 4407 quia
1324 4330 1458 4407 quidam
1479 4329 1558 4390 boni
1581 4329 1647 4390 riri
1674 4329 1808 4404 fugiunt

164 4442 251 4489 mus.
1013 4427 1173 4489 honorem
1202 4426 1422 4504 praelationis,
1447 4427 1481 4487 et
1505 4427 1617 4488 tamon
1643 4429 1808 4502 coguntur

147 4562 150 4567 -
206 4525 310 4584 Oros
329 4521 459 4599 praelati
481 4523 515 4584 et
541 4521 746 4585 sacerdotes!
762 4522 959 4584 circumcisa
1012 4524 1192 4602 praesidere
1219 4523 1467 4600 dispensatione
1498 4523 1675 4585 creatoris.
1711 4523 1807 4585 Unde

165 4620 263 4682 debet
289 4635 363 4681 esse
390 4618 459 4680 rita
485 4622 608 4679 vestra.
633 4620 708 4679 Non
733 4618 822 4680 onim
839 4618 961 4681 suflicit
1012 4623 1144 4698 Moyses
1173 4620 1281 4682 noluit
1304 4636 1376 4683 essa
1398 4620 1566 4697 prelatus,
1587 4620 1701 4682 dicens
1718 4641 1726 4680 ε
1744 4622 1809 4681 ob-

165 4716 260 4779 vobis
274 4717 342 4779 rita
365 4715 521 4787 interra,
550 4713 688 4786 scilicet,
714 4716 750 4776 ut
774 4731 848 4776 cum
864 4715 959 4777 bonis
1012 4733 1120 4791 sacro,
1140 4720 1297 4789 Domina,
1322 4719 1421 4779 mitte
1449 4732 1552 4791 quem
1575 4720 1749 4779 messurus
1773 4730 1812 4777 es

166 4815 299 4877 iactatis
309 4811 488 4889 aliquando
495 4810 595 4884 mala,
605 4811 661 4873 sed
670 4826 778 4888 neque
785 4812 957 4889 eclyptica,
1014 4813 1131 4894 (lixod.
1145 4832 1192 4887 rr,
1207 4814 1271 4895 13).
1297 4813 1361 4877 Sed
1375 4816 1486 4876 tamen
1501 4814 1635 4876 coactus
1650 4812 1808 4876 obedivit.

168 4912 205 4971 ut
217 4910 412 4986 quandoque
434 4908 610 4970 declinetis
632 4923 653 4969 a
676 4907 762 4971 bono
781 4909 959 4975 etfaciatis

166 5004 908 5078 malumtlircumcisusestbbrahamsenex‚
928 5008 961 5069 et
1343 4992 1478 5078 XXIII

166 5118 251 5180 puer
259 5104 367 5165 Jesus.
392 5103 479 5162 Sane
498 5116 558 5163 vos
584 5102 665 5164 estis
681 5117 778 5165 senes
791 5103 826 5167 et
838 5104 934 5179 parvi
950 5126 957 5165 ε

166 5199 314 5261 senesin
329 5198 487 5274 quantum
500 5198 651 5261 custodes
672 5198 752 5261 tiliae
774 5199 864 5261 Sion.
884 5201 959 5264 Nisi
1015 5252 1018 5256 .
1117 5152 1163 5213 IN
1184 5151 1461 5214 DEDIGATIONE
1482 5148 1708 5211 ECCLESIAE'

166 5300 277 5359 tamma
292 5294 486 5356 eiilciamini
502 5294 589 5357 sicut
613 5296 744 5372 parvuli
766 5311 834 5359 non
849 5297 959 5361 intra-
1058 5300 1146 5361 thtt
1163 5303 1265 5364 Jacob
1288 5303 1326 5363 tn
1348 5301 1493 5363 coenantis
1515 5296 1812 5361 scamrnstantcm

165 5393 243 5455 bitis
256 5393 292 5453 in
306 5407 446 5468 regnum
458 5391 627 5454 caelorum.
645 5395 704 5455 Vas
719 5395 883 5470 operariis
895 5395 958 5458 do·
1011 5398 1287 5470 superterram,
1315 5398 1349 5459 et
1369 5409 1535 5460 meamea
1559 5397 1635 5467 mna
1663 5393 1811 5470 tanceas

165 5490 297 5552 minicae
309 5489 438 5561 messis,
452 5490 483 5551 si
506 5505 582 5552 cum
604 5490 708 5566 paleis
720 5492 799 5553 sunt
824 5492 960 5555 combu—
1011 5499 1144 5568 caetum,
1160 5500 1298 5572 angelos
1306 5507 1437 5569 qnoque
1452 5495 1518 5555 Det
1535 5491 1760 5555 ascendentes
1774 5492 1810 5553 et

164 5587 283 5649 rendit
1011 5592 1252 5655 descendentes
1260 5605 1329 5666 per
1345 5605 1425 5652 earn
1445 5588 1540 5667 (Gen.
1556 5602 1676 5661 xxvrn,
1695 5587 1760 5665 12).
