3802 6166
128 330 170 391 tt)
596 327 771 389 llon'unll
794 320 839 387 111
861 328 1010 389 OPERA.
1026 358 1065 373 -
1081 328 1314 391 SERMONES.
1724 334 1786 396 100

124 480 301 568 quoeris...
340 488 467 571 (Mattlr.
494 504 563 561 ιιι,
593 487 656 567 19).
687 488 742 550 Sic
766 486 924 549 debemus
979 486 1085 549 David
1120 487 1354 551 dehonestavit
1387 488 1535 553 radendo
1567 489 1783 556 medietatem

126 589 317 651 discernere
332 589 421 650 inter
433 586 559 664 lepram
574 587 607 647 et
621 585 759 664 lepram,
774 602 817 647 ne
831 601 924 647 mor·
979 585 1157 647 barbarum
1180 587 1342 664 ipsorum,
1371 588 1405 649 et
1434 587 1646 665 procidendo
1670 592 1785 653 vestes

123 688 289 749 titicemus
315 687 444 747 animas
472 701 546 762 quae
575 700 642 746 non
663 684 863 757 moriuntur,
892 686 924 746 et
980 685 1140 761 usquead
1161 685 1267 746 nates.
1290 685 1466 761 integritas
1489 685 1603 749 barbae
1625 688 1669 749 ad
1688 688 1784 751 inte-

123 785 332 848 rivitlcemus
350 784 481 845 animas
503 798 577 860 quae
593 798 660 845 non
679 782 807 855 vivunt,
828 782 862 843 et
877 782 924 843 di·
978 780 1133 857 gritatem
1145 781 1290 843 refertur
1302 783 1380 845 ritae
1394 784 1428 844 et
1440 783 1614 847 doctrinm.
1629 785 1665 847 Si
1681 786 1783 865 hujus

125 900 239 945 camus
266 882 390 944 malum
413 881 546 954 bonum,
576 882 609 944 et
633 881 757 942 bonum
785 879 921 953 malum,
977 878 1090 941 barbae
1109 896 1176 941 una
1193 879 1352 942 medietas
1371 881 1502 943 raditur
1520 884 1554 944 et
1572 882 1681 946 altera
1701 900 1783 946 con-

124 983 285 1059 ponentes
312 981 422 1042 lucem
445 979 613 1051 tenebras,
636 982 670 1041 et
692 978 847 1041 tenebras
865 979 922 1040 lu·
978 979 1141 1050 servatur,
1165 993 1241 1040 cum
1257 978 1415 1055 praelaius
1430 979 1517 1042 male
1539 980 1624 1042 risit
1640 982 1674 1043 ei
1692 981 1779 1045 bene

124 1094 206 1141 cem.
227 1080 261 1141 Si
277 1095 391 1140 sumus
407 1082 557 1156 pastores
579 1078 703 1151 ovium,
724 1077 844 1155 quibus
866 1077 922 1138 di·
978 1074 1090 1151 docet;
1112 1077 1222 1138 vestes
1238 1092 1343 1154 usque
1356 1077 1399 1138 ad
1419 1078 1515 1139 nates
1537 1080 1781 1156 producuntur,

124 1179 200 1239 cit:
225 1192 329 1252 pasce
352 1192 434 1239 oves
452 1191 567 1249 meas,
589 1174 637 1238 sic
661 1175 819 1237 debemus
844 1191 923 1238 oves
978 1188 1053 1234 cum
1073 1174 1202 1250 praelati
1218 1174 1460 1238 incontinentia
1480 1176 1664 1239 Ecclesiam
1681 1194 1784 1241 scan-

123 1291 202 1336 suas
216 1290 365 1352 pascere,
384 1274 432 1347 ut,
456 1275 611 1337 veniente
631 1274 721 1351 lupo,
742 1290 817 1336 cum
836 1273 922 1335 bono
977 1269 1132 1334 dalizant.
1156 1272 1240 1344 Quia
1263 1273 1293 1333 si
1316 1274 1473 1335 sacerdos
1493 1274 1550 1351 qui
1576 1277 1629 1337 est
1654 1278 1777 1339 unctus

121 1374 255 1450 pastore
279 1388 440 1450 ponamus
461 1372 591 1434 animas
610 1374 744 1434 nostras
765 1388 826 1450 pro
848 1373 923 1433 ovi·
977 1370 1176 1446 peccaverit,
1193 1370 1272 1432 facit
1285 1370 1480 1448 delinquere
1493 1373 1662 1450 populum.

122 1471 184 1532 bus
208 1472 344 1533 nostris.
365 1470 402 1535 Si
419 1486 533 1531 sumus
554 1469 604 1532 sal
625 1471 735 1542 terrae,
762 1471 812 1532 sic
837 1470 923 1531 alios
1018 1469 1193 1529 Peccatum
1218 1468 1401 1532 sacerdotis
1421 1469 1481 1531 alii
1501 1470 1700 1533 damnosum
1720 1472 1780 1535 sed

122 1570 319 1631 condiamus
338 1568 461 1631 nostrae
483 1568 747 1632 conversationis
770 1568 923 1646 exemplo
977 1564 1041 1626 sibi
1053 1565 1277 1643 periculosum
1293 1566 1417 1629 existit.
1432 1567 1472 1629 Et
1486 1567 1780 1643 sisaleranuerit,

123 1671 160 1730 ut
175 1684 327 1747 saporem
342 1667 489 1731 habeant
506 1668 547 1730 de
560 1668 649 1730 valle
668 1667 863 1739 salinarum,
880 1682 924 1728 ne
976 1663 1012 1724 in
1025 1679 1090 1740 quo
1105 1663 1266 1727 salieturt
1280 1664 1322 1725 ad
1337 1664 1480 1726 nibilum
1493 1666 1584 1727 valet
1604 1666 1697 1729 ultra
1712 1668 1785 1731 nisi

123 1765 210 1829 forte
223 1768 391 1843 tamquam
407 1766 458 1828 sal
477 1765 677 1829 infatuatum
699 1764 740 1826 ad
762 1765 847 1826 nihil
863 1780 924 1826 va·
977 1763 1014 1823 ut
1032 1762 1184 1825 mittatur
1201 1761 1292 1823 toras
1317 1763 1350 1825 et
1369 1763 1583 1826 conculcetur
1603 1764 1645 1826 ab
1665 1765 1783 1827 bomi-

120 1862 200 1935 leat‚
220 1864 285 1925 nisi
305 1865 340 1926 ut
363 1864 560 1942 proiiciatnr
574 1863 667 1925 toras
689 1865 723 1925 et
744 1864 924 1926 conculce-
976 1858 1085 1920 nibus.
1106 1860 1207 1932 Quasi
1228 1860 1370 1923 diceret:
1388 1861 1423 1922 Si
1439 1862 1597 1938 praelatus
1616 1862 1782 1926 Ecclesiae

120 1966 177 2023 tur
190 1961 232 2024 ab
247 1962 449 2023 horninibus.
467 1962 501 2024 Si
517 1978 633 2023 sumus
648 1978 812 2023 messores
832 1977 923 2023 mes·
977 1958 1176 2035 peccaverit,
1189 1975 1209 2020 a
1222 1974 1286 2038 quo
1300 1959 1492 2021 erudieturi
1505 1962 1539 2022 et
1557 1960 1587 2022 si
1601 1962 1784 2033 erraverit,

123 2060 220 2132 sium,
250 2060 371 2138 quibus
399 2058 522 2121 dicitur
544 2076 552 2115 =
580 2061 711 2137 Ropatc
735 2064 923 2123 Donzimaem
980 2072 1082 2133 aquo
1104 2057 1363 2133 corrigeturtEt
1377 2056 1531 2119 diabolus
1551 2074 1631 2134 ergo
1653 2059 1713 2136 qui
1728 2064 1785 2125 est

121 2161 248 2220 messis
280 2160 320 2220 ut
344 2159 461 2220 initiat
489 2162 671 2233 operarios
702 2162 739 2220 tn
773 2173 922 2220 errassem
976 2169 1038 2215 rex
1053 2155 1328 2227 ammonitarum,
1344 2155 1429 2217 idest
1441 2155 1554 2233 populi
1569 2156 1707 2230 turbidi,
1720 2174 1787 2220 seu

121 2272 225 2319 ercam
246 2254 378 2333 (lfattb.
401 2272 448 2330 rx,
473 2254 544 2335 38),
566 2256 615 2318 sic
634 2256 791 2318 debemus
810 2257 924 2318 eradi·
977 2252 1091 2329 populi
1104 2253 1270 2326 moeroris,
1285 2268 1418 2332 pueros,
1434 2253 1521 2315 idest
1531 2254 1701 2330 praelatos,
1718 2271 1786 2319 seu

121 2369 200 2417 care
221 2355 363 2427 zizania,
384 2371 427 2416 ne
446 2355 545 2415 simul
558 2354 766 2417 eradicemus
786 2355 819 2416 et
839 2356 924 2417 triti·
977 2350 1213 2426 praedicatores
1228 2350 1300 2412 reri
1316 2351 1420 2412 David
1435 2351 1593 2429 praedicto
1608 2352 1788 2417 modode-

120 2466 207 2513 cnm.
243 2436 284 2513 ss
311 2453 536 2529 spermatoros
569 2452 637 2514 dati
666 2468 781 2513 sumus
809 2452 922 2515 domui
977 2447 1143 2517 honestat,
1158 2464 1234 2511 cum
1249 2449 1391 2512 sustinet
1412 2453 1449 2511 ut
1467 2450 1597 2527 praelati
1613 2449 1700 2513 bene
1719 2451 1789 2515 do-

122 2548 238 2621 lsrael,
256 2549 328 2625 ipso
344 2549 473 2610 dicente
487 2549 528 2610 ad
544 2550 683 2626 impium
701 2567 708 2605 ε
725 2552 831 2612 morte
851 2566 924 2612 mo-
977 2548 1085 2619 ceant,
1110 2545 1167 2608 sed
1190 2549 1347 2623 procurat
1365 2549 1402 2610 ut
1417 2546 1504 2610 male
1525 2548 1650 2610 vivant.
1667 2551 1785 2613 Unum

121 2645 234 2718 rieris,
257 2645 414 2707 debemus
435 2647 635 2708 annuntiare
661 2646 722 2718 illi,
746 2648 782 2708 ut
801 2646 924 2709 libere-
976 2644 1065 2706 enim
1087 2644 1161 2706 sine
1175 2645 1282 2706 altero
1292 2645 1458 2707 modicum
1470 2645 1570 2709 valet.
1588 2647 1683 2711 Unde
1697 2664 1780 2711 cum

122 2760 196 2805 mus
218 2745 347 2804 animas
376 2745 518 2816 nostras,
546 2760 588 2805 ne
614 2743 699 2807 forte
725 2745 921 2821 sanguinem
977 2742 1136 2805 Dominus
1150 2743 1343 2821 loqueretur
1353 2743 1505 2805 omnibus
1519 2745 1701 2821 apostolis,
1723 2746 1780 2808 si-

125 2844 198 2919 eJus
213 2841 371 2902 Dominus
392 2841 542 2919 requirat
560 2840 600 2903 de
615 2857 717 2902 manu
736 2845 861 2905 nostra.
887 2844 922 2906 Si
977 2840 1101 2901 militer
1128 2841 1204 2903 ait:
1232 2844 1385 2907 (tuorum
1407 2842 1619 2905 remiseritis
1631 2846 1782 2918 peccota

124 2938 221 3001 nobis
234 2938 358 3001 dictum
380 2940 431 3000 est
444 2939 604 3001 verbum:
632 2944 805 3013 Praedtcc,
828 2943 923 3003 insta
976 2939 1207 3000 remittuntur
1229 2942 1292 3011 cis,
1314 2940 1349 3001 et
1368 2955 1518 3013 derorum
1541 2941 1784 3016 retinueritis,

122 3039 325 3112 opportuna,
360 3039 577 3113 impertrare,
612 3054 739 3116 arque,
767 3042 919 3111 obscero,
976 3037 1114 3099 retenta
1134 3037 1216 3098 stent
1237 3035 1349 3115 (toan.
1373 3053 1431 3109 xx,
1449 3035 1515 3117 23).
1533 3040 1641 3110 Quum
1663 3040 1783 3102 autem

122 3138 264 3209 ewrcpo
280 3133 324 3214 (ll
339 3135 422 3197 Tim.
441 3151 486 3207 ιι,
507 3135 557 3215 2),
574 3137 623 3198 sic
644 3137 820 3213 vigilemus
836 3137 869 3198 et
886 3137 921 3197 in
976 3133 1039 3195 soli
1061 3134 1160 3196 Petro
1177 3133 1307 3196 loeutus
1327 3136 1387 3207 esi,
1403 3134 1488 3199 dixit
1510 3152 1518 3192 ε
1537 3138 1784 3213 Quodcumque

124 3233 277 3295 omnibus
288 3233 490 3307 laboremus,
502 3236 539 3295 ut
550 3250 632 3312 opus
649 3233 812 3296 faciemus
826 3251 923 3296 eran·
975 3234 1141 3307 licaveris
1158 3248 1265 3307 super
1283 3233 1421 3295 terram
1440 3235 1509 3296 erit
1522 3235 1667 3311 ttootum
1687 3238 1724 3299 et
1743 3240 1784 3299 iu

121 3331 261 3407 gelistae,
273 3334 306 3393 et
315 3333 466 3394 nostrum
478 3332 698 3393 ministerium
710 3332 919 3409 impleamus.
975 3330 1693 3411 calmetquaerensquaerens...(uattn.
1706 3349 1783 3407 xm,

121 3431 235 3493 Nostis
250 3446 391 3508 quoque,
409 3430 540 3502 fratres,
558 3430 645 3508 quod
667 3429 783 3493 beatus
798 3433 848 3493 est
863 3431 921 3493 ille
977 3425 1040 3504 19).
1063 3428 1104 3490 Et
1120 3426 1268 3490 addidit:
1292 3430 1337 3491 Et
1355 3429 1415 3490 tibi
1435 3432 1521 3490 dado
1539 3434 1653 3493 ctcocs
1673 3436 1782 3508 raoni

121 3543 239 3590 sersus
265 3545 363 3606 quem
389 3545 464 3591 cum
490 3529 620 3592 uenerit
647 3528 800 3590 dominus
826 3531 921 3607 eius,
976 3524 1685 3605 coetor·um(lbid.xv1,19).0stenditquod
1708 3544 1784 3592 cae-

121 3626 288 3687 invenerit
302 3627 350 3688 sic
364 3625 553 3688 facientem.
975 3623 1041 3686 teri
1068 3623 1178 3686 vocati
1202 3626 1280 3687 sunt
1304 3624 1340 3686 in
1369 3627 1497 3701 partem
1526 3624 1779 3691 sollicitudinis.

161 3726 247 3799 Ergo
276 3722 415 3800 quilibet
443 3723 602 3800 praelatus
630 3722 726 3785 debet
753 3724 922 3785 instruere
977 3722 1075 3784 Solus
1088 3724 1200 3783 autem
1213 3723 1331 3784 Petrus
1344 3724 1533 3800 assumptus
1547 3725 1599 3785 est
1614 3723 1651 3785 in
1668 3725 1784 3802 pleni-

122 3820 280 3897 populum
309 3820 372 3881 sibi
401 3821 615 3882 commissum
635 3819 738 3882 verbo
760 3821 922 3883 doctrinae
975 3819 1125 3882 tudinem
1140 3818 1324 3896 potestatis,
1341 3821 1419 3897 quia
1441 3820 1533 3883 solus
1550 3822 1782 3899 potestligare

122 3932 182 3995 per
203 3916 412 3993 sapientiam,
438 3918 474 3980 ut
499 3916 649 3979 doctrina
676 3934 737 3979 sua
757 3918 801 3980 sit
825 3934 920 3993 sana,
976 3917 1127 3990 caeteros,
1155 3917 1213 3979 sed
1237 3933 1304 3979 non
1329 3917 1437 3995 potest
1460 3918 1561 3994 ligari
1588 3935 1608 3981 a
1631 3920 1778 3985 caeteris.

123 4015 167 4077 sit
183 4015 324 4091 integra,
349 4015 393 4077 sit
414 4014 488 4077 sine
506 4030 621 4077 errore
642 4017 675 4078 et
693 4016 766 4078 sine
785 4017 921 4079 admix-
977 4015 1060 4087 Quia
1096 4030 1270 4077 successor
1293 4015 1396 4087 Petri,
1423 4015 1592 4089 videlicet,
1622 4020 1781 4081 Summus

122 4113 215 4175 tione
228 4112 396 4185 salsitatis,
413 4113 449 4174 ut
462 4112 548 4191 quod
562 4112 668 4187 docet,
685 4113 787 4177 faciat
801 4130 923 4177 secun·
975 4111 1142 4184 Pontifex,
1159 4112 1381 4190 principatum
1413 4113 1582 4177 cathedrae
1613 4117 1776 4179 Romanae

124 4211 203 4273 dum
218 4211 406 4288 exemplum
427 4211 580 4287 Magistri
600 4213 674 4273 sui.
696 4215 806 4289 Coeptt
818 4217 922 4276 lestis
976 4211 1133 4273 Ecclesia
1152 4211 1299 4287 possidet
1315 4212 1349 4273 et
1361 4211 1535 4287 gubernat,
1548 4211 1605 4289 qui
1623 4214 1776 4291 plenitu-

122 4314 240 4388 soccre
253 4311 287 4370 ct
299 4312 421 4372 docere
434 4307 520 4389 (Act.
535 4326 557 4382 1,
573 4308 617 4389 1).
632 4311 718 4372 Nam
733 4310 790 4388 qni
806 4310 923 4373 fecerit
976 4309 1088 4371 dinem
1099 4308 1237 4372 honoris
1252 4309 1305 4371 sui
1324 4310 1358 4371 et
1372 4308 1613 4386 amplissimam
1627 4310 1780 4388 dignita-

125 4407 211 4487 quod
239 4407 400 4480 docuerit,
429 4407 484 4469 hic
515 4424 657 4484 magnus
683 4409 859 4471 vocabitur
886 4410 921 4471 in
975 4408 1041 4469 tem
1060 4406 1191 4468 caeteris
1213 4406 1372 4468 Ecclesiis
1390 4422 1451 4484 per
1471 4407 1666 4471 universum
1686 4427 1780 4473 mun·

123 4522 228 4583 regno
248 4505 429 4581 coelornm3
453 4505 530 4583 quia
552 4522 620 4567 non
645 4506 766 4569 subicit
784 4509 921 4584 praelato
976 4505 1053 4566 dum
1069 4503 1106 4566 in
1120 4505 1259 4567 Domino
1275 4505 1463 4568 constitutis
1477 4505 1649 4570 distribuit
1662 4509 1781 4571 etdis-

123 4604 247 4665 babere
261 4604 449 4681 exemplum
464 4603 541 4665 vitae
552 4602 625 4676 sine
636 4603 738 4666 verbo
749 4605 920 4668 doctrinae.
976 4602 1102 4680 pensat,
1124 4603 1283 4665 ordinans
1302 4602 1338 4664 in
1351 4602 1401 4664 eis
1412 4603 1635 4681 patriarchas,
1656 4608 1779 4684 prima-

124 4704 287 4775 Quoniam
302 4718 405 4763 uuum
426 4701 498 4762 sine
513 4700 619 4763 altero
641 4701 805 4767 modicmn
820 4704 918 4777 valet,
975 4703 1036 4773 tes,
1049 4701 1232 4777 episcopos,
1247 4701 1394 4774 abbates,
1407 4701 1548 4779 priores,
1565 4704 1775 4783 caeterosque

124 4802 214 4878 quia,
238 4802 267 4861 si
282 4801 356 4878 quis
377 4799 461 4862 bene
478 4799 602 4861 vixerit
616 4800 648 4861 et
660 4798 744 4861 bene
759 4801 919 4870 docuerit,
976 4798 1142 4875 prolatos.

125 4898 271 4959 omnium
281 4898 387 4975 judex
402 4898 476 4959 erit.
492 4897 527 4959 Si
543 4896 654 4959 autem
670 4897 755 4961 bene
771 4898 922 4961 docuerit
1017 4896 1110 4960 Sicut
1132 4896 1211 4959 tecit
1233 4899 1366 4974 Moyses
1379 4898 1436 4974 qui
1457 4912 1532 4961 cum
1551 4914 1655 4963 mane
1671 4918 1778 4980 usque

124 4994 158 5057 et
172 4995 259 5056 male
273 4994 407 5066 vixerit,
423 4996 571 5072 seipsum
586 4995 794 5058 condemnat.
810 4996 845 5057 Si
860 5012 922 5057 au·
976 4996 1016 5057 ad
1028 5010 1204 5071 vesperum
1214 4994 1345 5057 sederet
1363 4996 1396 5057 et
1406 5012 1472 5056 non
1483 4999 1596 5073 posset
1604 5000 1773 5063 sustinere

56 5152 63 5161 ,
123 5095 189 5156 tem
207 5093 290 5154 bene
309 5092 433 5155 vixerit
447 5094 581 5155 etmale
603 5093 764 5167 docuerit,
787 5094 922 5157 instruit
975 5092 1197 5171 frequentiam
1230 5092 1344 5170 populi
1374 5094 1535 5170 judicium
1562 5096 1776 5171 postulantis,

124 5192 228 5251 Deum
245 5190 519 5267 quemadmodum
539 5207 615 5252 eum
629 5190 748 5255 debeat
760 5191 920 5254 condem·
975 5192 1358 5263 tribunos,centuriones
1369 5194 1401 5253 et
1418 5191 1727 5269 quinquagenarios
1741 5196 1776 5259 in

125 5302 216 5348 nare.
234 5288 328 5348 Unde
344 5289 524 5365 Gregorius
541 5307 548 5345 :
565 5307 583 5349 s
605 5292 706 5367 Cujus
721 5289 789 5351 rita
805 5290 920 5367 despi-
975 5290 1097 5367 populo
1109 5289 1287 5363 ordinarit,
1302 5291 1339 5351 ut
1352 5289 1417 5367 ipsi
1432 5290 1563 5353 minora
1578 5294 1715 5368 negotia
1727 5308 1779 5357 sc·

125 5386 224 5457 citur,
246 5387 349 5447 restat
370 5390 404 5449 ut
425 5390 497 5464 ejus
512 5386 706 5465 praedicatio
727 5387 921 5450 contemna—
975 5388 1140 5450 lummodc
1149 5387 1351 5466 jndicarent,
1368 5387 1410 5448 ad
1426 5404 1462 5449 se
1478 5403 1558 5449 vero
1574 5393 1704 5468 majora
1718 5391 1779 5455 de-

123 5486 187 5557 tur,
202 5484 311 5561 »quia
324 5484 460 5546 uerbum
473 5486 549 5548 sine
563 5484 650 5546 bona
663 5485 733 5547 rita
745 5486 920 5563 praelatum
974 5486 1109 5549 ferrent.
1145 5488 1224 5558 Quae
1250 5485 1398 5565 quotidie
1424 5484 1485 5563 per
1509 5486 1777 5553 misericordiam

124 5581 202 5643 tacit
220 5581 447 5643 ridiculosum.
474 5582 566 5655 Quod
591 5581 675 5645 bene
695 5582 919 5659 significatum
974 5585 1034 5647 Dei
1049 5584 1201 5647 facimus.
1732 5664 1738 5675 Ι

125 5679 174 5742 ost
193 5696 253 5757 per
264 5680 328 5743 boc
343 5680 429 5760 quod
444 5696 509 5743 rex
520 5679 784 5744 ammonitarum
797 5697 920 5759 pueros
1013 5680 1192 5746 Videamus
1216 5697 1296 5757 ergo
1312 5680 1457 5761 qualiter
1476 5680 1595 5747 beatus
1614 5685 1779 5751 silvester
