3802 6166
120 248 179 310 rar
680 248 857 343 nosonu
884 245 1011 311 earm
1032 248 1078 310 ιιι
1099 250 1209 312 vrri.
1278 254 1283 261 ·
1693 253 1772 341 ¹aaa
1837 222 1841 227 ’

160 408 297 473 Accedit
308 408 372 482 his,
389 406 563 487 quodcum
578 407 619 471 de
635 409 761 487 nuptiis
778 424 817 473 ac
831 409 918 486 logi·
972 424 1053 473 roro
1077 410 1254 489 antequam
1274 408 1436 472 natalium
1464 424 1566 473 causa
1589 410 1770 475 terminata

120 507 201 569 timo
228 506 440 570 matrimonio
464 507 604 586 quaestio
624 509 811 571 uerteretur
831 508 919 571 inter
972 509 1072 573 esset.
1084 507 1321 585 dependentem
1331 523 1375 569 ex
1387 507 1446 569 illa
1457 508 1680 572 successionis
1693 526 1775 573 cau·

118 605 292 682 'tyresiam
302 604 442 667 Joaunis
461 605 615 667 Eidaurae
630 606 744 678 tiliam,
761 622 801 667 ιο
814 608 917 668 Jaco-
972 621 1043 667 sam
1058 605 1218 683 incipere,
1235 605 1319 666 nihil
1334 605 1425 666 aliud
1438 607 1536 679 esset,
1549 622 1647 685 quam
1662 608 1772 669 diver·

118 701 197 762 bum
219 706 409 778 aragonum
428 717 551 777 regem,
567 702 705 779 Tyresia
720 704 858 765 Romam
875 701 916 763 ad
973 703 1019 763 sis
1032 702 1242 780 processibus
1256 701 1415 764 intricare
1437 704 1619 778 negotium,
1635 710 1669 766 et
1682 720 1769 766 con-

120 799 305 861 Honorium
332 815 367 860 se
396 799 546 867 contulit,
579 800 637 862 sed
667 798 917 877 probationibus
973 800 1103 861 iusione
1114 799 1385 877 quadamJudicii
1394 800 1546 861 ordinem
1558 800 1768 878 perturbare:

119 896 280 974 legitimis
299 895 455 958 destituta
473 896 508 957 in
529 912 631 958 causa
650 896 844 972 succubuit,
865 898 919 960 at-
973 897 1008 958 Si
1025 897 1109 959 sorte
1124 897 1165 959 ab
1180 897 1253 973 ipsa
1265 898 1382 974 regina
1401 886 1505 961 fueris
1519 914 1620 975 super
1632 898 1695 961 boc
1709 916 1770 962 re-

120 1010 184 1072 que
195 995 268 1056 ideo
281 994 424 1055 lacobus
438 1011 512 1055 cum
527 994 569 1055 ad
580 994 665 1056 alias
679 995 812 1071 nuptias
825 1001 919 1057 tran·
972 994 1124 1071 quisitus,
1150 994 1255 1057 donec
1275 997 1346 1072 jam
1368 993 1456 1056 dicta
1480 1010 1582 1057 causa
1607 996 1769 1059 natalium

120 1091 243 1164 siiasei,
266 1092 362 1154 ducta
382 1093 533 1153 Leonora
554 1093 704 1154 Castaliae
724 1092 813 1168 regis
835 1091 914 1164 iilia,
971 1092 1161 1170 apostolico
1182 1091 1310 1170 judicio
1335 1091 1434 1155 tinem
1455 1093 1623 1170 acceperit
1644 1095 1770 1172 patien-

119 1189 185 1250 sibi
212 1189 470 1265 consanguinea,
502 1205 546 1250 ex
576 1205 641 1268 qua
668 1189 916 1266 idelphonsum
971 1191 1223 1267 terexpectes»
1245 1187 1306 1269 (3).

119 1287 355 1364 progenuerat,
369 1286 563 1365 improbatae
573 1301 704 1364 quoque
713 1287 780 1348 iiiae
793 1287 916 1364 nuptiae
1014 1287 1199 1349 Ludovicua
1231 1287 1320 1349 idem
1352 1304 1440 1360 rex,
1474 1304 1549 1350 cum
1574 1288 1770 1365 albigenses

120 1401 140 1446 ι
159 1386 319 1460 Gregorio
332 1386 377 1446 IX
391 1384 504 1460 iuere;
519 1401 594 1446 cum
605 1387 675 1461 jam
694 1383 841 1446 Honorio
854 1384 917 1445 de·
973 1383 1080 1446 denuo
1093 1386 1311 1462 emergerent,
1323 1386 1522 1461 apostoncae
1547 1386 1642 1448 Sedis
1659 1387 1770 1463 legato

120 1480 246 1554 iuncto,
268 1482 326 1543 ille
345 1483 386 1543 de
405 1498 444 1544 ea
462 1498 499 1543 re
517 1482 635 1544 luisset
652 1482 840 1543 admonitus
857 1480 915 1561 (1).
973 1481 1138 1556 hortante,
1151 1482 1192 1543 de
1204 1498 1302 1544 cruce
1317 1483 1352 1543 in
1367 1498 1424 1544 eos
1436 1484 1597 1545 sumenda
1609 1482 1771 1547 delibera·

119 1582 268 1641 loannes
287 1580 388 1652 enim,
410 1580 583 1657 episcopus
603 1580 795 1651 cardinalis,
816 1579 856 1641 de
878 1595 917 1642 ea
972 1579 1030 1651 rit,
1045 1596 1086 1641 ac
1101 1595 1225 1641 comeo
1241 1579 1378 1641 comites
1392 1580 1426 1641 et
1437 1595 1593 1657 proceres
1608 1581 1665 1643 sed
1677 1584 1772 1643 etar-

121 1691 159 1736 re
179 1676 364 1752 Jusdicans,
387 1676 638 1753 diremptionem
661 1676 862 1754 nuptiarum,
879 1691 918 1737 ac
973 1676 1177 1755 cbiepiscopi
1190 1678 1223 1739 et
1234 1677 1382 1755 episcopi
1394 1676 1506 1753 plures
1519 1677 1606 1754 apud
1620 1679 1769 1740 Parisios

120 1774 212 1835 thori
228 1774 472 1850 separationem
494 1774 651 1847 decrevit,
671 1773 918 1851 apostolicaque
973 1775 1219 1846 convenientes,
1244 1791 1264 1836 a
1286 1774 1396 1851 legato
1419 1774 1483 1837 sibi
1505 1775 1615 1837 crucis
1638 1775 1770 1852 signum

118 1872 329 1942 auctoritate,
357 1871 604 1949 Adelpbonsum
627 1873 669 1933 ad
692 1872 840 1948 legitima
857 1887 919 1932 na·
974 1871 1099 1947 imponi
1114 1887 1218 1949 prono
1232 1874 1343 1933 animo
1359 1872 1615 1944 consentientes,
1628 1873 1772 1934 Arenio-

119 1969 213 2041 talia,
231 1970 354 2045 praevia
369 1969 616 2047 dispensatione
631 1969 786 2041 restituit,
806 1969 920 2045 legiti·
973 1983 1048 2029 nem
1061 1964 1326 2045 proficiscuntur.
1340 1968 1421 2029 Erat
1434 1968 1586 2045 equidem
1601 1968 1769 2045 inexpug-

120 2084 276 2144 mumque
318 2066 474 2146 deinceps
508 2084 582 2129 eum
616 2083 690 2129 esse
715 2067 920 2145 pronuncia·
974 2063 1096 2126 nabilis
1113 2063 1202 2136 urbs,
1215 2066 1286 2141 jam
1308 2065 1481 2142 septennio
1501 2067 1772 2127 excommunica-

120 2165 239 2243 vitt2).
831 2227 834 2231 ,
973 2156 1769 2240 tionisubjectaobhaereticaepravitatiscrimon.

159 2263 325 2338 Egicanus
338 2263 685 2341 praetereaepisoopus
697 2279 772 2326 cum
788 2262 828 2324 de
841 2263 920 2324 dioe·
973 2261 1016 2321 nt
1029 2262 1103 2335 post
1117 2259 1238 2322 multas
1251 2259 1369 2332 caedes,
1386 2276 1461 2322 cum
1476 2276 1512 2322 se
1526 2260 1660 2324 ιιιιιιιιιι
1677 2262 1767 2324 cives

120 2360 207 2421 cesis
226 2360 386 2422 limitibus
406 2377 479 2423 cum
502 2360 721 2423 coimbriensi
736 2360 919 2423 contende·
975 2355 1152 2429 dedissent,
1170 2358 1377 2419 sacramento
1393 2373 1429 2420 se
1451 2357 1694 2435 obstringentes
1710 2374 1772 2437 pa-

120 2460 182 2530 ret,
195 2457 319 2518 nullius
331 2457 721 2536 metropolitaeJ'udicium
732 2456 919 2519 adeundum
973 2453 1098 2515 rituros
1114 2457 1272 2518 Romanae
1288 2455 1445 2516 Ecclesiae
1467 2456 1652 2533 praeceptis,
1671 2453 1772 2518 abso-

119 2556 260 2632 putavit,
277 2572 375 2633 quam
397 2559 555 2618 Romanae
576 2556 683 2616 Sedis.
700 2554 919 2627 Quamobrem
974 2550 1110 2613 tutionis
1125 2550 1322 2613 beneficium
1336 2568 1523 2630 suscepere.
1538 2555 1662 2615 Verum
1677 2553 1772 2616 diru-

122 2653 291 2715 Honorius
306 2655 343 2714 ut
363 2653 454 2715 omni
473 2653 662 2731 suspicione
678 2653 846 2714 carentem
862 2655 921 2730 ju·
974 2648 1017 2710 tis
1053 2648 1309 2727 circumquaque
1344 2649 1528 2723 moenibus,
1567 2651 1769 2729 repletisque

119 2750 228 2811 dicem
243 2750 290 2810 rei
306 2751 492 2828 quaerendae
508 2750 541 2812 et
554 2750 752 2812 definienda
764 2749 921 2825 designa·
974 2747 1076 2809 humo
1090 2749 1225 2825 aggesto
1248 2746 1359 2817 fossis,
1380 2747 1578 2825 Apostolicae
1600 2748 1694 2809 Sedis
1719 2749 1769 2809 ie-

121 2850 185 2916 ret,
202 2848 332 2909 Gallum
353 2864 427 2909 esse
446 2849 558 2925 Jussit,
575 2850 674 2925 atque
696 2848 744 2910 ita
765 2848 920 2909 Aurelia·
974 2845 1070 2920 gatus
1088 2861 1218 2906 omnem
1233 2846 1370 2907 navavit
1383 2861 1529 2923 operam,
1546 2846 1583 2907 ut
1597 2846 1686 2907 cives
1699 2863 1773 2908 om-

120 2960 258 3005 nansem
267 2944 551 3022 archiepiscopum
563 2945 695 3021 delegit,
707 2944 919 3023 utperpensis
974 2958 1033 3004 nes
1061 2942 1096 3003 in
1121 2943 1285 3005 catholica
1305 2943 1370 3003 tide
1392 2942 1476 3005 bena
1501 2943 1769 3018 instituerentur3

120 3041 453 3119 utriusquejuribus,
474 3058 518 3103 ex
531 3042 730 3119 pervetustis
750 3040 918 3103 codicibus
974 3041 1150 3117 propterea
1175 3040 1244 3102 illis
1276 3041 1485 3103 consecravit
1516 3040 1551 3101 iu
1579 3041 1772 3118 episcopum
1867 3096 1870 3101 .

122 3139 178 3201 ubi
194 3140 315 3201 limites
333 3140 583 3211 adnotarentur,
600 3140 658 3201 aut
671 3139 747 3200 aliis
762 3139 919 3216 legitimis
974 3137 1148 3198 Nicolaum
1159 3137 1200 3198 de
1210 3137 1367 3209 corbeia,
1382 3138 1610 3199 (liciniacensis
1626 3138 1771 3201 instituti

121 3236 373 3313 probationibus
397 3237 489 3299 litem
511 3236 693 3314 apostolica
720 3236 920 3298 auctoritate
974 3234 1294 3314 monachum(Vinc.
1311 3236 1402 3298 Hisl.
1420 3234 1476 3297 lib.
1494 3237 1767 3312 xxii,cap.128;

120 3333 294 3397 dirimeret
308 3333 459 3412 (Gregor.
476 3336 532 3406 IX,
549 3334 606 3395 lib.
623 3336 664 3405 il,
681 3333 731 3395 tit.
749 3331 813 3412 19).
974 3334 1082 3408 auae.
1098 3331 1155 3393 lib.
1171 3332 1257 3410 Vll).

161 3431 331 3493 Gallorum
342 3434 453 3494 autem
462 3448 559 3507 reges
571 3434 605 3493 et
613 3431 760 3509 episcopi
770 3431 918 3492 Honorio
1013 3431 1051 3490 ln
1063 3447 1103 3491 ea
1116 3428 1327 3507 expeditione
1348 3431 1535 3508 praecipuus
1552 3430 1614 3492 suit
1626 3431 1768 3493 Tolosa-

121 3528 244 3607 ubiquo
258 3530 435 3606 primatum
455 3530 614 3591 detulere.
638 3531 723 3590 Nam
738 3531 860 3606 praeter
878 3543 918 3589 ea
974 3542 1035 3587 nus
1047 3529 1264 3589 comesaniea
1275 3543 1390 3589 eorum
1400 3530 1641 3604 propugnator;
1655 3531 1770 3606 postea

121 3644 195 3705 quae
206 3630 277 3705 jam
298 3628 454 3701 diximus,
477 3627 664 3689 ludovicus
685 3642 746 3688 rex
760 3625 818 3704 qui
832 3625 918 3686 Phi·
973 3624 1079 3687 iactus
1092 3626 1295 3703 persecutor,
1308 3625 1349 3687 ad
1360 3625 1516 3687 Ecclesiae
1525 3626 1687 3702 gremium
1697 3638 1770 3688 ros-

121 3725 212 3803 lippo
249 3726 336 3802 patri
368 3726 596 3798 successerat,
633 3725 674 3786 de
708 3723 918 3787 successione
973 3720 1769 3800 titutus3jurejurandosaseobstrinxitRomanae

120 3824 275 3899 agentem
300 3824 450 3899 reginam
476 3823 575 3901 Cypri
595 3820 724 3900 judicio
749 3820 917 3885 audiebat.
974 3820 1131 3882 Ecclesia
1153 3817 1338 3897 pariturum
1351 3818 1491 3899 (Arcton.
1514 3820 1572 3881 lib.
1587 3823 1674 3893 xix,
1692 3838 1720 3882 c.
1737 3823 1768 3895 3,
1882 3848 1894 3875 -.

120 3923 162 3983 At
176 3937 251 3982 cum
269 3921 321 3986 illi
336 3920 498 3982 natalium
515 3921 745 3997 exceptionem
760 3918 920 3997 objiceret
973 3915 1051 3996 56).
1073 3919 1139 3980 Nec
1153 3917 1224 3995 ipse
1246 3919 1386 3991 tantum,
1402 3934 1519 3979 rerum
1542 3919 1643 3980 etiam
1667 3918 1772 3996 pleri·
1799 3956 1804 3987 :
1892 3930 1896 3937 ·

121 4017 347 4090 adversarius,
364 4034 465 4080 causa
485 4019 521 4080 in
538 4034 699 4095 suspenso
714 4018 797 4090 erat,
814 4017 919 4079 donec
974 4031 1037 4092 que
1052 4031 1128 4076 cum
1139 4015 1211 4093 ipso
1224 4031 1379 4092 proceras
1394 4015 1430 4076 in
1444 4015 1586 4077 concilio
1602 4032 1622 4077 a
1639 4016 1772 4078 Narbo-

121 4115 162 4177 de
181 4116 339 4192 legitimis
363 4115 530 4179 natalibus
552 4116 678 4192 reginae
699 4114 916 4193 probaretur;
974 4112 1343 4191 nensiarchiepiscopo,
1357 4113 1555 4190 apostolica
1568 4112 1771 4192 Sedisjussu

121 4216 196 4290 ejus
213 4214 317 4290 igitur
336 4214 530 4292 quaestionis
546 4213 704 4289 cognitio,
719 4228 793 4290 quaa
806 4213 847 4274 ad
862 4227 920 4273 eo-
973 4212 1099 4283 coacto,
1122 4211 1247 4287 recepti
1268 4212 1356 4272 sunt.
1382 4213 1432 4273 Ita
1453 4212 1523 4273 tum
1537 4214 1647 4275 actum
1669 4213 1772 4275 estut

122 4309 918 4389 clesiasticumiorumpertinerevidetur,delata
973 4307 1768 4389 Tolosanusditionesuaconfirmaretur(Anton.

121 4409 173 4470 est
185 4408 227 4470 ad
242 4409 425 4471 Honorium
437 4409 637 4490 pontificem,
658 4424 678 4469 a
693 4424 757 4486 quo
772 4409 918 4469 enoratae
973 4405 1052 4466 ibid.
1065 4427 1073 4480 ;
1091 4410 1161 4468 Tell.
1176 4409 1300 4468 Cicron.
1319 4406 1465 4487 AEmil.).

119 4505 240 4568 litterae
262 4508 349 4577 sunt,
370 4507 490 4585 quibus
506 4507 673 4568 Ludovico
694 4505 766 4582 regi
791 4504 922 4566 innibi-
1013 4504 1197 4565 Parisiensi
1211 4504 1367 4581 episcopo
1385 4521 1445 4567 suo
1465 4504 1695 4568 obluctabatur
1714 4521 1771 4565 eo-

119 4605 189 4666 tum
215 4605 275 4676 est,
301 4621 342 4665 ιιι
367 4604 408 4664 de
432 4603 654 4665 successionis
678 4618 780 4664 causa
801 4602 920 4663 audire
974 4601 1771 4680 clesiaecapitulum;nequeveteresconsuatudi-

120 4702 284 4779 pergeret,
301 4702 406 4763 donec
426 4700 653 4763 ecclesiastico
671 4700 799 4777 Judicio
822 4702 920 4762 nata·
974 4715 1033 4760 nes
1048 4715 1197 4771 servans,
1212 4715 1320 4777 neque
1335 4701 1431 4762 novis
1445 4699 1627 4762 inserendis
1642 4699 1768 4776 proprii
1854 4684 1857 4689 ’
1885 4700 1888 4705 “

121 4800 203 4860 lium
228 4815 329 4861 causa
351 4799 555 4861 definiretur.
577 4801 656 4860 Haec
680 4798 758 4859 sunt
779 4797 918 4859 Houoril
974 4797 1119 4873 episcopi
1135 4797 1290 4859 utebatur
1304 4797 1512 4859 auctoritate.
1524 4797 1642 4858 Aditus
1658 4796 1699 4857 ob
1711 4812 1769 4858 eas
1840 4818 1859 4885 Ι·

120 4897 244 4958 uerba:
277 4897 443 4958 Honorius
477 4896 644 4958 Ludovico
673 4895 745 4971 regi
772 4896 920 4957 Franco-
973 4910 1027 4955 res
1042 4894 1771 4972 Honorius,episcopiauctoritatemcommu·

121 5010 196 5055 rom
212 5016 219 5054 ε
236 5012 254 5054 e
269 4996 372 5054 Tuam
386 5010 452 5054 nou
468 4993 633 5055 credimus
648 4992 753 5054 latere
769 4993 918 5069 pruden-
974 4991 1047 5063 niit,
1065 4994 1293 5069 praeceptaque
1309 4992 1375 5051 illis
1393 4990 1482 5053 dedit
1504 4992 1537 5052 in
1551 4991 1623 5053 lraec
1642 4992 1743 5054 uerba
1759 5014 1767 5053 :

119 5093 214 5163 ιιιιιι,
242 5108 377 5152 causam
402 5091 565 5152 natalium
593 5090 718 5166 reginae
747 5091 846 5167 Cypri
876 5089 918 5150 ad
972 5091 1085 5149 «Cum
1101 5089 1349 5151 consuetudinis
1372 5105 1517 5166 ususque
1543 5089 1688 5167 longaevi
1702 5106 1770 5153 non

121 5203 263 5248 examen
288 5189 448 5258 nostrum,
466 5187 577 5263 utpote
592 5202 665 5262 quae
681 5185 722 5246 ad
736 5184 843 5246 iorum
857 5187 920 5247 Eo-
974 5186 1108 5248 sitieris
1117 5187 1352 5259 auctoritas‚et
1362 5187 1556 5264 plerumque
1566 5187 1768 5250 discordiam

121 5284 347 5346 ctesiasticum
376 5285 530 5360 pertinet,
556 5298 630 5344 esse
656 5283 811 5344 delatam.
835 5281 918 5353 Quia
973 5284 1104 5360 pariant
1116 5283 1290 5356 novitates,
1305 5285 1502 5348 auctoritate
1512 5284 1605 5347 vobis
1618 5301 1771 5363 praesen-

158 5441 199 5513 (i)
217 5445 284 5500 uua
299 5442 451 5500 llarinaeus
465 5442 545 5524 Ηιιρ.
559 5441 608 5502 iio.
627 5440 661 5498 X.
879 5512 885 5524 1
1011 5439 1050 5513 (d)
1066 5440 1106 5500 Cs.
1119 5458 1196 5514 supr.
1214 5443 1315 5525 Quint,
1327 5443 1459 5525 Gomptt„
1476 5442 1523 5500 lib.
1540 5446 1578 5515 ll,
1597 5445 1638 5503 tit.
1656 5444 1683 5514 ιι,
1699 5460 1725 5504 ο.
1744 5446 1770 5514 l,

120 5518 205 5659 marli·
217 5514 319 5643 afflati*
328 5514 388 5572 Tol.
399 5514 479 5585 ltisp.
491 5513 538 5571 lib.
555 5516 602 5583 vt,
612 5528 676 5588 cap.
688 5512 719 5583 5;
734 5513 801 5571 buc.
815 5513 917 5571 btnnn.
973 5515 1028 5570 col.
1041 5513 1114 5583 208;
1130 5514 1217 5587 drag.
1232 5512 1282 5585 rx,
1298 5513 1346 5572 tib.
1361 5517 1452 5577 ilua
1468 5514 1511 5573 ld.
