3802 6166
136 270 194 333 181
426 269 511 331 xvi.
526 298 568 315 -
582 269 627 331 IN
648 269 779 331 Fusio
801 268 1057 333 sinerentur
1077 270 1258 334 JOANNIS
1278 254 1335 335 ET*
1352 226 1493 337 raum.
1578 368 1581 373 .
1724 276 1785 341 1ae

133 430 210 510 pins
227 426 388 495 velociter
410 422 594 493 ex'audiens
616 444 732 508 preces
757 444 873 492 eorum
893 430 929 491 iu
985 446 1084 508 quam
1113 446 1314 509 cognoscere
1342 435 1445 497 Deum
1466 434 1592 497 trinum
1616 436 1649 498 et
1665 452 1780 499 unum.

132 528 223 591 omni
239 529 449 602 necessitate,
465 530 551 592 sicut
568 530 726 607 scriptum
741 531 792 592 est
803 530 844 591 de
857 529 930 591 istis
985 529 1078 591 Nilril
1100 530 1236 592 suavius
1258 548 1358 610 quam
1381 533 1522 609 diligere
1545 537 1648 597 Deum
1667 551 1780 596 uuum.

133 626 271 697 sanctis,
287 642 426 702 qnorum
440 627 593 705 precibus
608 629 641 690 et
653 628 781 690 meritis
792 627 869 688 data
879 628 929 689 est
984 627 1079 688 Nihil
1112 627 1340 691 delectabilius
1376 646 1474 707 quam
1510 632 1647 693 laudare
1677 634 1783 693 Deum
1861 704 1864 709 ¹

132 723 470 787 Gallicanorictoria.
986 728 1175 788 Creatorem
1197 728 1230 789 et
1252 727 1470 789 salvatorem.
1500 731 1579 791 Noa
1597 732 1679 792 aurit
1695 745 1781 792 coo-

170 823 347 898 copiosam
376 822 411 884 in
437 822 621 899 gratiarum
644 823 833 896 donatione,
850 822 928 900 quia
983 826 1097 900 dignor
1114 829 1294 898 passiones
1311 829 1414 898 bodies
1434 827 1599 901 ternporis
1619 831 1664 889 od
1684 828 1784 901 fatu-

132 918 309 994 multiplex
334 920 442 995 gratia
463 921 540 983 data
560 923 610 984 est
623 921 702 995 illis,
716 922 762 984 ita
778 926 814 983 ut
828 921 928 982 infir·
983 937 1063 984 ram
1089 927 1341 999 gloriamque
1367 925 1580 986 revelabitur
1613 928 1650 986 lu
1685 928 1782 989 noble

131 1031 202 1077 mos
228 1018 396 1090 curarent,
426 1018 630 1081 daemonibus
652 1019 870 1097 imperarent,
896 1017 929 1080 et
984 1018 1093 1098 (Rom.
1110 1035 1185 1094 v111,
1198 1015 1260 1090 18).
1280 1024 1316 1083 ln
1332 1038 1397 1098 qua
1412 1022 1476 1084 erit
1491 1023 1558 1084 sita
1574 1023 1647 1084 sine
1660 1026 1778 1097 morte,

131 1113 559 1193 mundiregessuperarent.
574 1116 927 1179 bellarmisericordia
982 1118 1054 1179 dies
1069 1119 1142 1180 sine
1162 1119 1271 1191 nocte,
1295 1121 1390 1181 certe
1419 1120 1491 1181 sine
1507 1120 1608 1195 sorte.
1634 1120 1698 1182 Ubi
1717 1121 1782 1183 erit

131 1210 211 1273 dicit
229 1213 357 1273 David:
377 1217 512 1278 Veritas
532 1231 611 1277 laica
634 1217 667 1277 et
688 1217 929 1277 ansericordia
982 1217 1144 1278 securitas
1167 1217 1240 1278 sine
1261 1217 1393 1289 timore,
1408 1217 1602 1295 jncunditas
1628 1219 1701 1280 sine
1716 1218 1781 1280 do-

130 1323 207 1371 nica
220 1326 302 1371 cum
316 1314 400 1385 ipso,
420 1313 454 1375 et
468 1316 503 1373 iu
515 1316 653 1375 nocetne
664 1328 741 1375 mco
756 1313 926 1374 eaattabi-
982 1315 1064 1387 lore,
1080 1314 1306 1391 tranquillitas
1320 1315 1394 1375 sine
1408 1315 1532 1377 labore.
1551 1316 1613 1377 Ubi
1623 1317 1688 1377 erit
1702 1317 1780 1393 pul-

131 1407 310 1469 turcorrru
323 1412 399 1483 ejus
418 1409 487 1490 (Ps.
503 1412 554 1484 88,
569 1411 635 1490 25),
659 1410 754 1483 idest,
779 1411 926 1488 potestas
981 1412 1133 1475 clrritudo
1162 1413 1235 1474 sine
1263 1411 1481 1484 deformitate,
1517 1411 1675 1476 fortitudo
1706 1414 1781 1476 sine

130 1506 202 1581 ejus
225 1521 287 1582 per
311 1507 414 1569 multa
441 1509 536 1584 signa
556 1509 703 1572 exaltata
726 1509 795 1581 est,
818 1509 851 1569 et
876 1507 926 1570 ita
981 1509 1162 1583 debilitate,
1178 1511 1341 1573 rectitudo
1367 1510 1440 1572 sine
1464 1511 1693 1588 perversitate.
1714 1512 1777 1574 Ubi

131 1604 410 1680 apparetcopiosa
423 1606 925 1682 misericordia.llaecscriptura
980 1607 1181 1670 erithonitas
1191 1609 1264 1669 sine
1272 1609 1410 1681 malitia,
1422 1609 1624 1671 veritassine
1632 1608 1777 1682 fallacia,

132 1702 180 1761 est
194 1700 235 1760 de
252 1701 382 1763 Christo
393 1704 426 1764 et
440 1704 480 1764 de
491 1704 647 1766 membris
662 1708 745 1782 ejus.
764 1705 821 1767 lsti
836 1704 925 1765 enim
980 1705 1122 1767 felicitas
1149 1708 1221 1768 sine
1245 1707 1393 1767 miseria.
1427 1706 1490 1767 Ubi
1516 1707 1580 1768 erit
1605 1706 1776 1781 gaudium,

130 1802 206 1859 sunt
219 1799 285 1860 viri
306 1800 555 1875 misericordiae,
572 1804 628 1880 qni
641 1804 802 1864 assistunt
816 1803 926 1863 domi·
980 1803 1066 1880 quod
1077 1819 1139 1866 nec
1153 1804 1269 1865 oculus
1281 1804 1375 1876 vidit,
1390 1820 1451 1864 nec
1463 1804 1556 1865 auris
1569 1804 1780 1876 audivit‚nec

128 1897 235 1957 natori
250 1896 416 1959 universae
438 1901 548 1961 terrae.
568 1901 746 1973 assistunt,
764 1900 925 1962 insistunt
979 1900 1013 1960 in
1027 1916 1085 1961 cor
1097 1901 1410 1963 hominisascendit.
1425 1901 1548 1962 Etideo
1559 1900 1779 1978 diciturquod

127 1993 157 2054 et
167 1993 363 2055 consistunt.
387 1996 556 2058 assistunt
580 1997 790 2069 dominatori,
816 1996 923 2056 insis-
979 1998 1086 2073 gloria
1102 1999 1161 2060 illa
1176 1999 1381 2061 revelabitur
1395 1999 1430 2060 in
1456 1998 1552 2060 nobis
1581 1999 1676 2076 qnasi
1690 2014 1779 2061 nunc

127 2092 195 2151 lunt
214 2092 370 2164 creatori,
394 2094 578 2156 consistunt
603 2094 858 2156 remuneratori.
885 2096 923 2155 In
978 2095 1173 2158 abscondita
1188 2097 1220 2160 et
1239 2097 1369 2159 occulta
1393 2096 1428 2158 in
1452 2097 1580 2159 tantum
1601 2096 1688 2172 quod
1703 2110 1778 2156 eam

127 2188 232 2264 primo
255 2190 333 2252 sunt
357 2191 496 2265 gratiosi
526 2192 692 2265 laudibus,
716 2193 751 2253 in
776 2192 922 2253 secundo
977 2209 1045 2256 non
1061 2193 1244 2255 sufficimus
1255 2194 1455 2271 intelligere,
1472 2193 1703 2284 nedumetiam
1716 2208 1779 2254 ex-

126 2286 296 2347 victoriosi
312 2287 477 2364 precibus,
490 2289 525 2349 in
541 2290 637 2351 tertio
651 2290 789 2365 gloriosi
804 2305 923 2350 mune-
978 2290 1114 2367 plicare.

125 2382 227 2445 ribus.
237 2384 295 2446 lsti
311 2385 389 2446 sunt
402 2386 466 2447 duo
482 2386 543 2447 filii
559 2387 757 2464 splendoris
776 2390 848 2448 Duo
860 2386 921 2447 lilii
1016 2390 1082 2452 Isti
1108 2388 1190 2451 steret
1222 2390 1293 2450 virt
1320 2391 1591 2460 misericordiae,
1628 2401 1779 2461 querunt

127 2482 314 2557 splendoris
326 2482 461 2544 luerunt
482 2484 517 2544 in
539 2483 749 2556 boemundo,
773 2486 806 2546 et
825 2485 922 2546 erunt
968 2484 1774 2563 justitiae...Justitlasanctorumestquadruplex:

126 2578 159 2639 in
183 2582 335 2641 extremo
359 2580 497 2657 judicio.
527 2582 610 2644 Sunt
635 2583 736 2644 etiam
764 2582 863 2643 bodie
885 2582 921 2642 in
977 2585 1011 2644 in
1026 2583 1176 2661 corporis
1190 2583 1426 2653 maceratione,
1443 2583 1480 2642 in
1495 2582 1771 2643 castitatissanc-

125 2691 227 2752 regno
243 2693 398 2754 superno.
423 2681 459 2738 ln
474 2680 595 2741 mundo
611 2680 762 2757 exemplo
776 2680 919 2752 virtutis,
976 2683 1081 2753 titate‚
1108 2683 1142 2743 in
1180 2682 1304 2742 munda
1328 2680 1542 2757 operatione,
1576 2678 1775 2756 inprobata

125 2773 315 2851 injudicio
343 2776 531 2838 testimonio
561 2778 727 2850 veritatis,
755 2778 790 2838 in
819 2792 921 2854 regno
976 2778 1187 2841 discretione.
1204 2781 1417 2853 bicorporis
1437 2778 1681 2849 enocerettone,
1697 2777 1775 2854 quia
1893 2792 1896 2797 ·

125 2872 295 2933 consortio
310 2874 504 2950 majestatis.
975 2894 1035 2955 per
1053 2877 1232 2949 orationes,
1244 2876 1421 2954 jeJunium,
1438 2874 1570 2948 samem,
1586 2874 1687 2946 sitim,
1704 2889 1773 2935 nu·

160 2971 208 3030 De
233 2970 341 3046 primo
370 2971 525 3032 Salomon
552 2992 560 3032 t
586 2973 769 3034 acutorum
794 2973 921 3034 servitte
976 2976 1106 3048 ditatos,
1128 2974 1317 3052 opprobria,
1348 2974 1513 3049 castigant
1537 2988 1676 3049 corpora
1698 2988 1772 3041 sua,

124 3069 222 3140 prust
246 3072 310 3128 torar
338 3071 518 3143 spicode-as
541 3070 713 3142 procedit,
746 3071 779 3131 et
797 3071 921 3132 crescit
976 3075 1009 3136 et
1022 3074 1057 3134 in
1072 3073 1266 3134 servitutem
1277 3071 1432 3147 redigunt
1445 3071 1481 3132 in
1497 3070 1608 3131 multis
1623 3070 1775 3132 atraciis

124 3180 229 3239 saproc
248 3168 293 3225 act
313 3166 507 3239 perfectam
530 3169 622 3228 altem
646 3164 759 3244 (Prov.
785 3183 831 3236 1v,
855 3165 918 3246 18).
975 3170 1140 3247 angustiis
1160 3170 1192 3231 et
1209 3168 1491 3241 tribulationibus,
1515 3168 1601 3229 sicut
1622 3168 1672 3229 est
1689 3165 1773 3228 illud

124 3264 167 3323 Ue
183 3262 332 3323 secundo
351 3262 387 3323 in
409 3262 494 3324 libro
511 3264 689 3340 Sapientiae
708 3287 716 3325 ε
732 3266 922 3342 serpebant
975 3268 1146 3346 Apostoli:
1171 3269 1308 3343 Castico
1322 3282 1448 3342 corpus
1462 3281 1579 3327 metam
1593 3266 1627 3328 ct
1641 3269 1678 3326 ia
1692 3279 1773 3326 scr-

120 3361 256 3432 justict
276 3361 452 3434 tatlzqttam
475 3362 685 3424 salutamen
715 3363 921 3424 arrcndtneto
975 3367 1121 3428 satiatem
1146 3369 1276 3441 redtpo.
1295 3367 1335 3427 Et
1360 3364 1593 3435 :Mortificate
1614 3365 1772 3423 ozernbrc

127 3458 335 3530 discrorcnt,
360 3460 564 3530 judicabunt
597 3461 791 3522 erutiones...
820 3459 917 3538 (Sap.
976 3464 1293 3525 ocstrecumottiis
1308 3461 1638 3534 etconeupisceattts
1654 3475 1697 3521 nc
1711 3462 1774 3521 do-

125 3570 172 3627 111,
186 3556 232 3635 7).
259 3558 306 3617 De
330 3556 427 3618 tertio
448 3557 484 3617 in
503 3557 684 3633 Evangelio
706 3579 713 3618 :
732 3559 922 3633 Fulgebit-nt
975 3561 1129 3622 attractus·
1137 3559 1320 3632 peceatum
1335 3561 1371 3619 ta
1392 3558 1510 3618 oestro
1529 3557 1669 3617 awrtalt
1694 3571 1774 3617 cor-

115 3655 203 3725 juste
229 3655 320 3715 siccat
351 3660 401 3716 sot
435 3658 472 3714 ln
501 3670 610 3731 regno
645 3656 767 3717 Patris
800 3670 921 3716 eorum
970 3672 1058 3732 pore
1078 3655 1217 3736 (coloss.
1234 3671 1284 3723 111,
1301 3653 1346 3734 5).
1385 3653 1444 3716 Isti
1460 3653 1517 3731 qui
1543 3652 1624 3713 talia
1646 3652 1773 3715 iaciunt

122 3749 252 3829 (llatth.
275 3767 348 3824 xur,
379 3750 444 3829 43).
468 3753 551 3823 Quia
572 3752 665 3814 tanta
693 3753 758 3814 erit
785 3751 921 3814 claritas
976 3755 1131 3817 dicuntur
1154 3752 1433 3830 supplantatores,
1454 3751 1532 3828 quia
1557 3750 1773 3827 supplantant

121 3854 311 3911 sanctorum
324 3851 398 3926 post
411 3851 700 3922 resurrectionem,
718 3850 842 3927 quanta
857 3849 922 3913 suit
975 3853 1057 3914 vitia
1077 3854 1110 3914 et
1129 3850 1264 3928 peccata
1288 3852 1320 3912 et
1339 3850 1497 3927 superant
1520 3848 1700 3909 diabolum.
1725 3850 1774 3911 De

120 3947 318 4023 glorificatio
335 3948 371 4007 in
393 3947 696 4024 transfiguratione.
728 3952 823 4011 Nom
843 3951 922 4010 abs·
976 3950 1096 4029 quibus
1116 3949 1198 4011 dicit
1222 3950 1370 4010 ioannes
1397 3948 1432 4008 in
1457 3946 1604 4024 Epistola
1621 3969 1629 4006 ε
1649 3950 1712 4008 Vos
1726 3960 1774 4007 cc

121 4047 233 4123 torpet
252 4050 347 4108 Deris
368 4061 505 4107 eritream
533 4051 723 4121 reclamem
750 4049 920 4108 abacistis
975 4052 1045 4109 Deo
1060 4048 1144 4109 estis
1158 4047 1192 4107 et
1206 4046 1338 4106 vicistis
1356 4048 1563 4120 motionum,
1583 4042 1667 4104 idest
1691 4042 1769 4102 dia-

120 4160 254 4216 corum,
280 4144 404 4216 etjam
422 4157 491 4205 nou
528 4144 597 4206 crit
619 4148 782 4218 carpti-res,
810 4158 920 4218 raeque
975 4145 1099 4215 bolum,
1131 4146 1212 4217 quia
1232 4143 1361 4215 sortior
1375 4142 1428 4204 cst
1455 4144 1513 4216 qui
1534 4144 1572 4202 to
1589 4144 1683 4202 cobis
1705 4139 1768 4211 est,

118 4244 241 4314 tructus,
259 4257 368 4316 licque
389 4246 536 4312 clamor,
561 4257 670 4316 neque
700 4247 788 4304 uictu
812 4245 918 4315 dolor,
976 4242 1062 4304 idest
1091 4242 1253 4313 Christus,
1276 4256 1381 4314 quem
1411 4242 1469 4313 pat
1488 4241 1526 4300 tu
1552 4240 1680 4300 rostilde
1706 4236 1771 4309 cst,

120 4344 286 4413 ostentam
304 4343 425 4412 primo
452 4341 611 4402 obterunt
637 4338 751 4419 (Apoc.
778 4355 849 4412 xxi,
872 4338 917 4418 4).
974 4340 1062 4402 idest
1082 4335 1517 4415 diabolustlloau.1V,4).
1544 4338 1582 4396 In
1610 4334 1773 4396 castitatis

120 4439 198 4498 Noli
213 4438 315 4498 etiam
328 4437 445 4499 timere
467 4453 527 4515 pro
540 4438 671 4499 Christo
686 4438 851 4498 sustinere
864 4437 919 4497 sa·
974 4437 1161 4508 sanctitate,
1172 4436 1250 4514 quia
1262 4435 1386 4496 munda
1400 4436 1434 4496 et
1444 4435 1558 4495 sancta
1571 4431 1774 4493 exlribebant

121 4552 206 4596 mern
222 4538 281 4595 aut
296 4535 396 4607 sitim,
422 4535 499 4612 quia
524 4551 598 4596 cum
619 4535 786 4596 transiens
802 4534 921 4595 minis·
975 4550 1183 4613 corporasua
1196 4533 1238 4595 ab
1249 4533 1338 4595 omni
1348 4532 1541 4610 pollutione.
1557 4530 1651 4592 Unde
1664 4532 1774 4606 Apos-

120 4633 222 4694 trabit
241 4633 491 4695 inaestimabiles
517 4633 656 4694 delicias
679 4633 748 4692 suis
768 4631 919 4693 fidelibus
974 4634 1063 4697 tolus
1089 4655 1096 4694 :
1124 4633 1219 4696 Sciat
1257 4633 1491 4705 artocreasque
1522 4629 1679 4689 cestrum
1710 4640 1774 4687 ecs

120 4731 302 4803 exhibebit,
312 4747 385 4807 quse
397 4733 521 4808 quanto
533 4731 676 4808 amplius
684 4730 917 4806 gustabuntur,
972 4748 1076 4794 situm
1086 4724 1774 4805 possideretissorzcttstcottoacethonore

119 4833 212 4891 tanto
228 4829 360 4891 aridius
377 4829 583 4906 appetentur,
605 4845 643 4891 eo
664 4829 750 4906 quod
775 4828 918 4903 gustatae
975 4829 1004 4909 (l
1016 4829 1131 4890 Thess.
1146 4844 1192 4896 iv,
1205 4825 1326 4906 4).Vas
1339 4826 1487 4885 nostrum
1496 4824 1547 4882 est
1557 4835 1676 4897 corpus
1687 4818 1774 4896 quod

119 4945 185 4989 non
199 4927 357 5004 ingerunt
367 4926 547 4999 fastidium,
564 4927 621 4988 sed
637 4926 771 5004 pariunt
786 4925 920 4987 deside·
974 4924 1131 4989 debemus
1146 4924 1315 5001 possidere
1330 4922 1365 4982 in
1380 4918 1643 4980 sanctificatione
1662 4918 1695 4978 et
1710 4917 1775 4977 ho·
1880 4998 1883 5005 Ι

118 5026 219 5086 rium.
975 5040 1067 5094 nore,
1097 5022 1193 5093 idest,
1224 5021 1260 5082 in
1286 5018 1438 5080 castitate
1457 5032 1517 5094 per
1536 5031 1636 5093 quam
1652 5030 1774 5091 corpus

158 5125 198 5185 Et
210 5123 290 5200 ipsae
303 5122 436 5200 quidem
445 5121 573 5184 deliciae
590 5121 655 5182 tria
671 5120 843 5183 continent
855 5120 921 5181 ali·
974 5120 1244 5184 sanctificaturet
1258 5117 1452 5179 honoratur.
1578 5165 1584 5175 .

119 5224 243 5292 menta,
257 5236 323 5282 non
340 5236 471 5297 panem,
487 5236 554 5281 non
572 5221 685 5281 vinum
698 5221 757 5280 aut
771 5234 917 5289 carnem,
1015 5225 1050 5282 lu
1067 5218 1187 5280 munda
1202 5213 1496 5294 operationeque
1511 5209 1699 5273 babuerunt
1712 5209 1777 5270 sol·

120 5320 175 5381 sed
200 5318 436 5392 cognitionem,
465 5316 675 5379 dilectionem
713 5318 745 5377 et
766 5315 917 5387 laudem,
973 5319 1179 5381 licitudinem
1196 5317 1230 5377 et
1241 5314 1388 5375 laborem
1403 5313 1438 5373 in
1461 5310 1551 5372 omni
1573 5324 1673 5385 opere
1688 5307 1776 5369 bono

119 5418 239 5495 ‹pribus
264 5415 481 5477 ineffabiliter
513 5415 655 5476 satiatur
678 5414 790 5474 anima
814 5416 918 5474 Deum
975 5418 1016 5479 ad
1029 5432 1144 5478 ornnes
1168 5413 1331 5475 homines.
1357 5410 1450 5473 Unde
1468 5406 1645 5485 Apostolus
1660 5428 1667 5465 ε
1683 5409 1776 5466 Dum

117 5517 246 5577 ridens.
272 5514 443 5585 Sattcbor,
474 5513 591 5590 inquit,
616 5516 698 5573 aliem
713 5513 920 5586 etiamfam-
976 5518 1113 5589 ternpus
1146 5516 1325 5582 liabeo-tus,
1357 5522 1545 5583 coerceatur
1573 5507 1698 5567 boetiam
1732 5502 1776 5560 ad

119 5616 212 5677 titur
224 5615 338 5691 plor-ta
354 5613 414 5674 too
438 5610 652 5691 (Ps.15‚15).
677 5610 769 5672 Nihil
789 5609 919 5672 dulcius
975 5627 1098 5675 orienes
1111 5613 1267 5674 enectine
1281 5608 1399 5670 cratem
1414 5608 1458 5668 acl
1481 5602 1682 5667 contemnes
1695 5598 1776 5671 fidet
1890 5690 1896 5701 Ι
