<?xml version="1.0" encoding="UTF-8"?>
<!DOCTYPE html PUBLIC "-//W3C//DTD XHTML 1.0 Transitional//EN"
    "http://www.w3.org/TR/xhtml1/DTD/xhtml1-transitional.dtd">
<html xmlns="http://www.w3.org/1999/xhtml" xml:lang="en" lang="en">
 <head>
  <title>
</title>
<meta http-equiv="Content-Type" content="text/html;charset=utf-8" />
  <meta name='ocr-system' content='tesseract 3.04.00' />
  <meta name='ocr-capabilities' content='ocr_page ocr_carea ocr_par ocr_line ocrx_word'/>
</head>
<body>
  <div class='ocr_page' id='page_1' title='image "./mediiaevibiblio02horogoog_0056.png"; bbox 0 0 3802 6166; ppageno 0'>
   <div class='ocr_carea' id='block_1_1' title="bbox 73 255 1736 327">
    <p class='ocr_par' dir='ltr' id='par_1_1' title="bbox 73 255 1736 327">
     <span class='ocr_line' id='line_1_1' title="bbox 73 255 1736 327; baseline 0.005 -8"><span class='ocrx_word' id='word_1_1' title='bbox 73 255 117 319; x_wconf 77' lang='grc'><strong>65</strong></span> <span class='ocrx_word' id='word_1_2' title='bbox 485 258 523 317; x_wconf 79' lang='lat' dir='ltr'><strong>V.</strong></span> <span class='ocrx_word' id='word_1_3' title='bbox 538 256 635 319; x_wconf 88' lang='lat' dir='ltr'><strong>-IN</strong></span> <span class='ocrx_word' id='word_1_4' title='bbox 657 256 954 321; x_wconf 78' lang='lat' dir='ltr'>ASSUMP&#39;I&#39;IONE</span> <span class='ocrx_word' id='word_1_5' title='bbox 974 260 1126 321; x_wconf 67' lang='lat' dir='ltr'><strong>ababli}</strong></span> <span class='ocrx_word' id='word_1_6' title='bbox 1147 259 1309 321; x_wconf 76' lang='lat' dir='ltr'><strong>MARIAE.</strong></span> <span class='ocrx_word' id='word_1_7' title='bbox 1695 266 1736 327; x_wconf 82' lang='grc'><strong>66</strong></span> 
     </span>
    </p>
   </div>
   <div class='ocr_carea' id='block_1_2' title="bbox 115 414 1868 504">
    <p class='ocr_par' dir='ltr' id='par_1_2' title="bbox 115 414 1868 504">
     <span class='ocr_line' id='line_1_2' title="bbox 115 414 1868 504; baseline 0.005 -27"><span class='ocrx_word' id='word_1_8' title='bbox 115 415 189 477; x_wconf 87' lang='lat' dir='ltr'><strong>Hoc</strong></span> <span class='ocrx_word' id='word_1_9' title='bbox 202 414 289 477; x_wconf 88' lang='lat' dir='ltr'><strong>bene</strong></span> <span class='ocrx_word' id='word_1_10' title='bbox 308 414 463 478; x_wconf 70' lang='lat' dir='ltr'><strong>conv-enit</strong></span> <span class='ocrx_word' id='word_1_11' title='bbox 482 414 593 479; x_wconf 83' lang='lat' dir='ltr'><strong>Beatae</strong></span> <span class='ocrx_word' id='word_1_12' title='bbox 608 417 739 493; x_wconf 75' lang='lat' dir='ltr'><strong>Virgini</strong></span> <span class='ocrx_word' id='word_1_13' title='bbox 754 417 880 489; x_wconf 86' lang='lat' dir='ltr'><strong>Mariae,</strong></span> <span class='ocrx_word' id='word_1_14' title='bbox 938 419 1070 495; x_wconf 84' lang='lat' dir='ltr'><strong>gratur,</strong></span> <span class='ocrx_word' id='word_1_15' title='bbox 1085 416 1256 497; x_wconf 79' lang='lat' dir='ltr'><strong>quodcum</strong></span> <span class='ocrx_word' id='word_1_16' title='bbox 1267 418 1388 480; x_wconf 89' lang='lat' dir='ltr'><strong>coetera</strong></span> <span class='ocrx_word' id='word_1_17' title='bbox 1401 433 1502 497; x_wconf 91' lang='lat' dir='ltr'><strong>opera</strong></span> <span class='ocrx_word' id='word_1_18' title='bbox 1516 420 1742 504; x_wconf 66' lang='lat' dir='ltr'><strong>exhibeantur</strong></span> <span class='ocrx_word' id='word_1_19' title='bbox 1864 418 1868 423; x_wconf 84' lang='grc'><strong>’</strong></span> 
     </span>
    </p>
   </div>
   <div class='ocr_carea' id='block_1_3' title="bbox 75 512 1743 1961">
    <p class='ocr_par' dir='ltr' id='par_1_3' title="bbox 75 512 1741 789">
     <span class='ocr_line' id='line_1_3' title="bbox 75 512 1741 593; baseline 0.005 -18"><span class='ocrx_word' id='word_1_20' title='bbox 75 529 152 591; x_wconf 84' lang='lat' dir='ltr'><strong>quae</strong></span> <span class='ocrx_word' id='word_1_21' title='bbox 165 512 315 593; x_wconf 88' lang='lat' dir='ltr'><strong>quetidie</strong></span> <span class='ocrx_word' id='word_1_22' title='bbox 336 530 401 576; x_wconf 92' lang='lat' dir='ltr'><strong>nen</strong></span> <span class='ocrx_word' id='word_1_23' title='bbox 423 516 532 575; x_wconf 88' lang='lat' dir='ltr'><strong>cessat</strong></span> <span class='ocrx_word' id='word_1_24' title='bbox 546 514 650 575; x_wconf 83' lang='lat' dir='ltr'><strong>filium</strong></span> <span class='ocrx_word' id='word_1_25' title='bbox 675 532 771 576; x_wconf 90' lang='lat' dir='ltr'><strong>sunm</strong></span> <span class='ocrx_word' id='word_1_26' title='bbox 796 532 881 580; x_wconf 82' lang='lat' dir='ltr'><strong>exe·</strong></span> <span class='ocrx_word' id='word_1_27' title='bbox 939 516 1025 577; x_wconf 87' lang='lat' dir='ltr'><strong>vivis</strong></span> <span class='ocrx_word' id='word_1_28' title='bbox 1051 518 1217 593; x_wconf 76' lang='lat' dir='ltr'><strong>tamquam</strong></span> <span class='ocrx_word' id='word_1_29' title='bbox 1254 514 1394 578; x_wconf 89' lang='lat' dir='ltr'><strong>sortibus</strong></span> <span class='ocrx_word' id='word_1_30' title='bbox 1422 520 1455 579; x_wconf 88' lang='lat' dir='ltr'><strong>et</strong></span> <span class='ocrx_word' id='word_1_31' title='bbox 1484 516 1648 591; x_wconf 79' lang='lat' dir='ltr'><strong>robustis,</strong></span> <span class='ocrx_word' id='word_1_32' title='bbox 1676 520 1741 583; x_wconf 92' lang='lat' dir='ltr'><strong>bec</strong></span> 
     </span>
     <span class='ocr_line' id='line_1_4' title="bbox 77 612 1738 691; baseline 0.004 -18"><span class='ocrx_word' id='word_1_33' title='bbox 77 627 169 683; x_wconf 87' lang='lat' dir='ltr'><strong>rare,</strong></span> <span class='ocrx_word' id='word_1_34' title='bbox 185 612 224 675; x_wconf 90' lang='lat' dir='ltr'><strong>ut</strong></span> <span class='ocrx_word' id='word_1_35' title='bbox 241 612 297 673; x_wconf 90' lang='lat' dir='ltr'><strong>det</strong></span> <span class='ocrx_word' id='word_1_36' title='bbox 317 612 553 690; x_wconf 72' lang='lat' dir='ltr'><strong>paenitentibus</strong></span> <span class='ocrx_word' id='word_1_37' title='bbox 573 615 716 686; x_wconf 88' lang='lat' dir='ltr'><strong>veniam,</strong></span> <span class='ocrx_word' id='word_1_38' title='bbox 742 616 775 675; x_wconf 86' lang='lat' dir='ltr'><strong>et</strong></span> <span class='ocrx_word' id='word_1_39' title='bbox 799 613 883 675; x_wconf 84' lang='lat' dir='ltr'><strong>berre</strong></span> <span class='ocrx_word' id='word_1_40' title='bbox 938 613 1140 689; x_wconf 79' lang='lat' dir='ltr'><strong>impenditur</strong></span> <span class='ocrx_word' id='word_1_41' title='bbox 1159 614 1289 675; x_wconf 90' lang='lat' dir='ltr'><strong>mortue</strong></span> <span class='ocrx_word' id='word_1_42' title='bbox 1306 616 1473 691; x_wconf 82' lang='lat' dir='ltr'><strong>tamquam</strong></span> <span class='ocrx_word' id='word_1_43' title='bbox 1487 615 1598 691; x_wconf 86' lang='lat' dir='ltr'><strong>li·agili</strong></span> <span class='ocrx_word' id='word_1_44' title='bbox 1612 618 1645 679; x_wconf 90' lang='lat' dir='ltr'><strong>et</strong></span> <span class='ocrx_word' id='word_1_45' title='bbox 1659 634 1738 681; x_wconf 88' lang='lat' dir='ltr'><strong>cer-</strong></span> 
     </span>
     <span class='ocr_line' id='line_1_5' title="bbox 77 710 1047 789; baseline -0.001 -18"><span class='ocrx_word' id='word_1_46' title='bbox 77 710 286 771; x_wconf 85' lang='lat' dir='ltr'><strong>merentibus</strong></span> <span class='ocrx_word' id='word_1_47' title='bbox 307 711 453 787; x_wconf 87' lang='lat' dir='ltr'><strong>gloriam</strong></span> <span class='ocrx_word' id='word_1_48' title='bbox 477 711 723 788; x_wconf 88' lang='lat' dir='ltr'><strong>sempiternam.</strong></span> <span class='ocrx_word' id='word_1_49' title='bbox 752 714 882 773; x_wconf 90' lang='lat' dir='ltr'><strong>Secun-</strong></span> <span class='ocrx_word' id='word_1_50' title='bbox 938 712 1047 789; x_wconf 88' lang='lat' dir='ltr'><strong>rupte.</strong></span> 
     </span>
    </p>

    <p class='ocr_par' dir='ltr' id='par_1_4' title="bbox 76 808 1743 1961">
     <span class='ocr_line' id='line_1_6' title="bbox 76 808 1740 887; baseline 0.004 -18"><span class='ocrx_word' id='word_1_51' title='bbox 76 808 156 869; x_wconf 89' lang='lat' dir='ltr'><strong>dum</strong></span> <span class='ocrx_word' id='word_1_52' title='bbox 170 808 316 869; x_wconf 89' lang='lat' dir='ltr'><strong>etllcium</strong></span> <span class='ocrx_word' id='word_1_53' title='bbox 335 808 413 869; x_wconf 78' lang='lat' dir='ltr'><strong>vita&gt;</strong></span> <span class='ocrx_word' id='word_1_54' title='bbox 433 809 696 886; x_wconf 84' lang='lat' dir='ltr'><strong>contemplativae</strong></span> <span class='ocrx_word' id='word_1_55' title='bbox 720 810 883 871; x_wconf 89' lang='lat' dir='ltr'><strong>describi·</strong></span> <span class='ocrx_word' id='word_1_56' title='bbox 980 811 1069 870; x_wconf 87' lang='lat' dir='ltr'><strong>Inte-r</strong></span> <span class='ocrx_word' id='word_1_57' title='bbox 1083 808 1183 887; x_wconf 86' lang='lat' dir='ltr'><strong>hujus</strong></span> <span class='ocrx_word' id='word_1_58' title='bbox 1194 809 1280 872; x_wconf 85' lang='lat' dir='ltr'><strong>filies</strong></span> <span class='ocrx_word' id='word_1_59' title='bbox 1295 812 1432 887; x_wconf 87' lang='lat' dir='ltr'><strong>quartus</strong></span> <span class='ocrx_word' id='word_1_60' title='bbox 1448 811 1682 885; x_wconf 78' lang='lat' dir='ltr'><strong>extititludas,</strong></span> <span class='ocrx_word' id='word_1_61' title='bbox 1700 815 1740 876; x_wconf 89' lang='lat' dir='ltr'><strong>de</strong></span> 
     </span>
     <span class='ocr_line' id='line_1_7' title="bbox 77 905 1738 984; baseline 0.003 -16"><span class='ocrx_word' id='word_1_62' title='bbox 77 910 147 977; x_wconf 89' lang='lat' dir='ltr'><strong>tur,</strong></span> <span class='ocrx_word' id='word_1_63' title='bbox 176 923 253 968; x_wconf 91' lang='lat' dir='ltr'><strong>cnm</strong></span> <span class='ocrx_word' id='word_1_64' title='bbox 275 906 397 967; x_wconf 88' lang='lat' dir='ltr'><strong>dicitur</strong></span> <span class='ocrx_word' id='word_1_65' title='bbox 413 927 420 965; x_wconf 77' lang='grc' dir='ltr'><strong>ε</strong></span> <span class='ocrx_word' id='word_1_66' title='bbox 437 905 594 968; x_wconf 84' lang='lat' dir='ltr'><strong>audiebat</strong></span> <span class='ocrx_word' id='word_1_67' title='bbox 621 906 757 968; x_wconf 87' lang='lat' dir='ltr'><strong>verbum</strong></span> <span class='ocrx_word' id='word_1_68' title='bbox 782 908 883 969; x_wconf 87' lang='lat' dir='ltr'><strong>illins.</strong></span> <span class='ocrx_word' id='word_1_69' title='bbox 940 924 1004 983; x_wconf 91' lang='lat' dir='ltr'><strong>qne</strong></span> <span class='ocrx_word' id='word_1_70' title='bbox 1030 908 1211 968; x_wconf 89' lang='lat' dir='ltr'><strong>seeundum</strong></span> <span class='ocrx_word' id='word_1_71' title='bbox 1232 924 1366 969; x_wconf 89' lang='lat' dir='ltr'><strong>carnem</strong></span> <span class='ocrx_word' id='word_1_72' title='bbox 1386 909 1483 970; x_wconf 90' lang='lat' dir='ltr'><strong>natus</strong></span> <span class='ocrx_word' id='word_1_73' title='bbox 1503 912 1554 971; x_wconf 88' lang='lat' dir='ltr'><strong>est</strong></span> <span class='ocrx_word' id='word_1_74' title='bbox 1577 910 1738 984; x_wconf 87' lang='lat' dir='ltr'><strong>Christus,</strong></span> 
     </span>
     <span class='ocr_line' id='line_1_8' title="bbox 76 1003 1741 1086; baseline 0.004 -21"><span class='ocrx_word' id='word_1_75' title='bbox 76 1005 172 1077; x_wconf 87' lang='lat' dir='ltr'><strong>Quod</strong></span> <span class='ocrx_word' id='word_1_76' title='bbox 194 1004 280 1065; x_wconf 91' lang='lat' dir='ltr'><strong>bene</strong></span> <span class='ocrx_word' id='word_1_77' title='bbox 300 1006 411 1065; x_wconf 85' lang='lat' dir='ltr'><strong>Beatae</strong></span> <span class='ocrx_word' id='word_1_78' title='bbox 438 1005 554 1065; x_wconf 88' lang='lat' dir='ltr'><strong>ldariae</strong></span> <span class='ocrx_word' id='word_1_79' title='bbox 574 1006 739 1076; x_wconf 91' lang='lat' dir='ltr'><strong>convenit,</strong></span> <span class='ocrx_word' id='word_1_80' title='bbox 765 1005 884 1083; x_wconf 88' lang='lat' dir='ltr'><strong>deque</strong></span> <span class='ocrx_word' id='word_1_81' title='bbox 941 1006 973 1065; x_wconf 89' lang='lat' dir='ltr'><strong>et</strong></span> <span class='ocrx_word' id='word_1_82' title='bbox 997 1003 1085 1066; x_wconf 87' lang='lat' dir='ltr'><strong>inter</strong></span> <span class='ocrx_word' id='word_1_83' title='bbox 1107 1005 1206 1083; x_wconf 89' lang='lat' dir='ltr'><strong>hujus</strong></span> <span class='ocrx_word' id='word_1_84' title='bbox 1232 1022 1334 1083; x_wconf 88' lang='lat' dir='ltr'><strong>opera</strong></span> <span class='ocrx_word' id='word_1_85' title='bbox 1356 1008 1509 1085; x_wconf 89' lang='lat' dir='ltr'><strong>quartum</strong></span> <span class='ocrx_word' id='word_1_86' title='bbox 1531 1010 1581 1070; x_wconf 89' lang='lat' dir='ltr'><strong>est</strong></span> <span class='ocrx_word' id='word_1_87' title='bbox 1609 1010 1741 1086; x_wconf 81' lang='lat' dir='ltr'><strong>operire</strong></span> 
     </span>
     <span class='ocr_line' id='line_1_9' title="bbox 78 1102 1739 1182; baseline 0.004 -19"><span class='ocrx_word' id='word_1_88' title='bbox 78 1102 206 1163; x_wconf 87' lang='lat' dir='ltr'><strong>dicitur</strong></span> <span class='ocrx_word' id='word_1_89' title='bbox 217 1102 252 1163; x_wconf 92' lang='lat' dir='ltr'><strong>in</strong></span> <span class='ocrx_word' id='word_1_90' title='bbox 266 1102 458 1178; x_wconf 84' lang='lat' dir='ltr'><strong>Evangelio,</strong></span> <span class='ocrx_word' id='word_1_91' title='bbox 468 1102 503 1162; x_wconf 91' lang='lat' dir='ltr'><strong>ut</strong></span> <span class='ocrx_word' id='word_1_92' title='bbox 517 1118 617 1179; x_wconf 89' lang='lat' dir='ltr'><strong>snpra</strong></span> <span class='ocrx_word' id='word_1_93' title='bbox 629 1103 886 1165; x_wconf 80' lang='lat' dir='ltr'><strong>diximus:ll1e-</strong></span> <span class='ocrx_word' id='word_1_94' title='bbox 940 1103 1064 1163; x_wconf 88' lang='lat' dir='ltr'><strong>nudum</strong></span> <span class='ocrx_word' id='word_1_95' title='bbox 1093 1103 1228 1181; x_wconf 90' lang='lat' dir='ltr'><strong>prepter</strong></span> <span class='ocrx_word' id='word_1_96' title='bbox 1253 1104 1340 1182; x_wconf 92' lang='lat' dir='ltr'><strong>qued</strong></span> <span class='ocrx_word' id='word_1_97' title='bbox 1370 1105 1563 1182; x_wconf 83' lang='lat' dir='ltr'><strong>specialiter</strong></span> <span class='ocrx_word' id='word_1_98' title='bbox 1588 1107 1739 1169; x_wconf 87' lang='lat' dir='ltr'><strong>Christus</strong></span> 
     </span>
     <span class='ocr_line' id='line_1_10' title="bbox 79 1201 1740 1285; baseline 0.004 -24"><span class='ocrx_word' id='word_1_99' title='bbox 79 1204 139 1263; x_wconf 77' lang='lat' dir='ltr'><strong>rie</strong></span> <span class='ocrx_word' id='word_1_100' title='bbox 153 1202 382 1263; x_wconf 69' lang='lat' dir='ltr'><strong>conserebat</strong></span> <span class='ocrx_word' id='word_1_101' title='bbox 402 1204 519 1261; x_wconf 70' lang='lat' dir='ltr'><strong>eserieie</strong></span> <span class='ocrx_word' id='word_1_102' title='bbox 543 1205 649 1263; x_wconf 83' lang='lat' dir='ltr'><strong>ecrbe</strong></span> <span class='ocrx_word' id='word_1_103' title='bbox 667 1206 739 1263; x_wconf 82' lang='lat' dir='ltr'><strong>dcee</strong></span> <span class='ocrx_word' id='word_1_104' title='bbox 764 1205 883 1277; x_wconf 76' lang='lat' dir='ltr'><strong>cenfe-</strong></span> <span class='ocrx_word' id='word_1_105' title='bbox 939 1201 1121 1261; x_wconf 89' lang='lat' dir='ltr'><strong>secandum</strong></span> <span class='ocrx_word' id='word_1_106' title='bbox 1137 1217 1271 1285; x_wconf 87' lang='lat' dir='ltr'><strong>carnem</strong></span> <span class='ocrx_word' id='word_1_107' title='bbox 1284 1204 1383 1264; x_wconf 89' lang='lat' dir='ltr'><strong>natus</strong></span> <span class='ocrx_word' id='word_1_108' title='bbox 1398 1204 1459 1265; x_wconf 90' lang='lat' dir='ltr'><strong>est.</strong></span> <span class='ocrx_word' id='word_1_109' title='bbox 1475 1206 1581 1266; x_wconf 88' lang='lat' dir='ltr'><strong>Heme</strong></span> <span class='ocrx_word' id='word_1_110' title='bbox 1597 1221 1740 1283; x_wconf 80' lang='lat' dir='ltr'><strong>narique</strong></span> 
     </span>
     <span class='ocr_line' id='line_1_11' title="bbox 77 1296 1739 1375; baseline 0.002 -16"><span class='ocrx_word' id='word_1_111' title='bbox 77 1313 164 1360; x_wconf 82' lang='lat' dir='ltr'><strong>rens</strong></span> <span class='ocrx_word' id='word_1_112' title='bbox 184 1302 222 1358; x_wconf 86' lang='lat' dir='ltr'><strong>in</strong></span> <span class='ocrx_word' id='word_1_113' title='bbox 240 1300 343 1359; x_wconf 83' lang='lat' dir='ltr'><strong>corde</strong></span> <span class='ocrx_word' id='word_1_114' title='bbox 364 1312 438 1359; x_wconf 78' lang='lat' dir='ltr'><strong>sue.</strong></span> <span class='ocrx_word' id='word_1_115' title='bbox 456 1296 517 1359; x_wconf 91' lang='lat' dir='ltr'><strong>Vel</strong></span> <span class='ocrx_word' id='word_1_116' title='bbox 540 1314 599 1375; x_wconf 91' lang='lat' dir='ltr'><strong>per</strong></span> <span class='ocrx_word' id='word_1_117' title='bbox 622 1298 723 1375; x_wconf 86' lang='lat' dir='ltr'><strong>pedes</strong></span> <span class='ocrx_word' id='word_1_118' title='bbox 753 1299 885 1360; x_wconf 93' lang='lat' dir='ltr'><strong>Domini</strong></span> <span class='ocrx_word' id='word_1_119' title='bbox 939 1298 1159 1361; x_wconf 89' lang='lat' dir='ltr'><strong>descenderat</strong></span> <span class='ocrx_word' id='word_1_120' title='bbox 1172 1315 1192 1360; x_wconf 88' lang='lat' dir='ltr'><strong>a</strong></span> <span class='ocrx_word' id='word_1_121' title='bbox 1206 1300 1392 1362; x_wconf 82' lang='lat' dir='ltr'><strong>Jerusalem</strong></span> <span class='ocrx_word' id='word_1_122' title='bbox 1414 1302 1448 1361; x_wconf 94' lang='lat' dir='ltr'><strong>in</strong></span> <span class='ocrx_word' id='word_1_123' title='bbox 1471 1302 1619 1371; x_wconf 86' lang='lat' dir='ltr'><strong>Jericbo,</strong></span> <span class='ocrx_word' id='word_1_124' title='bbox 1635 1305 1668 1364; x_wconf 88' lang='lat' dir='ltr'><strong>et</strong></span> <span class='ocrx_word' id='word_1_125' title='bbox 1682 1304 1739 1363; x_wconf 93' lang='lat' dir='ltr'><strong>in-</strong></span> 
     </span>
     <span class='ocr_line' id='line_1_12' title="bbox 77 1394 1741 1475; baseline 0.005 -20"><span class='ocrx_word' id='word_1_126' title='bbox 77 1396 147 1457; x_wconf 92' lang='lat' dir='ltr'><strong>due</strong></span> <span class='ocrx_word' id='word_1_127' title='bbox 162 1395 284 1457; x_wconf 88' lang='lat' dir='ltr'><strong>mentis</strong></span> <span class='ocrx_word' id='word_1_128' title='bbox 303 1395 521 1472; x_wconf 81' lang='lat' dir='ltr'><strong>designantur</strong></span> <span class='ocrx_word' id='word_1_129' title='bbox 541 1396 692 1468; x_wconf 86' lang='lat' dir='ltr'><strong>affectus,</strong></span> <span class='ocrx_word' id='word_1_130' title='bbox 709 1397 808 1458; x_wconf 89' lang='lat' dir='ltr'><strong>timor</strong></span> <span class='ocrx_word' id='word_1_131' title='bbox 828 1396 884 1459; x_wconf 89' lang='lat' dir='ltr'><strong>vi·</strong></span> <span class='ocrx_word' id='word_1_132' title='bbox 939 1394 1019 1457; x_wconf 89' lang='lat' dir='ltr'><strong>cidit</strong></span> <span class='ocrx_word' id='word_1_133' title='bbox 1045 1396 1081 1455; x_wconf 94' lang='lat' dir='ltr'><strong>in</strong></span> <span class='ocrx_word' id='word_1_134' title='bbox 1107 1395 1265 1470; x_wconf 73' lang='lat' dir='ltr'><strong>intranea,</strong></span> <span class='ocrx_word' id='word_1_135' title='bbox 1283 1398 1339 1475; x_wconf 93' lang='lat' dir='ltr'><strong>qni</strong></span> <span class='ocrx_word' id='word_1_136' title='bbox 1364 1398 1591 1474; x_wconf 88' lang='lat' dir='ltr'><strong>spoliaverunt</strong></span> <span class='ocrx_word' id='word_1_137' title='bbox 1609 1415 1686 1459; x_wconf 91' lang='lat' dir='ltr'><strong>eum</strong></span> <span class='ocrx_word' id='word_1_138' title='bbox 1707 1401 1741 1463; x_wconf 91' lang='lat' dir='ltr'><strong>et</strong></span> 
     </span>
     <span class='ocr_line' id='line_1_13' title="bbox 77 1492 1737 1571; baseline 0.002 -18"><span class='ocrx_word' id='word_1_139' title='bbox 77 1494 203 1555; x_wconf 89' lang='lat' dir='ltr'><strong>delicet</strong></span> <span class='ocrx_word' id='word_1_140' title='bbox 229 1495 262 1555; x_wconf 88' lang='lat' dir='ltr'><strong>et</strong></span> <span class='ocrx_word' id='word_1_141' title='bbox 287 1508 398 1567; x_wconf 79' lang='lat' dir='ltr'><strong>amer3</strong></span> <span class='ocrx_word' id='word_1_142' title='bbox 426 1493 526 1555; x_wconf 89' lang='lat' dir='ltr'><strong>timer</strong></span> <span class='ocrx_word' id='word_1_143' title='bbox 557 1496 708 1555; x_wconf 86' lang='lat' dir='ltr'><strong>sanctus.</strong></span> <span class='ocrx_word' id='word_1_144' title='bbox 726 1498 759 1556; x_wconf 91' lang='lat' dir='ltr'><strong>et</strong></span> <span class='ocrx_word' id='word_1_145' title='bbox 791 1510 885 1555; x_wconf 87' lang='lat' dir='ltr'><strong>amor</strong></span> <span class='ocrx_word' id='word_1_146' title='bbox 940 1492 1046 1569; x_wconf 87' lang='lat' dir='ltr'><strong>plagis</strong></span> <span class='ocrx_word' id='word_1_147' title='bbox 1066 1493 1231 1571; x_wconf 85' lang='lat' dir='ltr'><strong>impositis</strong></span> <span class='ocrx_word' id='word_1_148' title='bbox 1250 1495 1406 1556; x_wconf 90' lang='lat' dir='ltr'><strong>abierunt</strong></span> <span class='ocrx_word' id='word_1_149' title='bbox 1427 1496 1587 1558; x_wconf 89' lang='lat' dir='ltr'><strong>semivivo</strong></span> <span class='ocrx_word' id='word_1_150' title='bbox 1609 1497 1737 1559; x_wconf 88' lang='lat' dir='ltr'><strong>relicte.</strong></span> 
     </span>
     <span class='ocr_line' id='line_1_14' title="bbox 77 1590 1741 1670; baseline 0.001 -17"><span class='ocrx_word' id='word_1_151' title='bbox 77 1591 204 1653; x_wconf 85' lang='lat' dir='ltr'><strong>castus.</strong></span> <span class='ocrx_word' id='word_1_152' title='bbox 217 1590 332 1652; x_wconf 87' lang='lat' dir='ltr'><strong>Timor</strong></span> <span class='ocrx_word' id='word_1_153' title='bbox 343 1592 511 1668; x_wconf 83' lang='lat' dir='ltr'><strong>praeparat</strong></span> <span class='ocrx_word' id='word_1_154' title='bbox 521 1590 667 1663; x_wconf 91' lang='lat' dir='ltr'><strong>initium,</strong></span> <span class='ocrx_word' id='word_1_155' title='bbox 680 1591 768 1653; x_wconf 89' lang='lat' dir='ltr'><strong>sient</strong></span> <span class='ocrx_word' id='word_1_156' title='bbox 777 1594 886 1670; x_wconf 89' lang='lat' dir='ltr'><strong>scrip·</strong></span> <span class='ocrx_word' id='word_1_157' title='bbox 938 1590 986 1650; x_wconf 83' lang='lat' dir='ltr'><strong>Ad</strong></span> <span class='ocrx_word' id='word_1_158' title='bbox 1012 1591 1258 1652; x_wconf 78' lang='lat' dir='ltr'><strong>revestiendum</strong></span> <span class='ocrx_word' id='word_1_159' title='bbox 1282 1592 1370 1654; x_wconf 88' lang='lat' dir='ltr'><strong>hunc</strong></span> <span class='ocrx_word' id='word_1_160' title='bbox 1394 1593 1571 1670; x_wconf 87' lang='lat' dir='ltr'><strong>spoliatum</strong></span> <span class='ocrx_word' id='word_1_161' title='bbox 1590 1595 1741 1657; x_wconf 85' lang='lat' dir='ltr'><strong>Christus</strong></span> 
     </span>
     <span class='ocr_line' id='line_1_15' title="bbox 78 1688 1741 1765; baseline 0.002 -14"><span class='ocrx_word' id='word_1_162' title='bbox 78 1692 153 1751; x_wconf 88' lang='lat' dir='ltr'><strong>tum</strong></span> <span class='ocrx_word' id='word_1_163' title='bbox 171 1688 221 1750; x_wconf 91' lang='lat' dir='ltr'><strong>est</strong></span> <span class='ocrx_word' id='word_1_164' title='bbox 237 1710 245 1749; x_wconf 92' lang='lat'><strong>:</strong></span> <span class='ocrx_word' id='word_1_165' title='bbox 260 1691 407 1751; x_wconf 79' lang='lat' dir='ltr'><strong>Initium</strong></span> <span class='ocrx_word' id='word_1_166' title='bbox 426 1691 728 1765; x_wconf 73' lang='lat' dir='ltr'><strong>superaeternum</strong></span> <span class='ocrx_word' id='word_1_167' title='bbox 745 1694 885 1753; x_wconf 79' lang='lat' dir='ltr'><strong>Deeetnt</strong></span> <span class='ocrx_word' id='word_1_168' title='bbox 938 1704 975 1749; x_wconf 85' lang='lat' dir='ltr'><strong>se</strong></span> <span class='ocrx_word' id='word_1_169' title='bbox 999 1689 1212 1751; x_wconf 85' lang='lat' dir='ltr'><strong>mortalitatis</strong></span> <span class='ocrx_word' id='word_1_170' title='bbox 1236 1689 1430 1752; x_wconf 91' lang='lat' dir='ltr'><strong>indumento</strong></span> <span class='ocrx_word' id='word_1_171' title='bbox 1455 1691 1598 1764; x_wconf 84' lang='lat' dir='ltr'><strong>vestivit,</strong></span> <span class='ocrx_word' id='word_1_172' title='bbox 1615 1695 1651 1753; x_wconf 88' lang='lat' dir='ltr'><strong>ut</strong></span> <span class='ocrx_word' id='word_1_173' title='bbox 1665 1709 1741 1755; x_wconf 83' lang='lat' dir='ltr'><strong>enin</strong></span> 
     </span>
     <span class='ocr_line' id='line_1_16' title="bbox 80 1784 1741 1867; baseline 0.002 -19"><span class='ocrx_word' id='word_1_174' title='bbox 80 1785 185 1865; x_wconf 76' lang='lat' dir='ltr'><strong>(Dccl.</strong></span> <span class='ocrx_word' id='word_1_175' title='bbox 208 1802 232 1857; x_wconf 88' lang='lat'><strong>1,</strong></span> <span class='ocrx_word' id='word_1_176' title='bbox 259 1784 323 1865; x_wconf 87' lang='grc'>16).</span> <span class='ocrx_word' id='word_1_177' title='bbox 342 1788 445 1849; x_wconf 84' lang='lat' dir='ltr'><strong>Amor</strong></span> <span class='ocrx_word' id='word_1_178' title='bbox 467 1789 634 1865; x_wconf 87' lang='lat' dir='ltr'><strong>praeparat</strong></span> <span class='ocrx_word' id='word_1_179' title='bbox 657 1789 767 1861; x_wconf 88' lang='lat' dir='ltr'><strong>tinem,</strong></span> <span class='ocrx_word' id='word_1_180' title='bbox 783 1789 882 1867; x_wconf 91' lang='lat' dir='ltr'><strong>qnod,</strong></span> <span class='ocrx_word' id='word_1_181' title='bbox 939 1786 1201 1848; x_wconf 86' lang='lat' dir='ltr'><strong>immortalitatis</strong></span> <span class='ocrx_word' id='word_1_182' title='bbox 1222 1788 1337 1849; x_wconf 89' lang='lat' dir='ltr'><strong>tunic-a</strong></span> <span class='ocrx_word' id='word_1_183' title='bbox 1360 1789 1547 1851; x_wconf 87' lang='lat' dir='ltr'><strong>revestiret.</strong></span> <span class='ocrx_word' id='word_1_184' title='bbox 1571 1790 1682 1851; x_wconf 92' lang='lat' dir='ltr'><strong>Induit</strong></span> <span class='ocrx_word' id='word_1_185' title='bbox 1704 1806 1741 1853; x_wconf 88' lang='lat' dir='ltr'><strong>se</strong></span> 
     </span>
     <span class='ocr_line' id='line_1_17' title="bbox 76 1884 1743 1961; baseline 0.003 -16"><span class='ocrx_word' id='word_1_186' title='bbox 76 1888 115 1946; x_wconf 90' lang='lat' dir='ltr'><strong>ut</strong></span> <span class='ocrx_word' id='word_1_187' title='bbox 140 1884 266 1946; x_wconf 88' lang='lat' dir='ltr'><strong>Paulus</strong></span> <span class='ocrx_word' id='word_1_188' title='bbox 281 1885 329 1947; x_wconf 87' lang='lat' dir='ltr'><strong>ait</strong></span> <span class='ocrx_word' id='word_1_189' title='bbox 342 1906 351 1944; x_wconf 71' lang='grc' dir='ltr'><strong>ε</strong></span> <span class='ocrx_word' id='word_1_190' title='bbox 366 1888 466 1947; x_wconf 81' lang='lat' dir='ltr'><strong>Finis</strong></span> <span class='ocrx_word' id='word_1_191' title='bbox 478 1887 644 1961; x_wconf 73' lang='lat' dir='ltr'><strong>precepti·</strong></span> <span class='ocrx_word' id='word_1_192' title='bbox 660 1886 712 1948; x_wconf 84' lang='lat' dir='ltr'><strong>est</strong></span> <span class='ocrx_word' id='word_1_193' title='bbox 730 1888 884 1949; x_wconf 82' lang='lat' dir='ltr'><strong>etierttes</strong></span> <span class='ocrx_word' id='word_1_194' title='bbox 939 1884 1030 1945; x_wconf 92' lang='lat' dir='ltr'><strong>illius</strong></span> <span class='ocrx_word' id='word_1_195' title='bbox 1046 1884 1190 1946; x_wconf 87' lang='lat' dir='ltr'><strong>miseriae</strong></span> <span class='ocrx_word' id='word_1_196' title='bbox 1210 1885 1419 1958; x_wconf 88' lang='lat' dir='ltr'><strong>vestimento,</strong></span> <span class='ocrx_word' id='word_1_197' title='bbox 1438 1886 1473 1948; x_wconf 91' lang='lat' dir='ltr'><strong>ut</strong></span> <span class='ocrx_word' id='word_1_198' title='bbox 1492 1887 1684 1950; x_wconf 89' lang='lat' dir='ltr'><strong>reindueret</strong></span> <span class='ocrx_word' id='word_1_199' title='bbox 1696 1889 1743 1950; x_wconf 88' lang='lat' dir='ltr'><strong>il-</strong></span> 
     </span>
    </p>
   </div>
   <div class='ocr_carea' id='block_1_4' title="bbox 77 1981 1853 2063">
    <p class='ocr_par' dir='ltr' id='par_1_5' title="bbox 77 1981 1853 2063">
     <span class='ocr_line' id='line_1_18' title="bbox 77 1981 1853 2063; baseline 0.003 -19"><span class='ocrx_word' id='word_1_200' title='bbox 77 1982 107 2062; x_wconf 91' lang='lat' dir='ltr'><strong>(l</strong></span> <span class='ocrx_word' id='word_1_201' title='bbox 122 1984 210 2045; x_wconf 86' lang='lat' dir='ltr'><strong>Tim.</strong></span> <span class='ocrx_word' id='word_1_202' title='bbox 225 1999 248 2053; x_wconf 88' lang='lat'><strong>1,</strong></span> <span class='ocrx_word' id='word_1_203' title='bbox 261 1982 308 2061; x_wconf 88' lang='lat'><strong>5).</strong></span> <span class='ocrx_word' id='word_1_204' title='bbox 324 1983 387 2054; x_wconf 90' lang='lat' dir='ltr'><strong>Qui</strong></span> <span class='ocrx_word' id='word_1_205' title='bbox 408 1982 450 2043; x_wconf 91' lang='lat' dir='ltr'><strong>iis</strong></span> <span class='ocrx_word' id='word_1_206' title='bbox 468 1982 596 2044; x_wconf 87' lang='lat' dir='ltr'><strong>duobus</strong></span> <span class='ocrx_word' id='word_1_207' title='bbox 617 1984 755 2060; x_wconf 86' lang='lat' dir='ltr'><strong>pedibus</strong></span> <span class='ocrx_word' id='word_1_208' title='bbox 769 1985 884 2061; x_wconf 89' lang='lat' dir='ltr'><strong>gradi·</strong></span> <span class='ocrx_word' id='word_1_209' title='bbox 939 1981 1007 2041; x_wconf 92' lang='lat' dir='ltr'><strong>lum</strong></span> <span class='ocrx_word' id='word_1_210' title='bbox 1032 1982 1270 2047; x_wconf 71' lang='lat' dir='ltr'><strong>misericordias</strong></span> <span class='ocrx_word' id='word_1_211' title='bbox 1290 2000 1359 2046; x_wconf 79' lang='lat' dir='ltr'><strong>snae</strong></span> <span class='ocrx_word' id='word_1_212' title='bbox 1379 1984 1475 2046; x_wconf 89' lang='lat' dir='ltr'><strong>stela.</strong></span> <span class='ocrx_word' id='word_1_213' title='bbox 1499 1986 1676 2047; x_wconf 85' lang='lat' dir='ltr'><strong>Descendit</strong></span> <span class='ocrx_word' id='word_1_214' title='bbox 1698 1987 1739 2048; x_wconf 87' lang='lat' dir='ltr'><strong>ad</strong></span> <span class='ocrx_word' id='word_1_215' title='bbox 1850 2056 1853 2063; x_wconf 60' lang='grc'><em>,</em></span> 
     </span>
    </p>
   </div>
   <div class='ocr_carea' id='block_1_5' title="bbox 22 2080 1741 5677">
    <p class='ocr_par' dir='ltr' id='par_1_6' title="bbox 22 2080 1741 5677">
     <span class='ocr_line' id='line_1_19' title="bbox 76 2080 1740 2160; baseline 0.002 -18"><span class='ocrx_word' id='word_1_216' title='bbox 76 2084 134 2143; x_wconf 87' lang='lat' dir='ltr'><strong>iur</strong></span> <span class='ocrx_word' id='word_1_217' title='bbox 149 2096 330 2158; x_wconf 88' lang='lat' dir='ltr'><strong>numquam</strong></span> <span class='ocrx_word' id='word_1_218' title='bbox 340 2081 461 2142; x_wconf 85' lang='lat' dir='ltr'><strong>eadere</strong></span> <span class='ocrx_word' id='word_1_219' title='bbox 476 2082 594 2159; x_wconf 90' lang='lat' dir='ltr'><strong>potest,</strong></span> <span class='ocrx_word' id='word_1_220' title='bbox 608 2082 706 2159; x_wconf 91' lang='lat' dir='ltr'><strong>qued,</strong></span> <span class='ocrx_word' id='word_1_221' title='bbox 721 2082 758 2143; x_wconf 90' lang='lat' dir='ltr'><strong>ut</strong></span> <span class='ocrx_word' id='word_1_222' title='bbox 771 2086 882 2159; x_wconf 85' lang='lat' dir='ltr'><strong>Apes-</strong></span> <span class='ocrx_word' id='word_1_223' title='bbox 938 2080 1073 2149; x_wconf 88' lang='lat' dir='ltr'><strong>terram,</strong></span> <span class='ocrx_word' id='word_1_224' title='bbox 1084 2082 1120 2142; x_wconf 93' lang='lat' dir='ltr'><strong>ut</strong></span> <span class='ocrx_word' id='word_1_225' title='bbox 1130 2081 1305 2143; x_wconf 87' lang='lat' dir='ltr'><strong>reduceret</strong></span> <span class='ocrx_word' id='word_1_226' title='bbox 1314 2082 1409 2143; x_wconf 90' lang='lat' dir='ltr'><strong>illum</strong></span> <span class='ocrx_word' id='word_1_227' title='bbox 1424 2098 1483 2160; x_wconf 91' lang='lat' dir='ltr'><strong>per</strong></span> <span class='ocrx_word' id='word_1_228' title='bbox 1497 2083 1740 2145; x_wconf 85' lang='lat' dir='ltr'><strong>cenfessionem</strong></span> 
     </span>
     <span class='ocr_line' id='line_1_20' title="bbox 77 2177 1741 2258; baseline 0.002 -17"><span class='ocrx_word' id='word_1_229' title='bbox 77 2180 168 2241; x_wconf 86' lang='lat' dir='ltr'><strong>telus</strong></span> <span class='ocrx_word' id='word_1_230' title='bbox 194 2180 268 2241; x_wconf 90' lang='lat' dir='ltr'><strong>ait:</strong></span> <span class='ocrx_word' id='word_1_231' title='bbox 289 2196 308 2239; x_wconf 85' lang='lat'><strong>‹</strong></span> <span class='ocrx_word' id='word_1_232' title='bbox 333 2179 487 2241; x_wconf 85' lang='lat' dir='ltr'><strong>Charitas</strong></span> <span class='ocrx_word' id='word_1_233' title='bbox 515 2196 694 2257; x_wconf 88' lang='lat' dir='ltr'><strong>numquam</strong></span> <span class='ocrx_word' id='word_1_234' title='bbox 714 2181 883 2243; x_wconf 83' lang='lat' dir='ltr'><strong>excidit.»</strong></span> <span class='ocrx_word' id='word_1_235' title='bbox 939 2177 979 2239; x_wconf 89' lang='lat' dir='ltr'><strong>ad</strong></span> <span class='ocrx_word' id='word_1_236' title='bbox 1005 2179 1137 2239; x_wconf 84' lang='lat' dir='ltr'><strong>coelum.</strong></span> <span class='ocrx_word' id='word_1_237' title='bbox 1156 2179 1250 2241; x_wconf 91' lang='lat' dir='ltr'><strong>Unde</strong></span> <span class='ocrx_word' id='word_1_238' title='bbox 1269 2179 1354 2241; x_wconf 90' lang='lat' dir='ltr'><strong>bene</strong></span> <span class='ocrx_word' id='word_1_239' title='bbox 1374 2181 1478 2243; x_wconf 85' lang='lat' dir='ltr'><strong>tedas</strong></span> <span class='ocrx_word' id='word_1_240' title='bbox 1502 2181 1741 2258; x_wconf 89' lang='lat' dir='ltr'><strong>interpretatur</strong></span> 
     </span>
     <span class='ocr_line' id='line_1_21' title="bbox 77 2274 1739 2355; baseline 0.002 -17"><span class='ocrx_word' id='word_1_241' title='bbox 77 2280 119 2338; x_wconf 86' lang='lat' dir='ltr'><strong>Et</strong></span> <span class='ocrx_word' id='word_1_242' title='bbox 128 2280 229 2355; x_wconf 83' lang='lat' dir='ltr'><strong>juxte</strong></span> <span class='ocrx_word' id='word_1_243' title='bbox 254 2277 431 2339; x_wconf 86' lang='lat' dir='ltr'><strong>Psalmista</strong></span> <span class='ocrx_word' id='word_1_244' title='bbox 447 2298 456 2338; x_wconf 77' lang='lat' dir='ltr'><strong><em>z</em></strong></span> <span class='ocrx_word' id='word_1_245' title='bbox 471 2294 491 2337; x_wconf 84' lang='lat'><strong>‹</strong></span> <span class='ocrx_word' id='word_1_246' title='bbox 505 2277 618 2338; x_wconf 88' lang='lat' dir='ltr'><strong>Timor</strong></span> <span class='ocrx_word' id='word_1_247' title='bbox 632 2278 764 2339; x_wconf 91' lang='lat' dir='ltr'><strong>Domini</strong></span> <span class='ocrx_word' id='word_1_248' title='bbox 779 2294 881 2339; x_wconf 89' lang='lat' dir='ltr'><strong>sanc·</strong></span> <span class='ocrx_word' id='word_1_249' title='bbox 938 2274 1098 2337; x_wconf 87' lang='lat' dir='ltr'><strong>centltens</strong></span> <span class='ocrx_word' id='word_1_250' title='bbox 1124 2276 1177 2337; x_wconf 90' lang='lat' dir='ltr'><strong>vel</strong></span> <span class='ocrx_word' id='word_1_251' title='bbox 1206 2277 1371 2340; x_wconf 84' lang='lat' dir='ltr'><strong>consessio</strong></span> <span class='ocrx_word' id='word_1_252' title='bbox 1402 2294 1476 2355; x_wconf 70' lang='lat' dir='ltr'><strong>qnae</strong></span> <span class='ocrx_word' id='word_1_253' title='bbox 1505 2294 1605 2354; x_wconf 91' lang='lat' dir='ltr'><strong>snper</strong></span> <span class='ocrx_word' id='word_1_254' title='bbox 1627 2280 1739 2342; x_wconf 91' lang='lat' dir='ltr'><strong>emnia</strong></span> 
     </span>
     <span class='ocr_line' id='line_1_22' title="bbox 74 2373 1737 2452; baseline 0.001 -16"><span class='ocrx_word' id='word_1_255' title='bbox 74 2378 136 2436; x_wconf 88' lang='lat' dir='ltr'><strong>tus</strong></span> <span class='ocrx_word' id='word_1_256' title='bbox 149 2376 322 2452; x_wconf 90' lang='lat' dir='ltr'><strong>permanet</strong></span> <span class='ocrx_word' id='word_1_257' title='bbox 338 2375 374 2436; x_wconf 93' lang='lat' dir='ltr'><strong>in</strong></span> <span class='ocrx_word' id='word_1_258' title='bbox 388 2375 547 2437; x_wconf 83' lang='lat' dir='ltr'><strong>saeculum</strong></span> <span class='ocrx_word' id='word_1_259' title='bbox 562 2375 688 2436; x_wconf 85' lang='lat' dir='ltr'><strong>sacculi.</strong></span> <span class='ocrx_word' id='word_1_260' title='bbox 705 2392 724 2435; x_wconf 74' lang='lat' dir='ltr'><strong>n</strong></span> <span class='ocrx_word' id='word_1_261' title='bbox 936 2373 1051 2434; x_wconf 89' lang='lat' dir='ltr'><strong>vincit.</strong></span> <span class='ocrx_word' id='word_1_262' title='bbox 1075 2373 1169 2436; x_wconf 90' lang='lat' dir='ltr'><strong>Unde</strong></span> <span class='ocrx_word' id='word_1_263' title='bbox 1193 2373 1274 2435; x_wconf 87' lang='lat' dir='ltr'><strong>vic-it</strong></span> <span class='ocrx_word' id='word_1_264' title='bbox 1292 2374 1343 2435; x_wconf 91' lang='lat' dir='ltr'><strong>lee</strong></span> <span class='ocrx_word' id='word_1_265' title='bbox 1363 2373 1508 2436; x_wconf 90' lang='lat' dir='ltr'><strong>detribu</strong></span> <span class='ocrx_word' id='word_1_266' title='bbox 1525 2376 1622 2446; x_wconf 82' lang='lat' dir='ltr'><strong>duda,</strong></span> <span class='ocrx_word' id='word_1_267' title='bbox 1639 2377 1737 2451; x_wconf 86' lang='lat' dir='ltr'><strong>idest,</strong></span> 
     </span>
     <span class='ocr_line' id='line_1_23' title="bbox 121 2469 1736 2550; baseline 0 -17"><span class='ocrx_word' id='word_1_268' title='bbox 121 2476 226 2533; x_wconf 88' lang='lat' dir='ltr'><strong>Secus</strong></span> <span class='ocrx_word' id='word_1_269' title='bbox 252 2473 314 2535; x_wconf 84' lang='lat' dir='ltr'><strong>lies</strong></span> <span class='ocrx_word' id='word_1_270' title='bbox 342 2472 443 2549; x_wconf 87' lang='lat' dir='ltr'><strong>pedes</strong></span> <span class='ocrx_word' id='word_1_271' title='bbox 464 2471 561 2534; x_wconf 88' lang='lat' dir='ltr'><strong>debet</strong></span> <span class='ocrx_word' id='word_1_272' title='bbox 585 2473 643 2533; x_wconf 91' lang='lat' dir='ltr'><strong>ille</strong></span> <span class='ocrx_word' id='word_1_273' title='bbox 667 2473 794 2544; x_wconf 89' lang='lat' dir='ltr'><strong>sedere,</strong></span> <span class='ocrx_word' id='word_1_274' title='bbox 825 2473 883 2550; x_wconf 95' lang='lat' dir='ltr'><strong>qui</strong></span> <span class='ocrx_word' id='word_1_275' title='bbox 937 2469 1041 2530; x_wconf 87' lang='lat' dir='ltr'><strong>vincit</strong></span> <span class='ocrx_word' id='word_1_276' title='bbox 1060 2469 1172 2546; x_wconf 74' lang='lat' dir='ltr'><strong>iustus</strong></span> <span class='ocrx_word' id='word_1_277' title='bbox 1197 2469 1369 2543; x_wconf 81' lang='lat' dir='ltr'><strong>confitens,</strong></span> <span class='ocrx_word' id='word_1_278' title='bbox 1395 2472 1520 2548; x_wconf 85' lang='lat' dir='ltr'><strong>quiesi</strong></span> <span class='ocrx_word' id='word_1_279' title='bbox 1545 2472 1641 2549; x_wconf 90' lang='lat' dir='ltr'><strong>quasi</strong></span> <span class='ocrx_word' id='word_1_280' title='bbox 1672 2473 1736 2535; x_wconf 92' lang='lat' dir='ltr'><strong>lee.</strong></span> 
     </span>
     <span class='ocr_line' id='line_1_24' title="bbox 79 2568 1739 2653; baseline 0.001 -23"><span class='ocrx_word' id='word_1_281' title='bbox 79 2570 224 2632; x_wconf 71' lang='lat' dir='ltr'><strong>verbum</strong></span> <span class='ocrx_word' id='word_1_282' title='bbox 239 2571 371 2631; x_wconf 89' lang='lat' dir='ltr'><strong>Domini</strong></span> <span class='ocrx_word' id='word_1_283' title='bbox 391 2571 481 2647; x_wconf 89' lang='lat' dir='ltr'><strong>cupit</strong></span> <span class='ocrx_word' id='word_1_284' title='bbox 498 2570 625 2641; x_wconf 89' lang='lat' dir='ltr'><strong>audire,</strong></span> <span class='ocrx_word' id='word_1_285' title='bbox 648 2572 683 2632; x_wconf 91' lang='lat' dir='ltr'><strong>ut</strong></span> <span class='ocrx_word' id='word_1_286' title='bbox 701 2571 882 2632; x_wconf 89' lang='lat' dir='ltr'><strong>seeundum</strong></span> <span class='ocrx_word' id='word_1_287' title='bbox 939 2568 1031 2627; x_wconf 90' lang='lat' dir='ltr'><strong>Unde</strong></span> <span class='ocrx_word' id='word_1_288' title='bbox 1046 2588 1053 2626; x_wconf 76' lang='grc' dir='ltr'><strong><em>ε</em></strong></span> <span class='ocrx_word' id='word_1_289' title='bbox 1068 2568 1160 2638; x_wconf 81' lang='lat' dir='ltr'><strong>«Qui</strong></span> <span class='ocrx_word' id='word_1_290' title='bbox 1172 2583 1225 2628; x_wconf 90' lang='lat' dir='ltr'><strong>me</strong></span> <span class='ocrx_word' id='word_1_291' title='bbox 1239 2568 1412 2630; x_wconf 82' lang='lat' dir='ltr'><strong>consessus</strong></span> <span class='ocrx_word' id='word_1_292' title='bbox 1428 2568 1528 2653; x_wconf 82' lang='lat' dir='ltr'><strong>tuerit</strong></span> <span class='ocrx_word' id='word_1_293' title='bbox 1544 2586 1656 2631; x_wconf 90' lang='lat' dir='ltr'><strong>ceram</strong></span> <span class='ocrx_word' id='word_1_294' title='bbox 1672 2571 1739 2632; x_wconf 83' lang='lat' dir='ltr'><strong>lie-</strong></span> 
     </span>
     <span class='ocr_line' id='line_1_25' title="bbox 75 2663 1739 2745; baseline 0.002 -17"><span class='ocrx_word' id='word_1_295' title='bbox 75 2669 274 2729; x_wconf 86' lang='lat' dir='ltr'><strong>mandatum</strong></span> <span class='ocrx_word' id='word_1_296' title='bbox 289 2668 438 2729; x_wconf 89' lang='lat' dir='ltr'><strong>divinum</strong></span> <span class='ocrx_word' id='word_1_297' title='bbox 453 2669 486 2729; x_wconf 87' lang='lat' dir='ltr'><strong>et</strong></span> <span class='ocrx_word' id='word_1_298' title='bbox 499 2684 557 2745; x_wconf 89' lang='lat' dir='ltr'><strong>per</strong></span> <span class='ocrx_word' id='word_1_299' title='bbox 570 2668 724 2730; x_wconf 90' lang='lat' dir='ltr'><strong>timorem</strong></span> <span class='ocrx_word' id='word_1_300' title='bbox 739 2669 883 2730; x_wconf 89' lang='lat' dir='ltr'><strong>declinet</strong></span> <span class='ocrx_word' id='word_1_301' title='bbox 937 2663 1092 2737; x_wconf 73' lang='lat' dir='ltr'><strong>minibus</strong></span> <span class='ocrx_word' id='word_1_302' title='bbox 1108 2664 1289 2726; x_wconf 81' lang='lat' dir='ltr'><strong>confiteber</strong></span> <span class='ocrx_word' id='word_1_303' title='bbox 1302 2664 1335 2727; x_wconf 90' lang='lat' dir='ltr'><strong>et</strong></span> <span class='ocrx_word' id='word_1_304' title='bbox 1349 2681 1410 2742; x_wconf 89' lang='lat' dir='ltr'><strong>ege</strong></span> <span class='ocrx_word' id='word_1_305' title='bbox 1421 2682 1497 2728; x_wconf 90' lang='lat' dir='ltr'><strong>enm</strong></span> <span class='ocrx_word' id='word_1_306' title='bbox 1513 2682 1626 2729; x_wconf 81' lang='lat' dir='ltr'><strong>cerain</strong></span> <span class='ocrx_word' id='word_1_307' title='bbox 1639 2670 1739 2731; x_wconf 83' lang='lat' dir='ltr'><strong>Patre</strong></span> 
     </span>
     <span class='ocr_line' id='line_1_26' title="bbox 73 2760 1330 2849; baseline -0.002 -22"><span class='ocrx_word' id='word_1_308' title='bbox 73 2784 97 2827; x_wconf 88' lang='lat' dir='ltr'><strong>a</strong></span> <span class='ocrx_word' id='word_1_309' title='bbox 113 2766 214 2835; x_wconf 87' lang='lat' dir='ltr'><strong>male,</strong></span> <span class='ocrx_word' id='word_1_310' title='bbox 231 2767 263 2828; x_wconf 92' lang='lat' dir='ltr'><strong>et</strong></span> <span class='ocrx_word' id='word_1_311' title='bbox 276 2782 335 2843; x_wconf 88' lang='lat' dir='ltr'><strong>per</strong></span> <span class='ocrx_word' id='word_1_312' title='bbox 346 2781 493 2828; x_wconf 91' lang='lat' dir='ltr'><strong>amorem</strong></span> <span class='ocrx_word' id='word_1_313' title='bbox 509 2766 609 2828; x_wconf 88' lang='lat' dir='ltr'><strong>iaciat</strong></span> <span class='ocrx_word' id='word_1_314' title='bbox 627 2766 761 2839; x_wconf 91' lang='lat' dir='ltr'><strong>bonnm,</strong></span> <span class='ocrx_word' id='word_1_315' title='bbox 783 2766 880 2843; x_wconf 90' lang='lat' dir='ltr'><strong>qued,</strong></span> <span class='ocrx_word' id='word_1_316' title='bbox 937 2778 1020 2823; x_wconf 91' lang='lat' dir='ltr'><strong>mee.</strong></span> <span class='ocrx_word' id='word_1_317' title='bbox 1036 2780 1054 2821; x_wconf 74' lang='grc' dir='ltr'>ι</span> <span class='ocrx_word' id='word_1_318' title='bbox 1068 2760 1197 2849; x_wconf 56' lang='lat' dir='ltr'><strong>(blattis,</strong></span> <span class='ocrx_word' id='word_1_319' title='bbox 1214 2779 1249 2835; x_wconf 80' lang='lat' dir='ltr'><strong>x,</strong></span> <span class='ocrx_word' id='word_1_320' title='bbox 1264 2765 1304 2825; x_wconf 83' lang='lat'><strong>32</strong></span> <span class='ocrx_word' id='word_1_321' title='bbox 1321 2806 1330 2825; x_wconf 92' lang='lat'><strong>.</strong></span> 
     </span>
     <span class='ocr_line' id='line_1_27' title="bbox 75 2860 1740 2942; baseline 0.001 -17"><span class='ocrx_word' id='word_1_322' title='bbox 75 2866 117 2925; x_wconf 91' lang='lat' dir='ltr'><strong>ut</strong></span> <span class='ocrx_word' id='word_1_323' title='bbox 132 2864 313 2941; x_wconf 78' lang='lat' dir='ltr'><strong>apestolus</strong></span> <span class='ocrx_word' id='word_1_324' title='bbox 327 2865 488 2927; x_wconf 76' lang='lat' dir='ltr'><strong>aitzNee</strong></span> <span class='ocrx_word' id='word_1_325' title='bbox 509 2866 687 2928; x_wconf 78' lang='lat' dir='ltr'><strong>creditores</strong></span> <span class='ocrx_word' id='word_1_326' title='bbox 705 2869 789 2942; x_wconf 77' lang='lat' dir='ltr'><strong>treis</strong></span> <span class='ocrx_word' id='word_1_327' title='bbox 804 2866 883 2926; x_wconf 77' lang='lat' dir='ltr'><strong>teri·</strong></span> <span class='ocrx_word' id='word_1_328' title='bbox 977 2862 1148 2937; x_wconf 84' lang='lat' dir='ltr'><strong>Frequens</strong></span> <span class='ocrx_word' id='word_1_329' title='bbox 1175 2860 1400 2923; x_wconf 89' lang='lat' dir='ltr'><strong>ministerium</strong></span> <span class='ocrx_word' id='word_1_330' title='bbox 1423 2861 1545 2924; x_wconf 91' lang='lat' dir='ltr'><strong>dicitur</strong></span> <span class='ocrx_word' id='word_1_331' title='bbox 1566 2863 1740 2941; x_wconf 82' lang='lat' dir='ltr'><strong>multiplex</strong></span> 
     </span>
     <span class='ocr_line' id='line_1_28' title="bbox 76 2958 1739 3039; baseline 0 -16"><span class='ocrx_word' id='word_1_332' title='bbox 76 2964 244 3033; x_wconf 67' lang='lat' dir='ltr'><strong>lacerasset</strong></span> <span class='ocrx_word' id='word_1_333' title='bbox 269 2963 419 3035; x_wconf 81' lang='lat' dir='ltr'><strong>foetores</strong></span> <span class='ocrx_word' id='word_1_334' title='bbox 439 2964 531 3035; x_wconf 69' lang='lat' dir='ltr'><strong>eruet</strong></span> <span class='ocrx_word' id='word_1_335' title='bbox 552 2963 634 3024; x_wconf 79' lang='lat' dir='ltr'><strong>serit</strong></span> <span class='ocrx_word' id='word_1_336' title='bbox 656 2966 748 3035; x_wconf 82' lang='lat' dir='ltr'><strong>eeed</strong></span> <span class='ocrx_word' id='word_1_337' title='bbox 771 2967 881 3024; x_wconf 80' lang='lat' dir='ltr'><strong>Deme</strong></span> <span class='ocrx_word' id='word_1_338' title='bbox 937 2958 1087 3035; x_wconf 89' lang='lat' dir='ltr'><strong>operatio</strong></span> <span class='ocrx_word' id='word_1_339' title='bbox 1101 2958 1179 3020; x_wconf 77' lang='lat' dir='ltr'><strong>vitae</strong></span> <span class='ocrx_word' id='word_1_340' title='bbox 1195 2959 1325 3020; x_wconf 85' lang='lat' dir='ltr'><strong>activae.</strong></span> <span class='ocrx_word' id='word_1_341' title='bbox 1343 2961 1427 3020; x_wconf 85' lang='lat' dir='ltr'><strong>Sunt</strong></span> <span class='ocrx_word' id='word_1_342' title='bbox 1440 2960 1529 3021; x_wconf 88' lang='lat' dir='ltr'><strong>enim</strong></span> <span class='ocrx_word' id='word_1_343' title='bbox 1543 2963 1616 3038; x_wconf 79' lang='lat' dir='ltr'><strong>eJus</strong></span> <span class='ocrx_word' id='word_1_344' title='bbox 1638 2977 1739 3039; x_wconf 89' lang='lat' dir='ltr'><strong>opera</strong></span> 
     </span>
     <span class='ocr_line' id='line_1_29' title="bbox 77 3055 1740 3142; baseline -0.001 -20"><span class='ocrx_word' id='word_1_345' title='bbox 77 3061 204 3142; x_wconf 75' lang='lat' dir='ltr'><strong>(Rom⁰⁴</strong></span> <span class='ocrx_word' id='word_1_346' title='bbox 222 3076 259 3131; x_wconf 90' lang='lat' dir='ltr'><strong>n,</strong></span> <span class='ocrx_word' id='word_1_347' title='bbox 284 3059 348 3139; x_wconf 89' lang='lat'>18).</span> <span class='ocrx_word' id='word_1_348' title='bbox 369 3060 506 3121; x_wconf 84' lang='lat' dir='ltr'><strong>Frustra</strong></span> <span class='ocrx_word' id='word_1_349' title='bbox 530 3061 642 3137; x_wconf 89' lang='lat' dir='ltr'><strong>itaque</strong></span> <span class='ocrx_word' id='word_1_350' title='bbox 664 3060 782 3122; x_wconf 89' lang='lat' dir='ltr'><strong>nititur</strong></span> <span class='ocrx_word' id='word_1_351' title='bbox 796 3076 881 3121; x_wconf 93' lang='lat' dir='ltr'><strong>cen·</strong></span> <span class='ocrx_word' id='word_1_352' title='bbox 937 3056 1139 3118; x_wconf 86' lang='lat' dir='ltr'><strong>esurientem</strong></span> <span class='ocrx_word' id='word_1_353' title='bbox 1154 3055 1303 3129; x_wconf 86' lang='lat' dir='ltr'><strong>reticere,</strong></span> <span class='ocrx_word' id='word_1_354' title='bbox 1325 3058 1491 3122; x_wconf 88' lang='lat' dir='ltr'><strong>sitientem</strong></span> <span class='ocrx_word' id='word_1_355' title='bbox 1507 3058 1635 3135; x_wconf 84' lang='lat' dir='ltr'><strong>petere,</strong></span> <span class='ocrx_word' id='word_1_356' title='bbox 1659 3059 1740 3121; x_wconf 90' lang='lat' dir='ltr'><strong>bes-</strong></span> 
     </span>
     <span class='ocr_line' id='line_1_30' title="bbox 77 3154 1738 3235; baseline -0.002 -15"><span class='ocrx_word' id='word_1_357' title='bbox 77 3157 239 3235; x_wconf 89' lang='lat' dir='ltr'><strong>templari</strong></span> <span class='ocrx_word' id='word_1_358' title='bbox 253 3158 309 3235; x_wconf 92' lang='lat' dir='ltr'><strong>qui</strong></span> <span class='ocrx_word' id='word_1_359' title='bbox 325 3173 384 3234; x_wconf 91' lang='lat' dir='ltr'><strong>per</strong></span> <span class='ocrx_word' id='word_1_360' title='bbox 399 3158 550 3219; x_wconf 89' lang='lat' dir='ltr'><strong>timerem</strong></span> <span class='ocrx_word' id='word_1_361' title='bbox 564 3158 598 3219; x_wconf 91' lang='lat' dir='ltr'><strong>et</strong></span> <span class='ocrx_word' id='word_1_362' title='bbox 611 3173 757 3220; x_wconf 90' lang='lat' dir='ltr'><strong>amorem</strong></span> <span class='ocrx_word' id='word_1_363' title='bbox 776 3158 881 3235; x_wconf 86' lang='lat' dir='ltr'><strong>legem</strong></span> <span class='ocrx_word' id='word_1_364' title='bbox 937 3154 1038 3231; x_wconf 90' lang='lat' dir='ltr'><strong>pitem</strong></span> <span class='ocrx_word' id='word_1_365' title='bbox 1063 3154 1232 3229; x_wconf 79' lang='lat' dir='ltr'><strong>colligere,</strong></span> <span class='ocrx_word' id='word_1_366' title='bbox 1255 3154 1381 3215; x_wconf 90' lang='lat' dir='ltr'><strong>nudum</strong></span> <span class='ocrx_word' id='word_1_367' title='bbox 1408 3156 1543 3228; x_wconf 87' lang='lat' dir='ltr'><strong>vestire,</strong></span> <span class='ocrx_word' id='word_1_368' title='bbox 1569 3155 1738 3217; x_wconf 85' lang='lat' dir='ltr'><strong>intlrnrum</strong></span> 
     </span>
     <span class='ocr_line' id='line_1_31' title="bbox 78 3252 1738 3331; baseline -0.002 -13"><span class='ocrx_word' id='word_1_369' title='bbox 78 3255 216 3318; x_wconf 91' lang='lat' dir='ltr'><strong>Domini</strong></span> <span class='ocrx_word' id='word_1_370' title='bbox 228 3270 295 3315; x_wconf 91' lang='lat' dir='ltr'><strong>nen</strong></span> <span class='ocrx_word' id='word_1_371' title='bbox 308 3254 462 3317; x_wconf 89' lang='lat' dir='ltr'><strong>custodit.</strong></span> <span class='ocrx_word' id='word_1_372' title='bbox 936 3252 1084 3323; x_wconf 89' lang='lat' dir='ltr'><strong>visitare,</strong></span> <span class='ocrx_word' id='word_1_373' title='bbox 1097 3252 1138 3313; x_wconf 91' lang='lat' dir='ltr'><strong>ad</strong></span> <span class='ocrx_word' id='word_1_374' title='bbox 1149 3252 1393 3314; x_wconf 90' lang='lat' dir='ltr'><strong>incarceratum</strong></span> <span class='ocrx_word' id='word_1_375' title='bbox 1404 3253 1530 3325; x_wconf 89' lang='lat' dir='ltr'><strong>venire,</strong></span> <span class='ocrx_word' id='word_1_376' title='bbox 1540 3269 1613 3331; x_wconf 83' lang='lat' dir='ltr'><strong>qnae</strong></span> <span class='ocrx_word' id='word_1_377' title='bbox 1625 3255 1738 3316; x_wconf 90' lang='lat' dir='ltr'><strong>emnia</strong></span> 
     </span>
     <span class='ocr_line' id='line_1_32' title="bbox 122 3349 1738 3428; baseline 0 -15"><span class='ocrx_word' id='word_1_378' title='bbox 122 3353 396 3414; x_wconf 78' lang='lat' dir='ltr'><strong>lterttreeetene</strong></span> <span class='ocrx_word' id='word_1_379' title='bbox 413 3352 592 3428; x_wconf 79' lang='lat' dir='ltr'><strong>seteecbet</strong></span> <span class='ocrx_word' id='word_1_380' title='bbox 612 3356 882 3428; x_wconf 75' lang='lat' dir='ltr'><strong>cereae-emens</strong></span> <span class='ocrx_word' id='word_1_381' title='bbox 936 3350 1153 3427; x_wconf 78' lang='lat' dir='ltr'><strong>designantur</strong></span> <span class='ocrx_word' id='word_1_382' title='bbox 1186 3349 1220 3410; x_wconf 93' lang='lat' dir='ltr'><strong>in</strong></span> <span class='ocrx_word' id='word_1_383' title='bbox 1243 3351 1445 3426; x_wconf 84' lang='lat' dir='ltr'><strong>Evangelio,</strong></span> <span class='ocrx_word' id='word_1_384' title='bbox 1479 3350 1536 3411; x_wconf 92' lang='lat' dir='ltr'><strong>ubi</strong></span> <span class='ocrx_word' id='word_1_385' title='bbox 1576 3352 1738 3413; x_wconf 86' lang='lat' dir='ltr'><strong>Dominus</strong></span> 
     </span>
     <span class='ocr_line' id='line_1_33' title="bbox 76 3448 1737 3527; baseline -0.001 -15"><span class='ocrx_word' id='word_1_386' title='bbox 76 3451 329 3512; x_wconf 67' lang='lat' dir='ltr'><strong>restitutorium.</strong></span> <span class='ocrx_word' id='word_1_387' title='bbox 345 3449 604 3527; x_wconf 82' lang='lat' dir='ltr'><strong>dudiqnemede</strong></span> <span class='ocrx_word' id='word_1_388' title='bbox 617 3451 688 3527; x_wconf 89' lang='lat' dir='ltr'><strong>ipse</strong></span> <span class='ocrx_word' id='word_1_389' title='bbox 702 3454 799 3513; x_wconf 87' lang='lat' dir='ltr'><strong>Jesus</strong></span> <span class='ocrx_word' id='word_1_390' title='bbox 821 3467 880 3511; x_wconf 87' lang='lat' dir='ltr'><strong>sa·</strong></span> <span class='ocrx_word' id='word_1_391' title='bbox 937 3449 1039 3511; x_wconf 87' lang='lat' dir='ltr'><strong>dicit:</strong></span> <span class='ocrx_word' id='word_1_392' title='bbox 1058 3450 1203 3509; x_wconf 72' lang='lat' dir='ltr'><strong>Esuriit</strong></span> <span class='ocrx_word' id='word_1_393' title='bbox 1236 3448 1269 3510; x_wconf 83' lang='lat' dir='ltr'><strong>et</strong></span> <span class='ocrx_word' id='word_1_394' title='bbox 1299 3449 1440 3510; x_wconf 85' lang='lat' dir='ltr'><strong>dedistis</strong></span> <span class='ocrx_word' id='word_1_395' title='bbox 1469 3452 1555 3510; x_wconf 77' lang='lat' dir='ltr'><strong>nezibi</strong></span> <span class='ocrx_word' id='word_1_396' title='bbox 1586 3452 1737 3511; x_wconf 77' lang='lat' dir='ltr'><strong>retendu-</strong></span> 
     </span>
     <span class='ocr_line' id='line_1_34' title="bbox 74 3543 1738 3626; baseline -0.002 -16"><span class='ocrx_word' id='word_1_397' title='bbox 74 3547 215 3624; x_wconf 80' lang='lat' dir='ltr'><strong>tagebat</strong></span> <span class='ocrx_word' id='word_1_398' title='bbox 227 3548 318 3609; x_wconf 89' lang='lat' dir='ltr'><strong>eirea</strong></span> <span class='ocrx_word' id='word_1_399' title='bbox 342 3546 498 3626; x_wconf 83' lang='lat' dir='ltr'><strong>frequens</strong></span> <span class='ocrx_word' id='word_1_400' title='bbox 519 3548 740 3610; x_wconf 90' lang='lat' dir='ltr'><strong>ministerium</strong></span> <span class='ocrx_word' id='word_1_401' title='bbox 758 3550 791 3610; x_wconf 91' lang='lat' dir='ltr'><strong>et</strong></span> <span class='ocrx_word' id='word_1_402' title='bbox 804 3549 880 3609; x_wconf 89' lang='lat' dir='ltr'><strong>tur·</strong></span> <span class='ocrx_word' id='word_1_403' title='bbox 935 3560 1053 3607; x_wconf 73' lang='lat' dir='ltr'><strong>cere...</strong></span> <span class='ocrx_word' id='word_1_404' title='bbox 1081 3543 1198 3624; x_wconf 87' lang='lat' dir='ltr'><strong>(lieth.</strong></span> <span class='ocrx_word' id='word_1_405' title='bbox 1217 3560 1301 3616; x_wconf 84' lang='lat' dir='ltr'><strong>xxv,</strong></span> <span class='ocrx_word' id='word_1_406' title='bbox 1324 3543 1390 3623; x_wconf 82' lang='lat'>35).</span> <span class='ocrx_word' id='word_1_407' title='bbox 1408 3546 1486 3616; x_wconf 84' lang='lat' dir='ltr'><strong>Qnae</strong></span> <span class='ocrx_word' id='word_1_408' title='bbox 1504 3545 1616 3606; x_wconf 91' lang='lat' dir='ltr'><strong>emnia</strong></span> <span class='ocrx_word' id='word_1_409' title='bbox 1635 3547 1738 3607; x_wconf 86' lang='lat' dir='ltr'><strong>Beata</strong></span> 
     </span>
     <span class='ocr_line' id='line_1_35' title="bbox 76 3640 1737 3723; baseline -0.003 -15"><span class='ocrx_word' id='word_1_410' title='bbox 76 3646 225 3708; x_wconf 84' lang='lat' dir='ltr'><strong>babetur</strong></span> <span class='ocrx_word' id='word_1_411' title='bbox 238 3646 494 3722; x_wconf 88' lang='lat' dir='ltr'><strong>ergaplurima:</strong></span> <span class='ocrx_word' id='word_1_412' title='bbox 516 3648 627 3716; x_wconf 72' lang='lat' dir='ltr'><strong>Meris,</strong></span> <span class='ocrx_word' id='word_1_413' title='bbox 651 3646 772 3723; x_wconf 86' lang='lat' dir='ltr'><strong>inquit,</strong></span> <span class='ocrx_word' id='word_1_414' title='bbox 787 3649 881 3708; x_wconf 77' lang='lat' dir='ltr'><strong>etbrcs</strong></span> <span class='ocrx_word' id='word_1_415' title='bbox 936 3643 1043 3703; x_wconf 86' lang='lat' dir='ltr'><strong>bieria</strong></span> <span class='ocrx_word' id='word_1_416' title='bbox 1065 3640 1277 3718; x_wconf 81' lang='lat' dir='ltr'><strong>praecunctis</strong></span> <span class='ocrx_word' id='word_1_417' title='bbox 1301 3640 1491 3701; x_wconf 87' lang='lat' dir='ltr'><strong>bominibus</strong></span> <span class='ocrx_word' id='word_1_418' title='bbox 1516 3641 1737 3704; x_wconf 84' lang='lat' dir='ltr'><strong>excellentius</strong></span> 
     </span>
     <span class='ocr_line' id='line_1_36' title="bbox 74 3738 1737 3818; baseline -0.003 -12"><span class='ocrx_word' id='word_1_419' title='bbox 74 3743 195 3811; x_wconf 71' lang='lat' dir='ltr'><strong>estet</strong></span> <span class='ocrx_word' id='word_1_420' title='bbox 217 3744 344 3817; x_wconf 64' lang='lat' dir='ltr'><strong>tatere</strong></span> <span class='ocrx_word' id='word_1_421' title='bbox 365 3741 577 3804; x_wconf 81' lang='lat' dir='ltr'><strong>voluntate-nc</strong></span> <span class='ocrx_word' id='word_1_422' title='bbox 606 3744 683 3815; x_wconf 76' lang='lat' dir='ltr'><strong>ajars</strong></span> <span class='ocrx_word' id='word_1_423' title='bbox 701 3745 761 3816; x_wconf 78' lang='lat' dir='ltr'><strong>eni</strong></span> <span class='ocrx_word' id='word_1_424' title='bbox 785 3743 882 3804; x_wconf 66' lang='lat' dir='ltr'><strong>nebit</strong></span> <span class='ocrx_word' id='word_1_425' title='bbox 936 3740 1138 3817; x_wconf 84' lang='lat' dir='ltr'><strong>adimplevit.</strong></span> <span class='ocrx_word' id='word_1_426' title='bbox 1157 3741 1234 3816; x_wconf 88' lang='lat' dir='ltr'><strong>ipsa</strong></span> <span class='ocrx_word' id='word_1_427' title='bbox 1245 3754 1387 3816; x_wconf 89' lang='lat' dir='ltr'><strong>namque</strong></span> <span class='ocrx_word' id='word_1_428' title='bbox 1401 3738 1460 3799; x_wconf 93' lang='lat' dir='ltr'><strong>Dei</strong></span> <span class='ocrx_word' id='word_1_429' title='bbox 1473 3738 1594 3800; x_wconf 86' lang='lat' dir='ltr'><strong>Filium</strong></span> <span class='ocrx_word' id='word_1_430' title='bbox 1609 3741 1645 3801; x_wconf 93' lang='lat' dir='ltr'><strong>in</strong></span> <span class='ocrx_word' id='word_1_431' title='bbox 1660 3756 1737 3818; x_wconf 90' lang='lat' dir='ltr'><strong>pro-</strong></span> 
     </span>
     <span class='ocr_line' id='line_1_37' title="bbox 73 3836 1737 3920; baseline -0.002 -17"><span class='ocrx_word' id='word_1_432' title='bbox 73 3856 138 3903; x_wconf 84' lang='lat' dir='ltr'><strong>me</strong></span> <span class='ocrx_word' id='word_1_433' title='bbox 157 3839 267 3920; x_wconf 83' lang='lat' dir='ltr'><strong>(teau.</strong></span> <span class='ocrx_word' id='word_1_434' title='bbox 292 3856 341 3913; x_wconf 80' lang='lat' dir='ltr'><strong>lv,</strong></span> <span class='ocrx_word' id='word_1_435' title='bbox 363 3839 429 3918; x_wconf 78' lang='lat'><strong>34).</strong></span> <span class='ocrx_word' id='word_1_436' title='bbox 446 3842 485 3901; x_wconf 80' lang='lat' dir='ltr'><strong>lit</strong></span> <span class='ocrx_word' id='word_1_437' title='bbox 499 3840 581 3901; x_wconf 91' lang='lat' dir='ltr'><strong>alibi</strong></span> <span class='ocrx_word' id='word_1_438' title='bbox 594 3862 602 3900; x_wconf 75' lang='grc' dir='ltr'><strong>ε</strong></span> <span class='ocrx_word' id='word_1_439' title='bbox 616 3841 796 3915; x_wconf 74' lang='lat' dir='ltr'><strong>Baptistae</strong></span> <span class='ocrx_word' id='word_1_440' title='bbox 815 3844 880 3903; x_wconf 87' lang='lat' dir='ltr'><strong>be-</strong></span> <span class='ocrx_word' id='word_1_441' title='bbox 936 3839 1008 3916; x_wconf 89' lang='lat' dir='ltr'><strong>pria</strong></span> <span class='ocrx_word' id='word_1_442' title='bbox 1030 3853 1172 3915; x_wconf 88' lang='lat' dir='ltr'><strong>persona</strong></span> <span class='ocrx_word' id='word_1_443' title='bbox 1193 3836 1395 3898; x_wconf 87' lang='lat' dir='ltr'><strong>esurientem</strong></span> <span class='ocrx_word' id='word_1_444' title='bbox 1415 3853 1517 3898; x_wconf 90' lang='lat' dir='ltr'><strong>manu</strong></span> <span class='ocrx_word' id='word_1_445' title='bbox 1532 3838 1667 3915; x_wconf 92' lang='lat' dir='ltr'><strong>propria</strong></span> <span class='ocrx_word' id='word_1_446' title='bbox 1684 3838 1737 3900; x_wconf 91' lang='lat' dir='ltr'><strong>ei-</strong></span> 
     </span>
     <span class='ocr_line' id='line_1_38' title="bbox 75 3932 1735 4015; baseline -0.005 -13"><span class='ocrx_word' id='word_1_447' title='bbox 75 3944 141 4002; x_wconf 81' lang='lat' dir='ltr'><strong>bee</strong></span> <span class='ocrx_word' id='word_1_448' title='bbox 157 3940 327 4015; x_wconf 76' lang='lat' dir='ltr'><strong>baptizari</strong></span> <span class='ocrx_word' id='word_1_449' title='bbox 339 3939 374 4001; x_wconf 86' lang='lat' dir='ltr'><strong>ct</strong></span> <span class='ocrx_word' id='word_1_450' title='bbox 387 3938 663 4001; x_wconf 85' lang='lat' dir='ltr'><strong>coarcterdenec</strong></span> <span class='ocrx_word' id='word_1_451' title='bbox 673 3940 882 4014; x_wconf 64' lang='lat' dir='ltr'><strong>perficietur</strong></span> <span class='ocrx_word' id='word_1_452' title='bbox 935 3935 1037 4007; x_wconf 86' lang='lat' dir='ltr'><strong>bavit,</strong></span> <span class='ocrx_word' id='word_1_453' title='bbox 1053 3934 1220 3997; x_wconf 89' lang='lat' dir='ltr'><strong>sitientem</strong></span> <span class='ocrx_word' id='word_1_454' title='bbox 1239 3932 1325 3994; x_wconf 89' lang='lat' dir='ltr'><strong>lacte</strong></span> <span class='ocrx_word' id='word_1_455' title='bbox 1348 3933 1482 4011; x_wconf 91' lang='lat' dir='ltr'><strong>proprio</strong></span> <span class='ocrx_word' id='word_1_456' title='bbox 1504 3934 1641 4011; x_wconf 90' lang='lat' dir='ltr'><strong>potavit,</strong></span> <span class='ocrx_word' id='word_1_457' title='bbox 1667 3951 1735 3994; x_wconf 92' lang='lat' dir='ltr'><strong>nn-</strong></span> 
     </span>
     <span class='ocr_line' id='line_1_39' title="bbox 74 4030 1738 4117; baseline -0.002 -19"><span class='ocrx_word' id='word_1_458' title='bbox 74 4039 175 4117; x_wconf 83' lang='lat' dir='ltr'><strong>(Luc.</strong></span> <span class='ocrx_word' id='word_1_459' title='bbox 198 4052 259 4108; x_wconf 78' lang='lat'><strong>111,</strong></span> <span class='ocrx_word' id='word_1_460' title='bbox 282 4035 461 4114; x_wconf 84' lang='lat' dir='ltr'><strong>50)..Vere</strong></span> <span class='ocrx_word' id='word_1_461' title='bbox 484 4051 564 4114; x_wconf 85' lang='lat' dir='ltr'><strong>ergo</strong></span> <span class='ocrx_word' id='word_1_462' title='bbox 591 4038 724 4098; x_wconf 89' lang='lat' dir='ltr'><strong>Martha</strong></span> <span class='ocrx_word' id='word_1_463' title='bbox 750 4037 881 4114; x_wconf 80' lang='lat' dir='ltr'><strong>excepit</strong></span> <span class='ocrx_word' id='word_1_464' title='bbox 936 4034 1013 4094; x_wconf 92' lang='lat' dir='ltr'><strong>dum</strong></span> <span class='ocrx_word' id='word_1_465' title='bbox 1036 4048 1104 4095; x_wconf 90' lang='lat' dir='ltr'><strong>nen</strong></span> <span class='ocrx_word' id='word_1_466' title='bbox 1134 4031 1242 4094; x_wconf 89' lang='lat' dir='ltr'><strong>selum</strong></span> <span class='ocrx_word' id='word_1_467' title='bbox 1270 4030 1428 4104; x_wconf 89' lang='lat' dir='ltr'><strong>vestibus,</strong></span> <span class='ocrx_word' id='word_1_468' title='bbox 1452 4031 1510 4092; x_wconf 90' lang='lat' dir='ltr'><strong>sed</strong></span> <span class='ocrx_word' id='word_1_469' title='bbox 1546 4032 1646 4093; x_wconf 89' lang='lat' dir='ltr'><strong>etiam</strong></span> <span class='ocrx_word' id='word_1_470' title='bbox 1676 4048 1738 4095; x_wconf 90' lang='lat' dir='ltr'><strong>sna</strong></span> 
     </span>
     <span class='ocr_line' id='line_1_40' title="bbox 74 4129 1737 4205; baseline -0.004 -8"><span class='ocrx_word' id='word_1_471' title='bbox 74 4136 175 4197; x_wconf 91' lang='lat' dir='ltr'><strong>illum</strong></span> <span class='ocrx_word' id='word_1_472' title='bbox 200 4134 236 4194; x_wconf 94' lang='lat' dir='ltr'><strong>in</strong></span> <span class='ocrx_word' id='word_1_473' title='bbox 266 4134 400 4195; x_wconf 89' lang='lat' dir='ltr'><strong>demum</strong></span> <span class='ocrx_word' id='word_1_474' title='bbox 434 4149 540 4195; x_wconf 86' lang='lat' dir='ltr'><strong>suam.</strong></span> <span class='ocrx_word' id='word_1_475' title='bbox 572 4135 666 4196; x_wconf 89' lang='lat' dir='ltr'><strong>Unde</strong></span> <span class='ocrx_word' id='word_1_476' title='bbox 698 4135 880 4196; x_wconf 89' lang='lat' dir='ltr'><strong>secundum</strong></span> <span class='ocrx_word' id='word_1_477' title='bbox 936 4147 1037 4193; x_wconf 90' lang='lat' dir='ltr'><strong>earne</strong></span> <span class='ocrx_word' id='word_1_478' title='bbox 1051 4129 1194 4201; x_wconf 87' lang='lat' dir='ltr'><strong>vestivit,</strong></span> <span class='ocrx_word' id='word_1_479' title='bbox 1207 4129 1371 4205; x_wconf 91' lang='lat' dir='ltr'><strong>bospitem</strong></span> <span class='ocrx_word' id='word_1_480' title='bbox 1384 4144 1449 4189; x_wconf 93' lang='lat' dir='ltr'><strong>nen</strong></span> <span class='ocrx_word' id='word_1_481' title='bbox 1465 4129 1571 4190; x_wconf 91' lang='lat' dir='ltr'><strong>selum</strong></span> <span class='ocrx_word' id='word_1_482' title='bbox 1585 4144 1645 4190; x_wconf 89' lang='lat' dir='ltr'><strong>sue</strong></span> <span class='ocrx_word' id='word_1_483' title='bbox 1660 4129 1737 4191; x_wconf 88' lang='lat' dir='ltr'><strong>sinu</strong></span> 
     </span>
     <span class='ocr_line' id='line_1_41' title="bbox 74 4226 1739 4305; baseline -0.003 -10"><span class='ocrx_word' id='word_1_484' title='bbox 74 4248 217 4295; x_wconf 83' lang='lat' dir='ltr'><strong>carnem</strong></span> <span class='ocrx_word' id='word_1_485' title='bbox 242 4247 309 4292; x_wconf 89' lang='lat' dir='ltr'><strong>non</strong></span> <span class='ocrx_word' id='word_1_486' title='bbox 330 4232 371 4292; x_wconf 89' lang='lat' dir='ltr'><strong>de</strong></span> <span class='ocrx_word' id='word_1_487' title='bbox 393 4231 537 4293; x_wconf 86' lang='lat' dir='ltr'><strong>Rachele</strong></span> <span class='ocrx_word' id='word_1_488' title='bbox 561 4232 743 4303; x_wconf 89' lang='lat' dir='ltr'><strong>natusest,</strong></span> <span class='ocrx_word' id='word_1_489' title='bbox 767 4233 823 4294; x_wconf 89' lang='lat' dir='ltr'><strong>sed</strong></span> <span class='ocrx_word' id='word_1_490' title='bbox 840 4232 881 4293; x_wconf 94' lang='lat' dir='ltr'><strong>de</strong></span> <span class='ocrx_word' id='word_1_491' title='bbox 935 4229 987 4291; x_wconf 90' lang='lat' dir='ltr'><strong>vel</strong></span> <span class='ocrx_word' id='word_1_492' title='bbox 1014 4228 1152 4305; x_wconf 86' lang='lat' dir='ltr'><strong>gremio,</strong></span> <span class='ocrx_word' id='word_1_493' title='bbox 1178 4227 1234 4288; x_wconf 91' lang='lat' dir='ltr'><strong>sed</strong></span> <span class='ocrx_word' id='word_1_494' title='bbox 1261 4226 1361 4288; x_wconf 91' lang='lat' dir='ltr'><strong>etiam</strong></span> <span class='ocrx_word' id='word_1_495' title='bbox 1385 4228 1500 4289; x_wconf 90' lang='lat' dir='ltr'><strong>ventre</strong></span> <span class='ocrx_word' id='word_1_496' title='bbox 1524 4226 1681 4305; x_wconf 89' lang='lat' dir='ltr'><strong>suscepit,</strong></span> <span class='ocrx_word' id='word_1_497' title='bbox 1705 4230 1739 4290; x_wconf 89' lang='lat' dir='ltr'><strong>et</strong></span> 
     </span>
     <span class='ocr_line' id='line_1_42' title="bbox 77 4324 1738 4407; baseline -0.005 -14"><span class='ocrx_word' id='word_1_498' title='bbox 77 4330 154 4393; x_wconf 89' lang='lat' dir='ltr'><strong>Lia.</strong></span> <span class='ocrx_word' id='word_1_499' title='bbox 176 4330 251 4391; x_wconf 82' lang='lat' dir='ltr'><strong>lstae</strong></span> <span class='ocrx_word' id='word_1_500' title='bbox 279 4328 443 4407; x_wconf 89' lang='lat' dir='ltr'><strong>siquidem</strong></span> <span class='ocrx_word' id='word_1_501' title='bbox 463 4328 536 4390; x_wconf 88' lang='lat' dir='ltr'><strong>duae</strong></span> <span class='ocrx_word' id='word_1_502' title='bbox 551 4329 628 4393; x_wconf 78' lang='lat' dir='ltr'><strong>vitre</strong></span> <span class='ocrx_word' id='word_1_503' title='bbox 642 4345 716 4407; x_wconf 86' lang='lat' dir='ltr'><strong>quae</strong></span> <span class='ocrx_word' id='word_1_504' title='bbox 734 4330 771 4390; x_wconf 92' lang='lat' dir='ltr'><strong>in</strong></span> <span class='ocrx_word' id='word_1_505' title='bbox 793 4346 880 4391; x_wconf 91' lang='lat' dir='ltr'><strong>neve</strong></span> <span class='ocrx_word' id='word_1_506' title='bbox 936 4329 1057 4389; x_wconf 84' lang='lat' dir='ltr'><strong>caetera</strong></span> <span class='ocrx_word' id='word_1_507' title='bbox 1083 4327 1206 4387; x_wconf 78' lang='lat' dir='ltr'><strong>sancta</strong></span> <span class='ocrx_word' id='word_1_508' title='bbox 1235 4324 1404 4387; x_wconf 89' lang='lat' dir='ltr'><strong>servitutis</strong></span> <span class='ocrx_word' id='word_1_509' title='bbox 1431 4324 1540 4386; x_wconf 85' lang='lat' dir='ltr'><strong>officia</strong></span> <span class='ocrx_word' id='word_1_510' title='bbox 1566 4324 1738 4387; x_wconf 88' lang='lat' dir='ltr'><strong>humiliter</strong></span> 
     </span>
     <span class='ocr_line' id='line_1_43' title="bbox 74 4421 1739 4505; baseline -0.004 -14"><span class='ocrx_word' id='word_1_511' title='bbox 74 4427 292 4491; x_wconf 86' lang='lat' dir='ltr'><strong>Testameute</strong></span> <span class='ocrx_word' id='word_1_512' title='bbox 302 4426 510 4505; x_wconf 88' lang='lat' dir='ltr'><strong>perbdariam</strong></span> <span class='ocrx_word' id='word_1_513' title='bbox 525 4427 742 4503; x_wconf 89' lang='lat' dir='ltr'><strong>designantur</strong></span> <span class='ocrx_word' id='word_1_514' title='bbox 751 4429 784 4491; x_wconf 93' lang='lat' dir='ltr'><strong>et</strong></span> <span class='ocrx_word' id='word_1_515' title='bbox 796 4429 882 4489; x_wconf 90' lang='lat' dir='ltr'><strong>Mar·</strong></span> <span class='ocrx_word' id='word_1_516' title='bbox 936 4422 1140 4500; x_wconf 80' lang='lat' dir='ltr'><strong>adimplevit,</strong></span> <span class='ocrx_word' id='word_1_517' title='bbox 1167 4422 1221 4485; x_wconf 88' lang='lat' dir='ltr'><strong>vel</strong></span> <span class='ocrx_word' id='word_1_518' title='bbox 1241 4422 1374 4500; x_wconf 90' lang='lat' dir='ltr'><strong>quande</strong></span> <span class='ocrx_word' id='word_1_519' title='bbox 1389 4421 1527 4485; x_wconf 81' lang='lat' dir='ltr'><strong>deduxit</strong></span> <span class='ocrx_word' id='word_1_520' title='bbox 1550 4422 1586 4484; x_wconf 92' lang='lat' dir='ltr'><strong>in</strong></span> <span class='ocrx_word' id='word_1_521' title='bbox 1607 4424 1739 4500; x_wconf 83' lang='lat' dir='ltr'><strong>AEgyp-</strong></span> 
     </span>
     <span class='ocr_line' id='line_1_44' title="bbox 74 4519 1734 4601; baseline -0.005 -11"><span class='ocrx_word' id='word_1_522' title='bbox 74 4528 185 4597; x_wconf 76' lang='lat' dir='ltr'><strong>tinam,</strong></span> <span class='ocrx_word' id='word_1_523' title='bbox 204 4526 240 4585; x_wconf 92' lang='lat' dir='ltr'><strong>in</strong></span> <span class='ocrx_word' id='word_1_524' title='bbox 260 4524 366 4586; x_wconf 86' lang='lat' dir='ltr'><strong>veteri</strong></span> <span class='ocrx_word' id='word_1_525' title='bbox 389 4524 599 4587; x_wconf 81' lang='lat' dir='ltr'><strong>Testamenta</strong></span> <span class='ocrx_word' id='word_1_526' title='bbox 622 4540 682 4601; x_wconf 88' lang='lat' dir='ltr'><strong>per</strong></span> <span class='ocrx_word' id='word_1_527' title='bbox 701 4526 880 4587; x_wconf 83' lang='lat' dir='ltr'><strong>Rachelem</strong></span> <span class='ocrx_word' id='word_1_528' title='bbox 935 4522 1022 4594; x_wconf 89' lang='lat' dir='ltr'><strong>tum,</strong></span> <span class='ocrx_word' id='word_1_529' title='bbox 1047 4521 1102 4583; x_wconf 88' lang='lat' dir='ltr'><strong>vel</strong></span> <span class='ocrx_word' id='word_1_530' title='bbox 1127 4520 1258 4599; x_wconf 89' lang='lat' dir='ltr'><strong>quande</strong></span> <span class='ocrx_word' id='word_1_531' title='bbox 1287 4519 1474 4597; x_wconf 89' lang='lat' dir='ltr'><strong>deportavit</strong></span> <span class='ocrx_word' id='word_1_532' title='bbox 1495 4520 1536 4581; x_wconf 85' lang='lat' dir='ltr'><strong>ad</strong></span> <span class='ocrx_word' id='word_1_533' title='bbox 1562 4520 1734 4596; x_wconf 90' lang='lat' dir='ltr'><strong>templum,</strong></span> 
     </span>
     <span class='ocr_line' id='line_1_45' title="bbox 22 4616 1737 4700; baseline -0.006 -13"><span class='ocrx_word' id='word_1_534' title='bbox 22 4622 31 4633; x_wconf 85' lang='lat'><strong>‘</strong></span> <span class='ocrx_word' id='word_1_535' title='bbox 75 4624 299 4700; x_wconf 75' lang='lat' dir='ltr'><strong>designantur</strong></span> <span class='ocrx_word' id='word_1_536' title='bbox 311 4624 346 4685; x_wconf 84' lang='lat' dir='ltr'><strong>et</strong></span> <span class='ocrx_word' id='word_1_537' title='bbox 359 4621 464 4694; x_wconf 81' lang='lat' dir='ltr'><strong>biam,</strong></span> <span class='ocrx_word' id='word_1_538' title='bbox 478 4623 618 4684; x_wconf 90' lang='lat' dir='ltr'><strong>alteram</strong></span> <span class='ocrx_word' id='word_1_539' title='bbox 634 4623 807 4699; x_wconf 87' lang='lat' dir='ltr'><strong>pulchram</strong></span> <span class='ocrx_word' id='word_1_540' title='bbox 823 4623 879 4685; x_wconf 90' lang='lat' dir='ltr'><strong>sed</strong></span> <span class='ocrx_word' id='word_1_541' title='bbox 936 4621 988 4682; x_wconf 89' lang='lat' dir='ltr'><strong>vel</strong></span> <span class='ocrx_word' id='word_1_542' title='bbox 1004 4619 1135 4697; x_wconf 90' lang='lat' dir='ltr'><strong>quande</strong></span> <span class='ocrx_word' id='word_1_543' title='bbox 1160 4618 1230 4678; x_wconf 91' lang='lat' dir='ltr'><strong>suis</strong></span> <span class='ocrx_word' id='word_1_544' title='bbox 1252 4617 1400 4679; x_wconf 88' lang='lat' dir='ltr'><strong>brachiis</strong></span> <span class='ocrx_word' id='word_1_545' title='bbox 1423 4616 1575 4693; x_wconf 79' lang='lat' dir='ltr'><strong>gestabat</strong></span> <span class='ocrx_word' id='word_1_546' title='bbox 1588 4616 1737 4678; x_wconf 86' lang='lat' dir='ltr'><strong>intantu-</strong></span> 
     </span>
     <span class='ocr_line' id='line_1_46' title="bbox 78 4713 1737 4801; baseline -0.005 -17"><span class='ocrx_word' id='word_1_547' title='bbox 78 4738 165 4801; x_wconf 91' lang='lat' dir='ltr'><strong>pene</strong></span> <span class='ocrx_word' id='word_1_548' title='bbox 181 4720 346 4792; x_wconf 87' lang='lat' dir='ltr'><strong>sterilem,</strong></span> <span class='ocrx_word' id='word_1_549' title='bbox 367 4720 528 4797; x_wconf 89' lang='lat' dir='ltr'><strong>reliquam</strong></span> <span class='ocrx_word' id='word_1_550' title='bbox 549 4721 674 4797; x_wconf 90' lang='lat' dir='ltr'><strong>lippam</strong></span> <span class='ocrx_word' id='word_1_551' title='bbox 700 4722 756 4782; x_wconf 90' lang='lat' dir='ltr'><strong>sed</strong></span> <span class='ocrx_word' id='word_1_552' title='bbox 782 4722 880 4784; x_wconf 85' lang='lat' dir='ltr'><strong>valde</strong></span> <span class='ocrx_word' id='word_1_553' title='bbox 937 4720 1070 4779; x_wconf 84' lang='lat' dir='ltr'><strong>llllll.111</strong></span> <span class='ocrx_word' id='word_1_554' title='bbox 1094 4718 1135 4778; x_wconf 88' lang='lat' dir='ltr'><strong>iis</strong></span> <span class='ocrx_word' id='word_1_555' title='bbox 1156 4715 1308 4778; x_wconf 90' lang='lat' dir='ltr'><strong>omnibus</strong></span> <span class='ocrx_word' id='word_1_556' title='bbox 1322 4715 1424 4776; x_wconf 82' lang='lat' dir='ltr'><strong>Beate</strong></span> <span class='ocrx_word' id='word_1_557' title='bbox 1439 4713 1547 4775; x_wconf 84' lang='lat' dir='ltr'><strong>bieria</strong></span> <span class='ocrx_word' id='word_1_558' title='bbox 1566 4713 1737 4789; x_wconf 85' lang='lat' dir='ltr'><strong>sategebat</strong></span> 
     </span>
     <span class='ocr_line' id='line_1_47' title="bbox 78 4810 1734 4895; baseline -0.005 -14"><span class='ocrx_word' id='word_1_559' title='bbox 78 4818 281 4881; x_wconf 81' lang='lat' dir='ltr'><strong>i&#39;oeeundam.</strong></span> <span class='ocrx_word' id='word_1_560' title='bbox 306 4817 367 4879; x_wconf 88' lang='lat' dir='ltr'><strong>ille</strong></span> <span class='ocrx_word' id='word_1_561' title='bbox 386 4834 530 4895; x_wconf 89' lang='lat' dir='ltr'><strong>namque</strong></span> <span class='ocrx_word' id='word_1_562' title='bbox 546 4818 628 4879; x_wconf 93' lang='lat' dir='ltr'><strong>dues</strong></span> <span class='ocrx_word' id='word_1_563' title='bbox 647 4820 775 4881; x_wconf 89' lang='lat' dir='ltr'><strong>tantum</strong></span> <span class='ocrx_word' id='word_1_564' title='bbox 795 4820 881 4881; x_wconf 83' lang='lat' dir='ltr'><strong>filies</strong></span> <span class='ocrx_word' id='word_1_565' title='bbox 936 4817 1024 4877; x_wconf 79' lang='lat' dir='ltr'><strong>cirne</strong></span> <span class='ocrx_word' id='word_1_566' title='bbox 1064 4815 1218 4893; x_wconf 84' lang='lat' dir='ltr'><strong>frequens</strong></span> <span class='ocrx_word' id='word_1_567' title='bbox 1251 4810 1490 4881; x_wconf 88' lang='lat' dir='ltr'><strong>ministerium,</strong></span> <span class='ocrx_word' id='word_1_568' title='bbox 1523 4810 1556 4871; x_wconf 91' lang='lat' dir='ltr'><strong>et</strong></span> <span class='ocrx_word' id='word_1_569' title='bbox 1593 4811 1734 4872; x_wconf 84' lang='lat' dir='ltr'><strong>biartlrae</strong></span> 
     </span>
     <span class='ocr_line' id='line_1_48' title="bbox 77 4911 1306 4995; baseline -0.007 -17"><span class='ocrx_word' id='word_1_570' title='bbox 77 4917 267 4995; x_wconf 88' lang='lat' dir='ltr'><strong>generavit,</strong></span> <span class='ocrx_word' id='word_1_571' title='bbox 287 4916 410 4994; x_wconf 80' lang='lat' dir='ltr'><strong>loseph</strong></span> <span class='ocrx_word' id='word_1_572' title='bbox 431 4918 463 4977; x_wconf 90' lang='lat' dir='ltr'><strong>et</strong></span> <span class='ocrx_word' id='word_1_573' title='bbox 485 4917 671 4993; x_wconf 79' lang='lat' dir='ltr'><strong>benjamin,</strong></span> <span class='ocrx_word' id='word_1_574' title='bbox 689 4918 775 4993; x_wconf 92' lang='lat' dir='ltr'><strong>qnod</strong></span> <span class='ocrx_word' id='word_1_575' title='bbox 798 4934 881 4977; x_wconf 89' lang='lat' dir='ltr'><strong>cen·</strong></span> <span class='ocrx_word' id='word_1_576' title='bbox 936 4913 1137 4991; x_wconf 86' lang='lat' dir='ltr'><strong>adimplebat</strong></span> <span class='ocrx_word' id='word_1_577' title='bbox 1149 4911 1306 4974; x_wconf 87' lang='lat' dir='ltr'><strong>cilicium.</strong></span> 
     </span>
     <span class='ocr_line' id='line_1_49' title="bbox 80 5004 1739 5093; baseline -0.005 -15"><span class='ocrx_word' id='word_1_578' title='bbox 80 5015 275 5093; x_wconf 89' lang='lat' dir='ltr'><strong>templativa</strong></span> <span class='ocrx_word' id='word_1_579' title='bbox 284 5004 354 5075; x_wconf 78' lang='lat' dir='ltr'><strong>v&#39;ita</strong></span> <span class='ocrx_word' id='word_1_580' title='bbox 366 5014 431 5076; x_wconf 89' lang='lat' dir='ltr'><strong>duo</strong></span> <span class='ocrx_word' id='word_1_581' title='bbox 442 5014 661 5091; x_wconf 90' lang='lat' dir='ltr'><strong>spiritualiter</strong></span> <span class='ocrx_word' id='word_1_582' title='bbox 669 5015 755 5091; x_wconf 84' lang='lat' dir='ltr'><strong>gerit</strong></span> <span class='ocrx_word' id='word_1_583' title='bbox 766 5031 879 5092; x_wconf 89' lang='lat' dir='ltr'><strong>opera.</strong></span> <span class='ocrx_word' id='word_1_584' title='bbox 979 5015 1060 5079; x_wconf 82' lang='lat' dir='ltr'><strong>(tuae</strong></span> <span class='ocrx_word' id='word_1_585' title='bbox 1081 5009 1188 5081; x_wconf 87' lang='lat' dir='ltr'><strong>stetit,</strong></span> <span class='ocrx_word' id='word_1_586' title='bbox 1212 5008 1246 5071; x_wconf 87' lang='lat' dir='ltr'><strong>et</strong></span> <span class='ocrx_word' id='word_1_587' title='bbox 1264 5007 1315 5068; x_wconf 86' lang='lat' dir='ltr'><strong>eit</strong></span> <span class='ocrx_word' id='word_1_588' title='bbox 1337 5008 1526 5078; x_wconf 85' lang='lat' dir='ltr'><strong>:Deeeinc,</strong></span> <span class='ocrx_word' id='word_1_589' title='bbox 1540 5020 1610 5069; x_wconf 75' lang='lat' dir='ltr'><strong>eree</strong></span> <span class='ocrx_word' id='word_1_590' title='bbox 1628 5009 1680 5070; x_wconf 86' lang='lat' dir='ltr'><strong>est</strong></span> <span class='ocrx_word' id='word_1_591' title='bbox 1693 5009 1739 5069; x_wconf 87' lang='lat' dir='ltr'><strong>it-</strong></span> 
     </span>
     <span class='ocr_line' id='line_1_50' title="bbox 77 5104 1739 5189; baseline -0.005 -14"><span class='ocrx_word' id='word_1_592' title='bbox 77 5113 268 5175; x_wconf 89' lang='lat' dir='ltr'><strong>eratienem</strong></span> <span class='ocrx_word' id='word_1_593' title='bbox 289 5111 454 5183; x_wconf 91' lang='lat' dir='ltr'><strong>videlicet,</strong></span> <span class='ocrx_word' id='word_1_594' title='bbox 478 5112 510 5173; x_wconf 91' lang='lat' dir='ltr'><strong>et</strong></span> <span class='ocrx_word' id='word_1_595' title='bbox 525 5112 703 5189; x_wconf 80' lang='lat' dir='ltr'><strong>jejunium.</strong></span> <span class='ocrx_word' id='word_1_596' title='bbox 721 5114 787 5173; x_wconf 89' lang='lat' dir='ltr'><strong>lsta</strong></span> <span class='ocrx_word' id='word_1_597' title='bbox 802 5128 882 5175; x_wconf 88' lang='lat' dir='ltr'><strong>vere</strong></span> <span class='ocrx_word' id='word_1_598' title='bbox 937 5114 968 5172; x_wconf 84' lang='lat' dir='ltr'><strong>bi</strong></span> <span class='ocrx_word' id='word_1_599' title='bbox 980 5124 1085 5181; x_wconf 74' lang='lat' dir='ltr'><strong>coerce,</strong></span> <span class='ocrx_word' id='word_1_600' title='bbox 1097 5109 1185 5183; x_wconf 84' lang='lat' dir='ltr'><strong>qued</strong></span> <span class='ocrx_word' id='word_1_601' title='bbox 1201 5118 1393 5178; x_wconf 82' lang='lat' dir='ltr'><strong>serereaee</strong></span> <span class='ocrx_word' id='word_1_602' title='bbox 1411 5104 1550 5178; x_wconf 81' lang='lat' dir='ltr'><strong>reliquit</strong></span> <span class='ocrx_word' id='word_1_603' title='bbox 1567 5110 1739 5167; x_wconf 74' lang='lat' dir='ltr'><strong>narsetem</strong></span> 
     </span>
     <span class='ocr_line' id='line_1_51' title="bbox 77 5200 1739 5287; baseline -0.005 -14"><span class='ocrx_word' id='word_1_604' title='bbox 77 5227 143 5273; x_wconf 87' lang='lat' dir='ltr'><strong>sex</strong></span> <span class='ocrx_word' id='word_1_605' title='bbox 170 5210 258 5271; x_wconf 85' lang='lat' dir='ltr'><strong>illies</strong></span> <span class='ocrx_word' id='word_1_606' title='bbox 281 5211 397 5285; x_wconf 83' lang='lat' dir='ltr'><strong>genuit</strong></span> <span class='ocrx_word' id='word_1_607' title='bbox 418 5211 568 5271; x_wconf 84' lang='lat' dir='ltr'><strong>etonem</strong></span> <span class='ocrx_word' id='word_1_608' title='bbox 596 5210 699 5271; x_wconf 90' lang='lat' dir='ltr'><strong>tiliam</strong></span> <span class='ocrx_word' id='word_1_609' title='bbox 725 5211 882 5287; x_wconf 87' lang='lat' dir='ltr'><strong>queniam</strong></span> <span class='ocrx_word' id='word_1_610' title='bbox 936 5207 1141 5270; x_wconf 79' lang='lat' dir='ltr'><strong>eieiretstrare</strong></span> <span class='ocrx_word' id='word_1_611' title='bbox 1155 5204 1248 5283; x_wconf 87' lang='lat' dir='ltr'><strong>(Luc.</strong></span> <span class='ocrx_word' id='word_1_612' title='bbox 1265 5220 1298 5274; x_wconf 82' lang='lat' dir='ltr'><strong>x,</strong></span> <span class='ocrx_word' id='word_1_613' title='bbox 1316 5200 1381 5282; x_wconf 76' lang='grc'>40).</span> <span class='ocrx_word' id='word_1_614' title='bbox 1396 5204 1466 5263; x_wconf 83' lang='grc' dir='ltr'><strong>Ηοο</strong></span> <span class='ocrx_word' id='word_1_615' title='bbox 1481 5201 1647 5264; x_wconf 90' lang='lat' dir='ltr'><strong>dieiturin</strong></span> <span class='ocrx_word' id='word_1_616' title='bbox 1660 5219 1739 5281; x_wconf 91' lang='lat' dir='ltr'><strong>per-</strong></span> 
     </span>
     <span class='ocr_line' id='line_1_52' title="bbox 77 5299 1738 5384; baseline -0.007 -12"><span class='ocrx_word' id='word_1_617' title='bbox 77 5309 193 5372; x_wconf 88' lang='lat' dir='ltr'><strong>activa</strong></span> <span class='ocrx_word' id='word_1_618' title='bbox 213 5307 283 5368; x_wconf 84' lang='lat' dir='ltr'><strong>vita</strong></span> <span class='ocrx_word' id='word_1_619' title='bbox 297 5309 431 5371; x_wconf 86' lang='lat' dir='ltr'><strong>exercet</strong></span> <span class='ocrx_word' id='word_1_620' title='bbox 444 5324 504 5369; x_wconf 82' lang='lat' dir='ltr'><strong>sex</strong></span> <span class='ocrx_word' id='word_1_621' title='bbox 517 5322 619 5384; x_wconf 87' lang='lat' dir='ltr'><strong>opera</strong></span> <span class='ocrx_word' id='word_1_622' title='bbox 644 5308 881 5371; x_wconf 88' lang='lat' dir='ltr'><strong>misericordiae</strong></span> <span class='ocrx_word' id='word_1_623' title='bbox 937 5321 1019 5367; x_wconf 87' lang='lat' dir='ltr'><strong>sona</strong></span> <span class='ocrx_word' id='word_1_624' title='bbox 1038 5305 1172 5366; x_wconf 92' lang='lat' dir='ltr'><strong>illerum</strong></span> <span class='ocrx_word' id='word_1_625' title='bbox 1188 5302 1243 5381; x_wconf 90' lang='lat' dir='ltr'><strong>qui</strong></span> <span class='ocrx_word' id='word_1_626' title='bbox 1260 5302 1375 5380; x_wconf 91' lang='lat' dir='ltr'><strong>putant</strong></span> <span class='ocrx_word' id='word_1_627' title='bbox 1390 5299 1508 5361; x_wconf 91' lang='lat' dir='ltr'><strong>melius</strong></span> <span class='ocrx_word' id='word_1_628' title='bbox 1523 5315 1596 5361; x_wconf 91' lang='lat' dir='ltr'><strong>esse</strong></span> <span class='ocrx_word' id='word_1_629' title='bbox 1610 5300 1738 5363; x_wconf 89' lang='lat' dir='ltr'><strong>servire</strong></span> 
     </span>
     <span class='ocr_line' id='line_1_53' title="bbox 78 5397 1738 5487; baseline -0.006 -20"><span class='ocrx_word' id='word_1_630' title='bbox 78 5424 156 5487; x_wconf 83' lang='lat' dir='ltr'><strong>qnae</strong></span> <span class='ocrx_word' id='word_1_631' title='bbox 182 5405 339 5481; x_wconf 80' lang='lat' dir='ltr'><strong>leguntur</strong></span> <span class='ocrx_word' id='word_1_632' title='bbox 365 5405 401 5466; x_wconf 89' lang='lat' dir='ltr'><strong>in</strong></span> <span class='ocrx_word' id='word_1_633' title='bbox 424 5406 615 5483; x_wconf 83' lang='lat' dir='ltr'><strong>Evangelio,</strong></span> <span class='ocrx_word' id='word_1_634' title='bbox 645 5405 678 5467; x_wconf 88' lang='lat' dir='ltr'><strong>et</strong></span> <span class='ocrx_word' id='word_1_635' title='bbox 705 5408 881 5483; x_wconf 87' lang='lat' dir='ltr'><strong>septimum</strong></span> <span class='ocrx_word' id='word_1_636' title='bbox 938 5405 1059 5464; x_wconf 85' lang='lat' dir='ltr'><strong>invita</strong></span> <span class='ocrx_word' id='word_1_637' title='bbox 1081 5400 1190 5462; x_wconf 88' lang='lat' dir='ltr'><strong>activa</strong></span> <span class='ocrx_word' id='word_1_638' title='bbox 1215 5415 1314 5478; x_wconf 87' lang='lat' dir='ltr'><strong>quam</strong></span> <span class='ocrx_word' id='word_1_639' title='bbox 1334 5400 1369 5459; x_wconf 91' lang='lat' dir='ltr'><strong>in</strong></span> <span class='ocrx_word' id='word_1_640' title='bbox 1384 5397 1650 5475; x_wconf 90' lang='lat' dir='ltr'><strong>contemplativa,</strong></span> <span class='ocrx_word' id='word_1_641' title='bbox 1666 5414 1738 5458; x_wconf 91' lang='lat' dir='ltr'><strong>me-</strong></span> 
     </span>
     <span class='ocr_line' id='line_1_54' title="bbox 79 5495 1737 5584; baseline -0.006 -17"><span class='ocrx_word' id='word_1_642' title='bbox 79 5504 168 5584; x_wconf 90' lang='lat' dir='ltr'><strong>quod</strong></span> <span class='ocrx_word' id='word_1_643' title='bbox 197 5503 320 5579; x_wconf 89' lang='lat' dir='ltr'><strong>legitur</strong></span> <span class='ocrx_word' id='word_1_644' title='bbox 347 5502 382 5562; x_wconf 91' lang='lat' dir='ltr'><strong>in</strong></span> <span class='ocrx_word' id='word_1_645' title='bbox 407 5503 519 5575; x_wconf 85' lang='lat' dir='ltr'><strong>Tobia,</strong></span> <span class='ocrx_word' id='word_1_646' title='bbox 546 5504 711 5576; x_wconf 90' lang='lat' dir='ltr'><strong>videlicet,</strong></span> <span class='ocrx_word' id='word_1_647' title='bbox 739 5506 882 5582; x_wconf 88' lang='lat' dir='ltr'><strong>sepelire</strong></span> <span class='ocrx_word' id='word_1_648' title='bbox 937 5503 1001 5563; x_wconf 89' lang='lat' dir='ltr'><strong>lius</strong></span> <span class='ocrx_word' id='word_1_649' title='bbox 1021 5501 1092 5562; x_wconf 88' lang='lat' dir='ltr'><strong>sere</strong></span> <span class='ocrx_word' id='word_1_650' title='bbox 1115 5514 1278 5575; x_wconf 89' lang='lat' dir='ltr'><strong>pauperes</strong></span> <span class='ocrx_word' id='word_1_651' title='bbox 1293 5512 1458 5567; x_wconf 89' lang='lat' dir='ltr'><strong>recreare,</strong></span> <span class='ocrx_word' id='word_1_652' title='bbox 1480 5512 1577 5573; x_wconf 90' lang='lat' dir='ltr'><strong>qnam</strong></span> <span class='ocrx_word' id='word_1_653' title='bbox 1593 5495 1737 5558; x_wconf 90' lang='lat' dir='ltr'><strong>orationi</strong></span> 
     </span>
     <span class='ocr_line' id='line_1_55' title="bbox 81 5593 1736 5677; baseline -0.007 -12"><span class='ocrx_word' id='word_1_654' title='bbox 81 5604 262 5673; x_wconf 86' lang='lat' dir='ltr'><strong>mertuum,</strong></span> <span class='ocrx_word' id='word_1_655' title='bbox 277 5598 362 5677; x_wconf 89' lang='lat' dir='ltr'><strong>qnod</strong></span> <span class='ocrx_word' id='word_1_656' title='bbox 376 5599 463 5663; x_wconf 89' lang='lat' dir='ltr'><strong>bene</strong></span> <span class='ocrx_word' id='word_1_657' title='bbox 476 5598 630 5664; x_wconf 74' lang='lat' dir='ltr'><strong>tremisce</strong></span> <span class='ocrx_word' id='word_1_658' title='bbox 646 5601 780 5665; x_wconf 91' lang='lat' dir='ltr'><strong>nomine</strong></span> <span class='ocrx_word' id='word_1_659' title='bbox 792 5603 882 5667; x_wconf 90' lang='lat' dir='ltr'><strong>desi·</strong></span> <span class='ocrx_word' id='word_1_660' title='bbox 937 5614 1067 5663; x_wconf 86' lang='lat' dir='ltr'><strong>vacere.</strong></span> <span class='ocrx_word' id='word_1_661' title='bbox 1086 5596 1149 5659; x_wconf 88' lang='lat' dir='ltr'><strong>Sed</strong></span> <span class='ocrx_word' id='word_1_662' title='bbox 1176 5594 1306 5657; x_wconf 85' lang='lat' dir='ltr'><strong>Martha</strong></span> <span class='ocrx_word' id='word_1_663' title='bbox 1330 5595 1393 5654; x_wconf 91' lang='lat' dir='ltr'><strong>bec</strong></span> <span class='ocrx_word' id='word_1_664' title='bbox 1417 5610 1483 5655; x_wconf 93' lang='lat' dir='ltr'><strong>non</strong></span> <span class='ocrx_word' id='word_1_665' title='bbox 1503 5593 1632 5654; x_wconf 86' lang='lat' dir='ltr'><strong>dicebat</strong></span> <span class='ocrx_word' id='word_1_666' title='bbox 1646 5594 1736 5653; x_wconf 85' lang='lat' dir='ltr'><strong>tarn-</strong></span> 
     </span>
    </p>
   </div>
   <div class='ocr_carea' id='block_1_6' title="bbox 227 5750 1592 5818">
    <p class='ocr_par' dir='ltr' id='par_1_7' title="bbox 227 5750 1592 5818">
     <span class='ocr_line' id='line_1_56' title="bbox 227 5750 1592 5818; baseline -0.012 0"><span class='ocrx_word' id='word_1_667' title='bbox 227 5774 342 5818; x_wconf 81' lang='grc' dir='ltr'>νιτιιιι..</span> <span class='ocrx_word' id='word_1_668' title='bbox 362 5772 438 5817; x_wconf 76' lang='lat' dir='ltr'><strong>retis</strong></span> <span class='ocrx_word' id='word_1_669' title='bbox 456 5760 493 5817; x_wconf 89' lang='lat' dir='ltr'><strong>n.</strong></span> <span class='ocrx_word' id='word_1_670' title='bbox 1539 5750 1592 5803; x_wconf 74' lang='lat' dir='ltr'><strong>tr.</strong></span> 
     </span>
    </p>
   </div>
   <div class='ocr_carea' id='block_1_7' title="bbox 0 0 1906 6164">
    <p class='ocr_par' dir='ltr' id='par_1_8' title="bbox 0 0 1906 6164">
     <span class='ocr_line' id='line_1_57' title="bbox 0 0 1906 6164; baseline 0 0"><span class='ocrx_word' id='word_1_671' title='bbox 0 0 1906 6164; x_wconf 95' lang='lat' dir='ltr'><strong> </strong></span> 
     </span>
    </p>
   </div>
  </div>
 </body>
</html>
