<?xml version="1.0" encoding="UTF-8"?>
<!DOCTYPE html PUBLIC "-//W3C//DTD XHTML 1.0 Transitional//EN"
    "http://www.w3.org/TR/xhtml1/DTD/xhtml1-transitional.dtd">
<html xmlns="http://www.w3.org/1999/xhtml" xml:lang="en" lang="en">
 <head>
  <title>
</title>
<meta http-equiv="Content-Type" content="text/html;charset=utf-8" />
  <meta name='ocr-system' content='tesseract 3.04.00' />
  <meta name='ocr-capabilities' content='ocr_page ocr_carea ocr_par ocr_line ocrx_word'/>
</head>
<body>
  <div class='ocr_page' id='page_1' title='image "./mediiaevibiblio02horogoog_0602.png"; bbox 0 0 3794 6166; ppageno 0'>
   <div class='ocr_carea' id='block_1_1' title="bbox 46 285 1764 391">
    <p class='ocr_par' dir='ltr' id='par_1_1' title="bbox 46 285 1764 391">
     <span class='ocr_line' id='line_1_1' title="bbox 46 285 1764 391; baseline 0.015 -50"><span class='ocrx_word' id='word_1_1' title='bbox 46 369 52 381; x_wconf 84' lang='lat'>.</span> <span class='ocrx_word' id='word_1_2' title='bbox 129 285 187 343; x_wconf 76' lang='lat'>727</span> <span class='ocrx_word' id='word_1_3' title='bbox 747 293 922 356; x_wconf 73' lang='lat' dir='ltr'>non&#39;onu</span> <span class='ocrx_word' id='word_1_4' title='bbox 945 293 990 353; x_wconf 89' lang='lat'>111</span> <span class='ocrx_word' id='word_1_5' title='bbox 1002 294 1161 391; x_wconf 17' lang='lat' dir='ltr'>lorum.</span> <span class='ocrx_word' id='word_1_6' title='bbox 1718 308 1764 367; x_wconf 71' lang='lat' dir='ltr'>baa</span> 
     </span>
    </p>
   </div>
   <div class='ocr_carea' id='block_1_2' title="bbox 61 443 1764 1516">
    <p class='ocr_par' dir='ltr' id='par_1_2' title="bbox 128 443 1456 557">
     <span class='ocr_line' id='line_1_2' title="bbox 128 443 1456 557; baseline 0.012 -54"><span class='ocrx_word' id='word_1_7' title='bbox 128 443 252 520; x_wconf 88' lang='lat' dir='ltr'>scripta</span> <span class='ocrx_word' id='word_1_8' title='bbox 268 447 473 520; x_wconf 88' lang='lat' dir='ltr'>mandamus,</span> <span class='ocrx_word' id='word_1_9' title='bbox 490 449 662 526; x_wconf 90' lang='lat' dir='ltr'>quatenus,</span> <span class='ocrx_word' id='word_1_10' title='bbox 680 453 710 513; x_wconf 93' lang='lat' dir='ltr'>si</span> <span class='ocrx_word' id='word_1_11' title='bbox 724 453 921 515; x_wconf 80' lang='lat' dir='ltr'>sententiam</span> <span class='ocrx_word' id='word_1_12' title='bbox 1301 467 1456 557; x_wconf 68' lang='lat' dir='ltr'>CCXXI</span> 
     </span>
    </p>

    <p class='ocr_par' dir='ltr' id='par_1_3' title="bbox 75 541 921 628">
     <span class='ocr_line' id='line_1_3' title="bbox 75 541 921 628; baseline 0.015 -28"><span class='ocrx_word' id='word_1_13' title='bbox 75 596 78 609; x_wconf 79' lang='grc'>,</span> <span class='ocrx_word' id='word_1_14' title='bbox 127 541 235 618; x_wconf 84' lang='lat' dir='ltr'>ipsam</span> <span class='ocrx_word' id='word_1_15' title='bbox 250 546 323 620; x_wconf 92' lang='lat' dir='ltr'>post</span> <span class='ocrx_word' id='word_1_16' title='bbox 337 546 591 622; x_wconf 81' lang='lat' dir='ltr'>appellationem</span> <span class='ocrx_word' id='word_1_17' title='bbox 614 549 804 628; x_wconf 89' lang='lat' dir='ltr'>hujusmodi</span> <span class='ocrx_word' id='word_1_18' title='bbox 821 552 921 612; x_wconf 86' lang='lat' dir='ltr'>iuve-</span> 
     </span>
    </p>

    <p class='ocr_par' dir='ltr' id='par_1_4' title="bbox 128 640 921 725">
     <span class='ocr_line' id='line_1_4' title="bbox 128 640 921 725; baseline 0.013 -27"><span class='ocrx_word' id='word_1_19' title='bbox 128 640 246 700; x_wconf 92' lang='lat' dir='ltr'>neritis</span> <span class='ocrx_word' id='word_1_20' title='bbox 262 657 335 702; x_wconf 90' lang='lat' dir='ltr'>esse</span> <span class='ocrx_word' id='word_1_21' title='bbox 350 642 462 716; x_wconf 89' lang='lat' dir='ltr'>latam,</span> <span class='ocrx_word' id='word_1_22' title='bbox 482 644 716 709; x_wconf 85' lang='lat' dir='ltr'>denuntiantes</span> <span class='ocrx_word' id='word_1_23' title='bbox 738 664 810 710; x_wconf 93' lang='lat' dir='ltr'>eam</span> <span class='ocrx_word' id='word_1_24' title='bbox 826 648 921 725; x_wconf 91' lang='lat' dir='ltr'>peni·</span> 
     </span>
    </p>

    <p class='ocr_par' dir='ltr' id='par_1_5' title="bbox 126 739 922 821">
     <span class='ocr_line' id='line_1_5' title="bbox 126 739 922 821; baseline 0.013 -25"><span class='ocrx_word' id='word_1_25' title='bbox 126 739 180 797; x_wconf 87' lang='lat' dir='ltr'>tus</span> <span class='ocrx_word' id='word_1_26' title='bbox 195 753 268 798; x_wconf 89' lang='lat' dir='ltr'>esse</span> <span class='ocrx_word' id='word_1_27' title='bbox 283 740 420 812; x_wconf 92' lang='lat' dir='ltr'>nullam,</span> <span class='ocrx_word' id='word_1_28' title='bbox 436 743 564 805; x_wconf 83' lang='lat' dir='ltr'>vocatis</span> <span class='ocrx_word' id='word_1_29' title='bbox 577 745 633 821; x_wconf 88' lang='lat' dir='ltr'>qui</span> <span class='ocrx_word' id='word_1_30' title='bbox 649 745 772 808; x_wconf 83' lang='lat' dir='ltr'>luerint</span> <span class='ocrx_word' id='word_1_31' title='bbox 784 762 922 807; x_wconf 90' lang='lat' dir='ltr'>evocan-</span> 
     </span>
    </p>

    <p class='ocr_par' dir='ltr' id='par_1_6' title="bbox 127 827 1480 919">
     <span class='ocr_line' id='line_1_6' title="bbox 127 827 1480 919; baseline 0.013 -25"><span class='ocrx_word' id='word_1_32' title='bbox 127 833 172 904; x_wconf 92' lang='lat' dir='ltr'>di,</span> <span class='ocrx_word' id='word_1_33' title='bbox 208 836 350 898; x_wconf 92' lang='lat' dir='ltr'>audiatis</span> <span class='ocrx_word' id='word_1_34' title='bbox 377 855 523 912; x_wconf 88' lang='lat' dir='ltr'>causam,</span> <span class='ocrx_word' id='word_1_35' title='bbox 553 844 586 903; x_wconf 90' lang='lat' dir='ltr'>et</span> <span class='ocrx_word' id='word_1_36' title='bbox 609 843 694 919; x_wconf 90' lang='lat' dir='ltr'>quod</span> <span class='ocrx_word' id='word_1_37' title='bbox 724 844 921 905; x_wconf 88' lang='lat' dir='ltr'>canonicum</span> <span class='ocrx_word' id='word_1_38' title='bbox 1273 827 1378 887; x_wconf 62' lang='lat' dir='ltr'>5m⁸¹i</span> <span class='ocrx_word' id='word_1_39' title='bbox 1398 831 1480 889; x_wconf 75' lang='lat'><strong>¹²¹⁸·</strong></span> 
     </span>
    </p>

    <p class='ocr_par' dir='ltr' id='par_1_7' title="bbox 125 929 1693 1016">
     <span class='ocr_line' id='line_1_7' title="bbox 125 929 1693 1016; baseline 0.014 -26"><span class='ocrx_word' id='word_1_40' title='bbox 125 930 227 994; x_wconf 84' lang='lat' dir='ltr'>tuerit</span> <span class='ocrx_word' id='word_1_41' title='bbox 241 935 463 1011; x_wconf 85' lang='lat' dir='ltr'>appellatione</span> <span class='ocrx_word' id='word_1_42' title='bbox 473 940 653 1016; x_wconf 87' lang='lat' dir='ltr'>postposita</span> <span class='ocrx_word' id='word_1_43' title='bbox 671 942 835 1003; x_wconf 89' lang='lat' dir='ltr'>statuatis.</span> <span class='ocrx_word' id='word_1_44' title='bbox 852 944 919 1002; x_wconf 81' lang='lat' dir='ltr'>Fa·</span> <span class='ocrx_word' id='word_1_45' title='bbox 1061 929 1193 995; x_wconf 55' lang='lat' dir='ltr'>[mim</span> <span class='ocrx_word' id='word_1_46' title='bbox 1205 934 1372 985; x_wconf 57' lang='grc' dir='ltr'>ΗΜΘΝ*</span> <span class='ocrx_word' id='word_1_47' title='bbox 1383 935 1512 996; x_wconf 55' lang='grc' dir='ltr'>Ρθῑθῑῑῡ·</span> <span class='ocrx_word' id='word_1_48' title='bbox 1528 938 1550 996; x_wconf 73' lang='grc' dir='ltr'>Ῑ»</span> <span class='ocrx_word' id='word_1_49' title='bbox 1562 937 1588 994; x_wconf 69' lang='lat'>⁸·</span> <span class='ocrx_word' id='word_1_50' title='bbox 1601 953 1627 989; x_wconf 53' lang='grc' dir='ltr'><strong>ι</strong></span> <span class='ocrx_word' id='word_1_51' title='bbox 1642 939 1693 1005; x_wconf 58' lang='lat'>¹⁰]</span> 
     </span>
    </p>

    <p class='ocr_par' dir='ltr' id='par_1_8' title="bbox 126 1030 1744 1114">
     <span class='ocr_line' id='line_1_8' title="bbox 126 1030 1744 1114; baseline 0.009 -25"><span class='ocrx_word' id='word_1_52' title='bbox 126 1030 263 1103; x_wconf 90' lang='lat' dir='ltr'>cientes,</span> <span class='ocrx_word' id='word_1_53' title='bbox 275 1035 349 1105; x_wconf 83' lang='lat' dir='ltr'>etc,</span> <span class='ocrx_word' id='word_1_54' title='bbox 359 1035 472 1106; x_wconf 87' lang='lat' dir='ltr'>testes,</span> <span class='ocrx_word' id='word_1_55' title='bbox 487 1039 561 1108; x_wconf 81' lang='lat' dir='ltr'>etc,</span> <span class='ocrx_word' id='word_1_56' title='bbox 574 1038 699 1114; x_wconf 84' lang='lat' dir='ltr'>quodsi</span> <span class='ocrx_word' id='word_1_57' title='bbox 716 1055 781 1100; x_wconf 92' lang='lat' dir='ltr'>non</span> <span class='ocrx_word' id='word_1_58' title='bbox 793 1053 918 1111; x_wconf 89' lang='lat' dir='ltr'>omnes,</span> <span class='ocrx_word' id='word_1_59' title='bbox 1000 1038 1036 1095; x_wconf 88' lang='lat' dir='ltr'>Ut</span> <span class='ocrx_word' id='word_1_60' title='bbox 1051 1039 1183 1096; x_wconf 85' lang='lat' dir='ltr'>Protenis</span> <span class='ocrx_word' id='word_1_61' title='bbox 1193 1047 1324 1097; x_wconf 77' lang='lat' dir='ltr'>recenter</span> <span class='ocrx_word' id='word_1_62' title='bbox 1338 1040 1376 1098; x_wconf 91' lang='lat' dir='ltr'>ad</span> <span class='ocrx_word' id='word_1_63' title='bbox 1390 1041 1478 1100; x_wconf 86' lang='lat' dir='ltr'>tidem</span> <span class='ocrx_word' id='word_1_64' title='bbox 1492 1045 1644 1102; x_wconf 73' lang='lat' dir='ltr'>conrade</span> <span class='ocrx_word' id='word_1_65' title='bbox 1657 1053 1744 1104; x_wconf 85' lang='lat' dir='ltr'>contra</span> 
     </span>
    </p>

    <p class='ocr_par' dir='ltr' id='par_1_9' title="bbox 61 1127 1581 1212">
     <span class='ocr_line' id='line_1_9' title="bbox 61 1127 1581 1212; baseline 0.013 -27"><span class='ocrx_word' id='word_1_66' title='bbox 61 1142 72 1165; x_wconf 53' lang='grc' dir='ltr'><em>ν</em></span> <span class='ocrx_word' id='word_1_67' title='bbox 125 1130 188 1188; x_wconf 86' lang='lat' dir='ltr'>etc.</span> <span class='ocrx_word' id='word_1_68' title='bbox 216 1131 335 1191; x_wconf 88' lang='lat' dir='ltr'>Datum</span> <span class='ocrx_word' id='word_1_69' title='bbox 362 1135 474 1194; x_wconf 86' lang='lat' dir='ltr'>Romae</span> <span class='ocrx_word' id='word_1_70' title='bbox 498 1135 585 1212; x_wconf 90' lang='lat' dir='ltr'>apud</span> <span class='ocrx_word' id='word_1_71' title='bbox 609 1139 641 1197; x_wconf 89' lang='lat' dir='ltr'>S.</span> <span class='ocrx_word' id='word_1_72' title='bbox 665 1137 799 1198; x_wconf 91' lang='lat' dir='ltr'>Petrum</span> <span class='ocrx_word' id='word_1_73' title='bbox 822 1136 920 1198; x_wconf 90' lang='lat' dir='ltr'>tertio</span> <span class='ocrx_word' id='word_1_74' title='bbox 1169 1127 1307 1188; x_wconf 65' lang='lat' dir='ltr'>bflfbflfflss</span> <span class='ocrx_word' id='word_1_75' title='bbox 1321 1131 1581 1192; x_wconf 63' lang='lat' dir='ltr'>flufflissmsmsst</span> 
     </span>
    </p>

    <p class='ocr_par' dir='ltr' id='par_1_10' title="bbox 125 1229 1761 1316">
     <span class='ocr_line' id='line_1_10' title="bbox 125 1229 1761 1316; baseline 0.013 -32"><span class='ocrx_word' id='word_1_76' title='bbox 125 1239 231 1287; x_wconf 90' lang='lat' dir='ltr'>nonas</span> <span class='ocrx_word' id='word_1_77' title='bbox 246 1229 337 1301; x_wconf 90' lang='lat' dir='ltr'>maii,</span> <span class='ocrx_word' id='word_1_78' title='bbox 354 1245 442 1292; x_wconf 91' lang='lat' dir='ltr'>anno</span> <span class='ocrx_word' id='word_1_79' title='bbox 455 1232 611 1294; x_wconf 91' lang='lat' dir='ltr'>secundo.</span> <span class='ocrx_word' id='word_1_80' title='bbox 1014 1235 1181 1297; x_wconf 88' lang='lat' dir='ltr'>Honorius</span> <span class='ocrx_word' id='word_1_81' title='bbox 1196 1237 1506 1316; x_wconf 81' lang='lat' dir='ltr'>episcopusservus</span> <span class='ocrx_word' id='word_1_82' title='bbox 1521 1258 1697 1304; x_wconf 87' lang='lat' dir='ltr'>servorum</span> <span class='ocrx_word' id='word_1_83' title='bbox 1706 1245 1761 1315; x_wconf 86' lang='lat' dir='ltr'>bei,</span> 
     </span>
    </p>

    <p class='ocr_par' dir='ltr' id='par_1_11' title="bbox 975 1332 1764 1417">
     <span class='ocr_line' id='line_1_11' title="bbox 975 1332 1764 1417; baseline 0.015 -26"><span class='ocrx_word' id='word_1_84' title='bbox 975 1332 1143 1394; x_wconf 90' lang='lat' dir='ltr'>universis</span> <span class='ocrx_word' id='word_1_85' title='bbox 1162 1334 1286 1397; x_wconf 83' lang='lat' dir='ltr'>Christi</span> <span class='ocrx_word' id='word_1_86' title='bbox 1301 1337 1453 1399; x_wconf 77' lang='lat' dir='ltr'>fidelibus</span> <span class='ocrx_word' id='word_1_87' title='bbox 1478 1355 1540 1417; x_wconf 91' lang='lat' dir='ltr'>per</span> <span class='ocrx_word' id='word_1_88' title='bbox 1559 1340 1728 1402; x_wconf 88' lang='lat' dir='ltr'>Poloniam</span> <span class='ocrx_word' id='word_1_89' title='bbox 1738 1346 1764 1403; x_wconf 90' lang='lat' dir='ltr'>et</span> 
     </span>
    </p>

    <p class='ocr_par' dir='ltr' id='par_1_12' title="bbox 458 1420 1764 1516">
     <span class='ocr_line' id='line_1_12' title="bbox 458 1420 1764 1516; baseline 0.015 -35"><span class='ocrx_word' id='word_1_90' title='bbox 458 1420 587 1507; x_wconf 74' lang='lat' dir='ltr'>CCXX</span> <span class='ocrx_word' id='word_1_91' title='bbox 975 1433 1008 1490; x_wconf 91' lang='lat' dir='ltr'>et</span> <span class='ocrx_word' id='word_1_92' title='bbox 1021 1433 1254 1494; x_wconf 73' lang='lat' dir='ltr'>pomeraniam</span> <span class='ocrx_word' id='word_1_93' title='bbox 1265 1434 1466 1509; x_wconf 82' lang='lat' dir='ltr'>constitutis,</span> <span class='ocrx_word' id='word_1_94' title='bbox 1476 1436 1625 1500; x_wconf 89' lang='lat' dir='ltr'>salutem</span> <span class='ocrx_word' id='word_1_95' title='bbox 1640 1442 1674 1500; x_wconf 88' lang='lat' dir='ltr'>et</span> <span class='ocrx_word' id='word_1_96' title='bbox 1687 1455 1764 1516; x_wconf 79' lang='lat' dir='ltr'>apos</span> 
     </span>
    </p>
   </div>
   <div class='ocr_carea' id='block_1_3' title="bbox 123 1527 1770 2003">
    <p class='ocr_par' dir='ltr' id='par_1_13' title="bbox 123 1527 1770 2003">
     <span class='ocr_line' id='line_1_13' title="bbox 262 1527 1757 1696; baseline 0.019 -77"><span class='ocrx_word' id='word_1_97' title='bbox 262 1562 315 1619; x_wconf 85' lang='lat' dir='ltr'>Ad</span> <span class='ocrx_word' id='word_1_98' title='bbox 336 1564 490 1622; x_wconf 70' lang='lat' dir='ltr'>hortantes</span> <span class='ocrx_word' id='word_1_99' title='bbox 508 1565 550 1624; x_wconf 83' lang='lat' dir='ltr'>dc</span> <span class='ocrx_word' id='word_1_100' title='bbox 570 1566 777 1638; x_wconf 78' lang='lat' dir='ltr'>oudenarde.</span> <span class='ocrx_word' id='word_1_101' title='bbox 974 1527 1107 1687; x_wconf 46' lang='lat' dir='ltr'>wlff?</span> <span class='ocrx_word' id='word_1_102' title='bbox 1115 1529 1403 1692; x_wconf 50' lang='lat' dir='ltr'>ffiffliignggfi</span> <span class='ocrx_word' id='word_1_103' title='bbox 1450 1632 1480 1692; x_wconf 57' lang='lat' dir='ltr'>is</span> <span class='ocrx_word' id='word_1_104' title='bbox 1582 1633 1617 1693; x_wconf 57' lang='lat' dir='ltr'>,r</span> <span class='ocrx_word' id='word_1_105' title='bbox 1702 1634 1757 1696; x_wconf 54' lang='lat' dir='ltr'>m</span> 
     </span>
     <span class='ocr_line' id='line_1_14' title="bbox 285 1647 1768 1809; baseline 0.011 -33"><span class='ocrx_word' id='word_1_106' title='bbox 285 1796 314 1806; x_wconf 90' lang='lat'>..</span> <span class='ocrx_word' id='word_1_107' title='bbox 358 1796 364 1808; x_wconf 90' lang='lat'>.</span> <span class='ocrx_word' id='word_1_108' title='bbox 421 1685 521 1809; x_wconf 27' lang='lat'>5¹⁰¹&amp;</span> <span class='ocrx_word' id='word_1_109' title='bbox 542 1686 620 1744; x_wconf 76' lang='lat'><strong>¹²¹⁸·</strong></span> <span class='ocrx_word' id='word_1_110' title='bbox 860 1769 866 1779; x_wconf 90' lang='lat'>.</span> <span class='ocrx_word' id='word_1_111' title='bbox 974 1725 1010 1785; x_wconf 92' lang='lat' dir='ltr'>ut</span> <span class='ocrx_word' id='word_1_112' title='bbox 1024 1725 1176 1786; x_wconf 86' lang='lat' dir='ltr'>conversi</span> <span class='ocrx_word' id='word_1_113' title='bbox 1191 1727 1232 1788; x_wconf 93' lang='lat' dir='ltr'>ad</span> <span class='ocrx_word' id='word_1_114' title='bbox 1248 1647 1768 1806; x_wconf 46' lang='lat' dir='ltr'>doginufflfficgaefflffiug&#39;</span> 
     </span>
     <span class='ocr_line' id='line_1_15' title="bbox 238 1795 1770 1901; baseline 0.031 -58"><span class='ocrx_word' id='word_1_115' title='bbox 238 1795 410 1860; x_wconf 62' lang='lat' dir='ltr'>[spicilegium</span> <span class='ocrx_word' id='word_1_116' title='bbox 426 1799 635 1864; x_wconf 63' lang='lat' dir='ltr'>trasumenus.</span> <span class='ocrx_word' id='word_1_117' title='bbox 647 1800 703 1857; x_wconf 74' lang='lat'>⁷2¹.</span> <span class='ocrx_word' id='word_1_118' title='bbox 715 1815 740 1850; x_wconf 81' lang='lat' dir='ltr'>n.</span> <span class='ocrx_word' id='word_1_119' title='bbox 754 1800 804 1866; x_wconf 53' lang='grc' dir='ltr'>ιἱ]</span> <span class='ocrx_word' id='word_1_120' title='bbox 974 1821 1102 1884; x_wconf 88' lang='lat' dir='ltr'>tineant</span> <span class='ocrx_word' id='word_1_121' title='bbox 1115 1823 1149 1885; x_wconf 89' lang='lat' dir='ltr'>et</span> <span class='ocrx_word' id='word_1_122' title='bbox 1162 1839 1347 1901; x_wconf 83' lang='lat' dir='ltr'>pressuras,</span> <span class='ocrx_word' id='word_1_123' title='bbox 1364 1828 1398 1888; x_wconf 92' lang='lat' dir='ltr'>et</span> <span class='ocrx_word' id='word_1_124' title='bbox 1421 1827 1581 1890; x_wconf 91' lang='lat' dir='ltr'>lsraelem</span> <span class='ocrx_word' id='word_1_125' title='bbox 1602 1832 1770 1892; x_wconf 84' lang='lat' dir='ltr'>exeuntem</span> 
     </span>
     <span class='ocr_line' id='line_1_16' title="bbox 123 1900 1766 2003; baseline 0.01 -47"><span class='ocrx_word' id='word_1_126' title='bbox 123 1900 256 1970; x_wconf 84' lang='lat' dir='ltr'>Queritur</span> <span class='ocrx_word' id='word_1_127' title='bbox 280 1901 316 1958; x_wconf 91' lang='lat' dir='ltr'>de</span> <span class='ocrx_word' id='word_1_128' title='bbox 340 1904 478 1962; x_wconf 76' lang='lat' dir='ltr'>molestiis</span> <span class='ocrx_word' id='word_1_129' title='bbox 506 1903 541 1961; x_wconf 90' lang='lat' dir='ltr'>ab</span> <span class='ocrx_word' id='word_1_130' title='bbox 564 1906 607 1962; x_wconf 87' lang='lat' dir='ltr'>eis</span> <span class='ocrx_word' id='word_1_131' title='bbox 632 1905 747 1963; x_wconf 83' lang='lat' dir='ltr'>indictis</span> <span class='ocrx_word' id='word_1_132' title='bbox 765 1906 919 1964; x_wconf 84' lang='lat' dir='ltr'>conventui</span> <span class='ocrx_word' id='word_1_133' title='bbox 976 1922 1135 1997; x_wconf 66' lang='lat' dir='ltr'>[egyptum</span> <span class='ocrx_word' id='word_1_134' title='bbox 1163 1921 1297 1983; x_wconf 62' lang='lat' dir='ltr'>Pharao</span> <span class='ocrx_word' id='word_1_135' title='bbox 1329 1922 1441 1984; x_wconf 64' lang='lat' dir='ltr'>acrius</span> <span class='ocrx_word' id='word_1_136' title='bbox 1467 1929 1695 2003; x_wconf 62' lang='lat' dir='ltr'>persequatur</span> <span class='ocrx_word' id='word_1_137' title='bbox 1711 1928 1766 1988; x_wconf 55' lang='lat' dir='ltr'>:jn</span> 
     </span>
    </p>
   </div>
   <div class='ocr_carea' id='block_1_4' title="bbox 265 1991 1772 2098">
    <p class='ocr_par' dir='ltr' id='par_1_14' title="bbox 265 1991 1772 2098">
     <span class='ocr_line' id='line_1_17' title="bbox 265 1991 1772 2098; baseline 0.01 -27"><span class='ocrx_word' id='word_1_138' title='bbox 265 1991 362 2049; x_wconf 62' lang='lat' dir='ltr'>⁸³⁰⁰¹i</span> <span class='ocrx_word' id='word_1_139' title='bbox 378 1993 578 2051; x_wconf 67' lang='lat' dir='ltr'>⁸⁸f¹¹¹⁰¹⁰¹¹¹⁸³¹</span> <span class='ocrx_word' id='word_1_140' title='bbox 593 1994 629 2052; x_wconf 71' lang='lat'>‘¹³</span> <span class='ocrx_word' id='word_1_141' title='bbox 644 1995 776 2053; x_wconf 58' lang='lat' dir='ltr'>mum)-</span> <span class='ocrx_word' id='word_1_142' title='bbox 974 2020 1068 2094; x_wconf 85' lang='lat' dir='ltr'>cujus</span> <span class='ocrx_word' id='word_1_143' title='bbox 1096 2022 1277 2097; x_wconf 91' lang='lat' dir='ltr'>conspectu</span> <span class='ocrx_word' id='word_1_144' title='bbox 1304 2021 1428 2083; x_wconf 88' lang='lat' dir='ltr'>terram</span> <span class='ocrx_word' id='word_1_145' title='bbox 1457 2023 1696 2098; x_wconf 83' lang='lat' dir='ltr'>promissionis</span> <span class='ocrx_word' id='word_1_146' title='bbox 1718 2025 1772 2086; x_wconf 78' lang='lat' dir='ltr'>in-</span> 
     </span>
    </p>
   </div>
   <div class='ocr_carea' id='block_1_5' title="bbox 1014 608 1732 770">
    <p class='ocr_par' dir='ltr' id='par_1_15' title="bbox 1014 608 1732 770">
     <span class='ocr_line' id='line_1_18' title="bbox 1014 608 1732 682; baseline 0.014 -16"><span class='ocrx_word' id='word_1_147' title='bbox 1014 608 1068 666; x_wconf 73' lang='grc' dir='ltr'>Λα</span> <span class='ocrx_word' id='word_1_148' title='bbox 1079 608 1261 670; x_wconf 78' lang='lat' dir='ltr'>crataersoa</span> <span class='ocrx_word' id='word_1_149' title='bbox 1273 611 1403 672; x_wconf 75' lang='lat' dir='ltr'>Christi</span> <span class='ocrx_word' id='word_1_150' title='bbox 1411 611 1689 682; x_wconf 70' lang='lat' dir='ltr'>fidelesPolentoe</span> <span class='ocrx_word' id='word_1_151' title='bbox 1701 617 1732 676; x_wconf 83' lang='lat' dir='ltr'>et</span> 
     </span>
     <span class='ocr_line' id='line_1_19' title="bbox 1263 710 1499 770; baseline 0.004 -3"><span class='ocrx_word' id='word_1_152' title='bbox 1263 710 1499 770; x_wconf 82' lang='lat' dir='ltr'>Pomercntae.</span> 
     </span>
    </p>
   </div>
   <div class='ocr_carea' id='block_1_6' title="bbox 117 2115 1773 5717">
    <p class='ocr_par' dir='ltr' id='par_1_16' title="bbox 121 2115 1773 2482">
     <span class='ocr_line' id='line_1_20' title="bbox 163 2115 1773 2197; baseline 0.004 -21"><span class='ocrx_word' id='word_1_153' title='bbox 163 2118 330 2178; x_wconf 90' lang='lat' dir='ltr'>Honorius</span> <span class='ocrx_word' id='word_1_154' title='bbox 346 2119 651 2196; x_wconf 89' lang='lat' dir='ltr'>episcopusservus</span> <span class='ocrx_word' id='word_1_155' title='bbox 671 2136 842 2181; x_wconf 89' lang='lat' dir='ltr'>servorum</span> <span class='ocrx_word' id='word_1_156' title='bbox 859 2121 917 2181; x_wconf 82' lang='lat' dir='ltr'>nei</span> <span class='ocrx_word' id='word_1_157' title='bbox 973 2115 1092 2177; x_wconf 87' lang='lat' dir='ltr'>trantis</span> <span class='ocrx_word' id='word_1_158' title='bbox 1112 2117 1317 2195; x_wconf 88' lang='lat' dir='ltr'>consumpsit</span> <span class='ocrx_word' id='word_1_159' title='bbox 1338 2121 1425 2180; x_wconf 88' lang='lat' dir='ltr'>Deus</span> <span class='ocrx_word' id='word_1_160' title='bbox 1448 2136 1593 2197; x_wconf 86' lang='lat' dir='ltr'>magnus</span> <span class='ocrx_word' id='word_1_161' title='bbox 1619 2125 1655 2184; x_wconf 90' lang='lat' dir='ltr'>et</span> <span class='ocrx_word' id='word_1_162' title='bbox 1680 2124 1773 2184; x_wconf 78' lang='lat' dir='ltr'>terri-</span> 
     </span>
     <span class='ocr_line' id='line_1_21' title="bbox 122 2211 1769 2296; baseline 0.004 -22"><span class='ocrx_word' id='word_1_163' title='bbox 122 2213 252 2275; x_wconf 91' lang='lat' dir='ltr'>dilectis</span> <span class='ocrx_word' id='word_1_164' title='bbox 268 2215 346 2276; x_wconf 85' lang='lat' dir='ltr'>tiliis</span> <span class='ocrx_word' id='word_1_165' title='bbox 362 2217 550 2278; x_wconf 92' lang='lat' dir='ltr'>hominibus</span> <span class='ocrx_word' id='word_1_166' title='bbox 567 2219 608 2279; x_wconf 94' lang='lat' dir='ltr'>de</span> <span class='ocrx_word' id='word_1_167' title='bbox 623 2218 818 2296; x_wconf 83' lang='lat' dir='ltr'>collepardo</span> <span class='ocrx_word' id='word_1_168' title='bbox 832 2218 917 2279; x_wconf 87' lang='lat' dir='ltr'>lide-</span> <span class='ocrx_word' id='word_1_169' title='bbox 973 2211 1050 2272; x_wconf 91' lang='lat' dir='ltr'>bilis</span> <span class='ocrx_word' id='word_1_170' title='bbox 1064 2213 1217 2276; x_wconf 90' lang='lat' dir='ltr'>nationes</span> <span class='ocrx_word' id='word_1_171' title='bbox 1233 2215 1393 2292; x_wconf 87' lang='lat' dir='ltr'>paulatim</span> <span class='ocrx_word' id='word_1_172' title='bbox 1405 2217 1505 2294; x_wconf 84' lang='lat' dir='ltr'>atque</span> <span class='ocrx_word' id='word_1_173' title='bbox 1519 2233 1580 2295; x_wconf 93' lang='lat' dir='ltr'>per</span> <span class='ocrx_word' id='word_1_174' title='bbox 1596 2221 1769 2296; x_wconf 75' lang='lat' dir='ltr'>partesue</span> 
     </span>
     <span class='ocr_line' id='line_1_22' title="bbox 121 2310 1772 2393; baseline 0.005 -24"><span class='ocrx_word' id='word_1_175' title='bbox 121 2310 209 2373; x_wconf 91' lang='lat' dir='ltr'>libus</span> <span class='ocrx_word' id='word_1_176' title='bbox 226 2315 360 2386; x_wconf 89' lang='lat' dir='ltr'>nostris,</span> <span class='ocrx_word' id='word_1_177' title='bbox 378 2315 520 2378; x_wconf 84' lang='lat' dir='ltr'>salutern</span> <span class='ocrx_word' id='word_1_178' title='bbox 540 2318 572 2378; x_wconf 89' lang='lat' dir='ltr'>et</span> <span class='ocrx_word' id='word_1_179' title='bbox 586 2316 801 2393; x_wconf 88' lang='lat' dir='ltr'>apostolicam</span> <span class='ocrx_word' id='word_1_180' title='bbox 817 2316 920 2378; x_wconf 93' lang='lat' dir='ltr'>bene-</span> <span class='ocrx_word' id='word_1_181' title='bbox 973 2310 1099 2387; x_wconf 90' lang='lat' dir='ltr'>pariter</span> <span class='ocrx_word' id='word_1_182' title='bbox 1110 2310 1179 2372; x_wconf 92' lang='lat' dir='ltr'>illis</span> <span class='ocrx_word' id='word_1_183' title='bbox 1194 2311 1311 2374; x_wconf 92' lang='lat' dir='ltr'>deletis</span> <span class='ocrx_word' id='word_1_184' title='bbox 1330 2314 1639 2391; x_wconf 84' lang='lat' dir='ltr'>multiplicarentur</span> <span class='ocrx_word' id='word_1_185' title='bbox 1665 2316 1772 2378; x_wconf 81' lang='lat' dir='ltr'>bestia</span> 
     </span>
     <span class='ocr_line' id='line_1_23' title="bbox 121 2408 1770 2482; baseline 0.005 -14"><span class='ocrx_word' id='word_1_186' title='bbox 121 2409 311 2473; x_wconf 89' lang='lat' dir='ltr'>dictionem.</span> <span class='ocrx_word' id='word_1_187' title='bbox 972 2410 1088 2470; x_wconf 82' lang='lat' dir='ltr'>oontm</span> <span class='ocrx_word' id='word_1_188' title='bbox 1127 2408 1232 2482; x_wconf 89' lang='lat' dir='ltr'>illum,</span> <span class='ocrx_word' id='word_1_189' title='bbox 1262 2410 1374 2473; x_wconf 91' lang='lat' dir='ltr'>hostes</span> <span class='ocrx_word' id='word_1_190' title='bbox 1407 2411 1587 2474; x_wconf 89' lang='lat' dir='ltr'>interiores</span> <span class='ocrx_word' id='word_1_191' title='bbox 1623 2414 1770 2476; x_wconf 85' lang='lat' dir='ltr'>videlicet</span> 
     </span>
    </p>

    <p class='ocr_par' dir='ltr' id='par_1_17' title="bbox 117 2500 1770 5518">
     <span class='ocr_line' id='line_1_24' title="bbox 160 2500 1767 2590; baseline 0.003 -22"><span class='ocrx_word' id='word_1_192' title='bbox 160 2511 269 2569; x_wconf 82' lang='lat' dir='ltr'>Grave</span> <span class='ocrx_word' id='word_1_193' title='bbox 278 2510 427 2585; x_wconf 83' lang='lat' dir='ltr'>gerimus</span> <span class='ocrx_word' id='word_1_194' title='bbox 441 2513 473 2573; x_wconf 91' lang='lat' dir='ltr'>et</span> <span class='ocrx_word' id='word_1_195' title='bbox 488 2511 660 2588; x_wconf 90' lang='lat' dir='ltr'>indignum</span> <span class='ocrx_word' id='word_1_196' title='bbox 676 2512 762 2590; x_wconf 87' lang='lat' dir='ltr'>quod</span> <span class='ocrx_word' id='word_1_197' title='bbox 778 2512 917 2573; x_wconf 89' lang='lat' dir='ltr'>dilectos</span> <span class='ocrx_word' id='word_1_198' title='bbox 972 2500 1084 2567; x_wconf 84' lang='lat' dir='ltr'>acrius</span> <span class='ocrx_word' id='word_1_199' title='bbox 1107 2509 1354 2585; x_wconf 82' lang='lat' dir='ltr'>persequentes.</span> <span class='ocrx_word' id='word_1_200' title='bbox 1369 2509 1541 2571; x_wconf 82' lang='lat' dir='ltr'>Gebuseus</span> <span class='ocrx_word' id='word_1_201' title='bbox 1563 2514 1698 2590; x_wconf 81' lang='lat' dir='ltr'>quoque</span> <span class='ocrx_word' id='word_1_202' title='bbox 1713 2513 1767 2573; x_wconf 92' lang='lat' dir='ltr'>ha-</span> 
     </span>
     <span class='ocr_line' id='line_1_25' title="bbox 121 2604 1767 2687; baseline 0.004 -23"><span class='ocrx_word' id='word_1_203' title='bbox 121 2605 208 2666; x_wconf 85' lang='lat' dir='ltr'>tllios</span> <span class='ocrx_word' id='word_1_204' title='bbox 223 2607 367 2684; x_wconf 87' lang='lat' dir='ltr'>priorem</span> <span class='ocrx_word' id='word_1_205' title='bbox 384 2611 418 2671; x_wconf 89' lang='lat' dir='ltr'>et</span> <span class='ocrx_word' id='word_1_206' title='bbox 430 2612 627 2672; x_wconf 89' lang='lat' dir='ltr'>conventum</span> <span class='ocrx_word' id='word_1_207' title='bbox 644 2611 754 2670; x_wconf 82' lang='lat' dir='ltr'>Sancti</span> <span class='ocrx_word' id='word_1_208' title='bbox 771 2609 917 2670; x_wconf 90' lang='lat' dir='ltr'>Bartho-</span> <span class='ocrx_word' id='word_1_209' title='bbox 972 2604 1089 2667; x_wconf 90' lang='lat' dir='ltr'>hitavit</span> <span class='ocrx_word' id='word_1_210' title='bbox 1110 2605 1146 2666; x_wconf 92' lang='lat' dir='ltr'>in</span> <span class='ocrx_word' id='word_1_211' title='bbox 1169 2605 1382 2668; x_wconf 84' lang='lat' dir='ltr'>Hierusalem</span> <span class='ocrx_word' id='word_1_212' title='bbox 1402 2623 1477 2669; x_wconf 89' lang='lat' dir='ltr'>cum</span> <span class='ocrx_word' id='word_1_213' title='bbox 1492 2607 1573 2669; x_wconf 86' lang='lat' dir='ltr'>liliis</span> <span class='ocrx_word' id='word_1_214' title='bbox 1589 2610 1767 2687; x_wconf 74' lang='lat' dir='ltr'>Beniamin,</span> 
     </span>
     <span class='ocr_line' id='line_1_26' title="bbox 120 2699 1769 2780; baseline 0.004 -18"><span class='ocrx_word' id='word_1_215' title='bbox 120 2703 230 2764; x_wconf 90' lang='lat' dir='ltr'>lomaei</span> <span class='ocrx_word' id='word_1_216' title='bbox 242 2705 284 2766; x_wconf 88' lang='lat' dir='ltr'>de</span> <span class='ocrx_word' id='word_1_217' title='bbox 298 2706 445 2768; x_wconf 82' lang='lat' dir='ltr'>Trisulto</span> <span class='ocrx_word' id='word_1_218' title='bbox 458 2708 680 2769; x_wconf 83' lang='lat' dir='ltr'>cartusiensis</span> <span class='ocrx_word' id='word_1_219' title='bbox 694 2707 821 2768; x_wconf 87' lang='lat' dir='ltr'>ordinis</span> <span class='ocrx_word' id='word_1_220' title='bbox 837 2707 918 2767; x_wconf 92' lang='lat' dir='ltr'>mul·</span> <span class='ocrx_word' id='word_1_221' title='bbox 972 2719 1013 2764; x_wconf 92' lang='lat' dir='ltr'>ne</span> <span class='ocrx_word' id='word_1_222' title='bbox 1024 2702 1091 2765; x_wconf 91' lang='lat' dir='ltr'>otio</span> <span class='ocrx_word' id='word_1_223' title='bbox 1102 2702 1286 2765; x_wconf 84' lang='lat' dir='ltr'>effarninati</span> <span class='ocrx_word' id='word_1_224' title='bbox 1293 2699 1531 2780; x_wconf 87' lang='lat' dir='ltr'>torpescerent,</span> <span class='ocrx_word' id='word_1_225' title='bbox 1546 2706 1607 2767; x_wconf 92' lang='lat' dir='ltr'>sed</span> <span class='ocrx_word' id='word_1_226' title='bbox 1618 2706 1769 2769; x_wconf 86' lang='lat' dir='ltr'>habentes</span> 
     </span>
     <span class='ocr_line' id='line_1_27' title="bbox 120 2800 1768 2881; baseline 0.002 -21"><span class='ocrx_word' id='word_1_227' title='bbox 120 2801 295 2877; x_wconf 90' lang='lat' dir='ltr'>tipliciter,</span> <span class='ocrx_word' id='word_1_228' title='bbox 330 2805 416 2866; x_wconf 88' lang='lat' dir='ltr'>siout</span> <span class='ocrx_word' id='word_1_229' title='bbox 450 2805 654 2880; x_wconf 91' lang='lat' dir='ltr'>accepimus,</span> <span class='ocrx_word' id='word_1_230' title='bbox 689 2806 914 2877; x_wconf 86' lang='lat' dir='ltr'>molestantes,</span> <span class='ocrx_word' id='word_1_231' title='bbox 972 2817 1045 2861; x_wconf 90' lang='lat' dir='ltr'>cum</span> <span class='ocrx_word' id='word_1_232' title='bbox 1061 2800 1179 2878; x_wconf 85' lang='lat' dir='ltr'>quibus</span> <span class='ocrx_word' id='word_1_233' title='bbox 1193 2816 1229 2861; x_wconf 90' lang='lat' dir='ltr'>se</span> <span class='ocrx_word' id='word_1_234' title='bbox 1245 2804 1442 2864; x_wconf 80' lang='lat' dir='ltr'>exercerent</span> <span class='ocrx_word' id='word_1_235' title='bbox 1455 2803 1497 2864; x_wconf 91' lang='lat' dir='ltr'>ad</span> <span class='ocrx_word' id='word_1_236' title='bbox 1514 2805 1683 2881; x_wconf 85' lang='lat' dir='ltr'>praelium,</span> <span class='ocrx_word' id='word_1_237' title='bbox 1700 2820 1768 2867; x_wconf 91' lang='lat' dir='ltr'>cer-</span> 
     </span>
     <span class='ocr_line' id='line_1_28' title="bbox 121 2899 1770 2980; baseline 0.002 -22"><span class='ocrx_word' id='word_1_238' title='bbox 121 2914 236 2958; x_wconf 89' lang='lat' dir='ltr'>eorum</span> <span class='ocrx_word' id='word_1_239' title='bbox 252 2901 375 2976; x_wconf 82' lang='lat' dir='ltr'>sylvas,</span> <span class='ocrx_word' id='word_1_240' title='bbox 390 2901 499 2962; x_wconf 91' lang='lat' dir='ltr'>banno</span> <span class='ocrx_word' id='word_1_241' title='bbox 512 2901 619 2962; x_wconf 82' lang='lat' dir='ltr'>felicis</span> <span class='ocrx_word' id='word_1_242' title='bbox 632 2903 800 2962; x_wconf 86' lang='lat' dir='ltr'>memoriae</span> <span class='ocrx_word' id='word_1_243' title='bbox 812 2905 915 2962; x_wconf 92' lang='lat' dir='ltr'>lnno-</span> <span class='ocrx_word' id='word_1_244' title='bbox 971 2899 1087 2970; x_wconf 85' lang='lat' dir='ltr'>tando,</span> <span class='ocrx_word' id='word_1_245' title='bbox 1108 2899 1265 2975; x_wconf 85' lang='lat' dir='ltr'>legitimae</span> <span class='ocrx_word' id='word_1_246' title='bbox 1281 2899 1398 2975; x_wconf 86' lang='lat' dir='ltr'>gloriae</span> <span class='ocrx_word' id='word_1_247' title='bbox 1413 2916 1571 2962; x_wconf 89' lang='lat' dir='ltr'>coronam</span> <span class='ocrx_word' id='word_1_248' title='bbox 1584 2904 1770 2980; x_wconf 87' lang='lat' dir='ltr'>acciperent</span> 
     </span>
     <span class='ocr_line' id='line_1_29' title="bbox 121 2996 1770 3078; baseline 0.004 -23"><span class='ocrx_word' id='word_1_249' title='bbox 121 2996 222 3057; x_wconf 88' lang='lat' dir='ltr'>centii</span> <span class='ocrx_word' id='word_1_250' title='bbox 246 3014 298 3073; x_wconf 91' lang='lat' dir='ltr'>pp.</span> <span class='ocrx_word' id='word_1_251' title='bbox 316 2998 570 3074; x_wconf 86' lang='lat' dir='ltr'>praedecessoris</span> <span class='ocrx_word' id='word_1_252' title='bbox 590 3000 694 3061; x_wconf 91' lang='lat' dir='ltr'>nostri</span> <span class='ocrx_word' id='word_1_253' title='bbox 717 3001 914 3076; x_wconf 88' lang='lat' dir='ltr'>contempto,</span> <span class='ocrx_word' id='word_1_254' title='bbox 972 3000 1048 3073; x_wconf 89' lang='lat' dir='ltr'>post</span> <span class='ocrx_word' id='word_1_255' title='bbox 1071 2997 1289 3074; x_wconf 90' lang='lat' dir='ltr'>triumphum.</span> <span class='ocrx_word' id='word_1_256' title='bbox 1322 2997 1507 3060; x_wconf 86' lang='lat' dir='ltr'>Tribulatio</span> <span class='ocrx_word' id='word_1_257' title='bbox 1536 3014 1684 3078; x_wconf 88' lang='lat' dir='ltr'>namque</span> <span class='ocrx_word' id='word_1_258' title='bbox 1709 3002 1770 3061; x_wconf 92' lang='lat' dir='ltr'>vir·</span> 
     </span>
     <span class='ocr_line' id='line_1_30' title="bbox 122 3094 1769 3175; baseline 0.003 -22"><span class='ocrx_word' id='word_1_259' title='bbox 122 3095 294 3156; x_wconf 88' lang='lat' dir='ltr'>succidere</span> <span class='ocrx_word' id='word_1_260' title='bbox 309 3111 375 3157; x_wconf 94' lang='lat' dir='ltr'>non</span> <span class='ocrx_word' id='word_1_261' title='bbox 387 3097 521 3170; x_wconf 91' lang='lat' dir='ltr'>timetis,</span> <span class='ocrx_word' id='word_1_262' title='bbox 536 3114 659 3174; x_wconf 85' lang='lat' dir='ltr'>eosque</span> <span class='ocrx_word' id='word_1_263' title='bbox 674 3113 774 3174; x_wconf 92' lang='lat' dir='ltr'>super</span> <span class='ocrx_word' id='word_1_264' title='bbox 784 3098 917 3174; x_wconf 89' lang='lat' dir='ltr'>pascuis</span> <span class='ocrx_word' id='word_1_265' title='bbox 971 3096 1077 3157; x_wconf 90' lang='lat' dir='ltr'>tutum</span> <span class='ocrx_word' id='word_1_266' title='bbox 1103 3094 1269 3172; x_wconf 77' lang='lat' dir='ltr'>adJutrix,</span> <span class='ocrx_word' id='word_1_267' title='bbox 1298 3097 1336 3158; x_wconf 91' lang='lat' dir='ltr'>ut</span> <span class='ocrx_word' id='word_1_268' title='bbox 1362 3111 1483 3157; x_wconf 88' lang='lat' dir='ltr'>aurum</span> <span class='ocrx_word' id='word_1_269' title='bbox 1505 3094 1630 3159; x_wconf 75' lang='lat' dir='ltr'>fornax</span> <span class='ocrx_word' id='word_1_270' title='bbox 1660 3097 1769 3175; x_wconf 90' lang='lat' dir='ltr'>probat</span> 
     </span>
     <span class='ocr_line' id='line_1_31' title="bbox 119 3193 1769 3272; baseline 0.001 -19"><span class='ocrx_word' id='word_1_271' title='bbox 119 3193 245 3253; x_wconf 90' lang='lat' dir='ltr'>temere</span> <span class='ocrx_word' id='word_1_272' title='bbox 257 3194 443 3266; x_wconf 87' lang='lat' dir='ltr'>molestare,</span> <span class='ocrx_word' id='word_1_273' title='bbox 455 3195 589 3272; x_wconf 86' lang='lat' dir='ltr'>quisuaa</span> <span class='ocrx_word' id='word_1_274' title='bbox 604 3196 778 3271; x_wconf 83' lang='lat' dir='ltr'>religionis</span> <span class='ocrx_word' id='word_1_275' title='bbox 793 3196 917 3257; x_wconf 91' lang='lat' dir='ltr'>intuitu</span> <span class='ocrx_word' id='word_1_276' title='bbox 972 3194 1104 3264; x_wconf 86' lang='lat' dir='ltr'>electos,</span> <span class='ocrx_word' id='word_1_277' title='bbox 1124 3195 1283 3270; x_wconf 90' lang='lat' dir='ltr'>partaque</span> <span class='ocrx_word' id='word_1_278' title='bbox 1302 3194 1413 3254; x_wconf 90' lang='lat' dir='ltr'>tuetur</span> <span class='ocrx_word' id='word_1_279' title='bbox 1433 3193 1467 3254; x_wconf 92' lang='lat' dir='ltr'>et</span> <span class='ocrx_word' id='word_1_280' title='bbox 1486 3197 1597 3269; x_wconf 82' lang='lat' dir='ltr'>auget,</span> <span class='ocrx_word' id='word_1_281' title='bbox 1621 3195 1769 3271; x_wconf 89' lang='lat' dir='ltr'>quoniam</span> 
     </span>
     <span class='ocr_line' id='line_1_32' title="bbox 120 3290 1768 3371; baseline 0.001 -22"><span class='ocrx_word' id='word_1_282' title='bbox 120 3292 152 3350; x_wconf 88' lang='lat' dir='ltr'>et</span> <span class='ocrx_word' id='word_1_283' title='bbox 187 3292 452 3353; x_wconf 88' lang='lat' dir='ltr'>consideratione</span> <span class='ocrx_word' id='word_1_284' title='bbox 480 3294 678 3370; x_wconf 82' lang='lat' dir='ltr'>Apostolicae</span> <span class='ocrx_word' id='word_1_285' title='bbox 710 3294 815 3363; x_wconf 73' lang='lat' dir='ltr'>Sedis</span> <span class='ocrx_word' id='word_1_286' title='bbox 843 3311 916 3371; x_wconf 90' lang='lat' dir='ltr'>quae</span> <span class='ocrx_word' id='word_1_287' title='bbox 972 3292 1106 3351; x_wconf 75' lang='lat' dir='ltr'>vexatio</span> <span class='ocrx_word' id='word_1_288' title='bbox 1136 3291 1192 3352; x_wconf 85' lang='lat' dir='ltr'>dat</span> <span class='ocrx_word' id='word_1_289' title='bbox 1227 3291 1430 3352; x_wconf 88' lang='lat' dir='ltr'>intellectum</span> <span class='ocrx_word' id='word_1_290' title='bbox 1459 3290 1609 3363; x_wconf 90' lang='lat' dir='ltr'>auditui,</span> <span class='ocrx_word' id='word_1_291' title='bbox 1637 3295 1671 3354; x_wconf 88' lang='lat' dir='ltr'>et</span> <span class='ocrx_word' id='word_1_292' title='bbox 1696 3292 1768 3354; x_wconf 84' lang='lat' dir='ltr'>Abel</span> 
     </span>
     <span class='ocr_line' id='line_1_33' title="bbox 121 3388 1766 3468; baseline 0.002 -22"><span class='ocrx_word' id='word_1_293' title='bbox 121 3388 227 3448; x_wconf 87' lang='lat' dir='ltr'>locum</span> <span class='ocrx_word' id='word_1_294' title='bbox 251 3391 357 3466; x_wconf 90' lang='lat' dir='ltr'>ipsum</span> <span class='ocrx_word' id='word_1_295' title='bbox 380 3395 537 3468; x_wconf 90' lang='lat' dir='ltr'>tanquam</span> <span class='ocrx_word' id='word_1_296' title='bbox 562 3408 655 3452; x_wconf 87' lang='lat' dir='ltr'>suam</span> <span class='ocrx_word' id='word_1_297' title='bbox 678 3392 915 3468; x_wconf 84' lang='lat' dir='ltr'>plantationem</span> <span class='ocrx_word' id='word_1_298' title='bbox 972 3406 1046 3450; x_wconf 79' lang='lat' dir='ltr'>esse</span> <span class='ocrx_word' id='word_1_299' title='bbox 1058 3390 1182 3462; x_wconf 88' lang='lat' dir='ltr'>renuit,</span> <span class='ocrx_word' id='word_1_300' title='bbox 1192 3404 1291 3467; x_wconf 91' lang='lat' dir='ltr'>quem</span> <span class='ocrx_word' id='word_1_301' title='bbox 1304 3389 1386 3449; x_wconf 88' lang='lat' dir='ltr'>Cain</span> <span class='ocrx_word' id='word_1_302' title='bbox 1406 3389 1534 3450; x_wconf 87' lang='lat' dir='ltr'>malitia</span> <span class='ocrx_word' id='word_1_303' title='bbox 1548 3406 1616 3450; x_wconf 86' lang='lat' dir='ltr'>uon</span> <span class='ocrx_word' id='word_1_304' title='bbox 1632 3393 1766 3461; x_wconf 83' lang='lat' dir='ltr'>exercet,</span> 
     </span>
     <span class='ocr_line' id='line_1_34' title="bbox 120 3487 1767 3565; baseline 0.002 -20"><span class='ocrx_word' id='word_1_305' title='bbox 120 3487 284 3547; x_wconf 91' lang='lat' dir='ltr'>novellam</span> <span class='ocrx_word' id='word_1_306' title='bbox 296 3489 433 3565; x_wconf 88' lang='lat' dir='ltr'>speciali</span> <span class='ocrx_word' id='word_1_307' title='bbox 445 3489 553 3565; x_wconf 80' lang='lat' dir='ltr'>diligit</span> <span class='ocrx_word' id='word_1_308' title='bbox 565 3490 715 3561; x_wconf 88' lang='lat' dir='ltr'>caritate,</span> <span class='ocrx_word' id='word_1_309' title='bbox 730 3507 796 3550; x_wconf 92' lang='lat' dir='ltr'>non</span> <span class='ocrx_word' id='word_1_310' title='bbox 810 3490 915 3549; x_wconf 90' lang='lat' dir='ltr'>solum</span> <span class='ocrx_word' id='word_1_311' title='bbox 972 3504 1072 3564; x_wconf 86' lang='lat' dir='ltr'>quum</span> <span class='ocrx_word' id='word_1_312' title='bbox 1082 3488 1184 3549; x_wconf 90' lang='lat' dir='ltr'>otium</span> <span class='ocrx_word' id='word_1_313' title='bbox 1192 3487 1281 3548; x_wconf 91' lang='lat' dir='ltr'>vitiis</span> <span class='ocrx_word' id='word_1_314' title='bbox 1290 3487 1416 3548; x_wconf 90' lang='lat' dir='ltr'>tribuat</span> <span class='ocrx_word' id='word_1_315' title='bbox 1424 3487 1642 3549; x_wconf 83' lang='lat' dir='ltr'>incentivum</span> <span class='ocrx_word' id='word_1_316' title='bbox 1655 3488 1701 3549; x_wconf 79' lang='lat' dir='ltr'>Ad</span> <span class='ocrx_word' id='word_1_317' title='bbox 1713 3488 1767 3549; x_wconf 90' lang='lat' dir='ltr'>hoc</span> 
     </span>
     <span class='ocr_line' id='line_1_35' title="bbox 118 3583 1765 3663; baseline 0.001 -20"><span class='ocrx_word' id='word_1_318' title='bbox 118 3583 159 3643; x_wconf 87' lang='lat' dir='ltr'>ab</span> <span class='ocrx_word' id='word_1_319' title='bbox 172 3586 455 3647; x_wconf 89' lang='lat' dir='ltr'>eorumdeberetis</span> <span class='ocrx_word' id='word_1_320' title='bbox 466 3587 631 3648; x_wconf 88' lang='lat' dir='ltr'>abstinere</span> <span class='ocrx_word' id='word_1_321' title='bbox 643 3588 788 3663; x_wconf 90' lang='lat' dir='ltr'>injuriis,</span> <span class='ocrx_word' id='word_1_322' title='bbox 798 3602 915 3647; x_wconf 90' lang='lat' dir='ltr'>verum</span> <span class='ocrx_word' id='word_1_323' title='bbox 971 3601 1051 3660; x_wconf 91' lang='lat' dir='ltr'>ergo</span> <span class='ocrx_word' id='word_1_324' title='bbox 1077 3586 1246 3656; x_wconf 72' lang='lat' dir='ltr'>Dominus</span> <span class='ocrx_word' id='word_1_325' title='bbox 1276 3585 1333 3662; x_wconf 84' lang='lat' dir='ltr'>qui</span> <span class='ocrx_word' id='word_1_326' title='bbox 1358 3586 1446 3646; x_wconf 90' lang='lat' dir='ltr'>mala</span> <span class='ocrx_word' id='word_1_327' title='bbox 1472 3601 1540 3646; x_wconf 92' lang='lat' dir='ltr'>non</span> <span class='ocrx_word' id='word_1_328' title='bbox 1567 3587 1765 3663; x_wconf 88' lang='lat' dir='ltr'>permitteret</span> 
     </span>
     <span class='ocr_line' id='line_1_36' title="bbox 117 3682 1764 3759; baseline 0.001 -18"><span class='ocrx_word' id='word_1_329' title='bbox 117 3682 217 3742; x_wconf 88' lang='lat' dir='ltr'>etiam</span> <span class='ocrx_word' id='word_1_330' title='bbox 232 3685 326 3759; x_wconf 88' lang='lat' dir='ltr'>grata</span> <span class='ocrx_word' id='word_1_331' title='bbox 342 3685 390 3745; x_wconf 88' lang='lat' dir='ltr'>eis</span> <span class='ocrx_word' id='word_1_332' title='bbox 413 3685 532 3745; x_wconf 91' lang='lat' dir='ltr'>solatia</span> <span class='ocrx_word' id='word_1_333' title='bbox 548 3685 719 3756; x_wconf 74' lang='lat' dir='ltr'>exhihere,</span> <span class='ocrx_word' id='word_1_334' title='bbox 743 3686 778 3746; x_wconf 92' lang='lat' dir='ltr'>ut</span> <span class='ocrx_word' id='word_1_335' title='bbox 798 3685 914 3746; x_wconf 90' lang='lat' dir='ltr'>osten·</span> <span class='ocrx_word' id='word_1_336' title='bbox 971 3683 1056 3754; x_wconf 85' lang='lat' dir='ltr'>fieri,</span> <span class='ocrx_word' id='word_1_337' title='bbox 1083 3683 1148 3742; x_wconf 88' lang='lat' dir='ltr'>nisi</span> <span class='ocrx_word' id='word_1_338' title='bbox 1159 3683 1295 3743; x_wconf 88' lang='lat' dir='ltr'>eliceret</span> <span class='ocrx_word' id='word_1_339' title='bbox 1309 3682 1387 3743; x_wconf 93' lang='lat' dir='ltr'>inde</span> <span class='ocrx_word' id='word_1_340' title='bbox 1401 3682 1536 3754; x_wconf 91' lang='lat' dir='ltr'>bonum,</span> <span class='ocrx_word' id='word_1_341' title='bbox 1553 3700 1615 3744; x_wconf 92' lang='lat' dir='ltr'>suo</span> <span class='ocrx_word' id='word_1_342' title='bbox 1629 3685 1764 3744; x_wconf 85' lang='lat' dir='ltr'>exterius</span> 
     </span>
     <span class='ocr_line' id='line_1_37' title="bbox 118 3779 1764 3860; baseline 0.001 -23"><span class='ocrx_word' id='word_1_343' title='bbox 118 3779 241 3841; x_wconf 83' lang='lat' dir='ltr'>daretis</span> <span class='ocrx_word' id='word_1_344' title='bbox 256 3798 315 3842; x_wconf 91' lang='lat' dir='ltr'>vos</span> <span class='ocrx_word' id='word_1_345' title='bbox 328 3782 467 3858; x_wconf 83' lang='lat' dir='ltr'>diligere</span> <span class='ocrx_word' id='word_1_346' title='bbox 479 3785 628 3860; x_wconf 89' lang='lat' dir='ltr'>qnosmet</span> <span class='ocrx_word' id='word_1_347' title='bbox 644 3785 676 3843; x_wconf 91' lang='lat' dir='ltr'>et</span> <span class='ocrx_word' id='word_1_348' title='bbox 691 3783 825 3843; x_wconf 88' lang='lat' dir='ltr'>domina</span> <span class='ocrx_word' id='word_1_349' title='bbox 838 3799 915 3843; x_wconf 83' lang='lat' dir='ltr'>ves-</span> <span class='ocrx_word' id='word_1_350' title='bbox 971 3781 1125 3842; x_wconf 90' lang='lat' dir='ltr'>tribulari</span> <span class='ocrx_word' id='word_1_351' title='bbox 1141 3780 1312 3856; x_wconf 89' lang='lat' dir='ltr'>permittit,</span> <span class='ocrx_word' id='word_1_352' title='bbox 1328 3781 1364 3841; x_wconf 92' lang='lat' dir='ltr'>ut</span> <span class='ocrx_word' id='word_1_353' title='bbox 1380 3797 1415 3841; x_wconf 89' lang='lat' dir='ltr'>se</span> <span class='ocrx_word' id='word_1_354' title='bbox 1428 3782 1513 3842; x_wconf 92' lang='lat' dir='ltr'>totos</span> <span class='ocrx_word' id='word_1_355' title='bbox 1529 3781 1673 3842; x_wconf 88' lang='lat' dir='ltr'>interius</span> <span class='ocrx_word' id='word_1_356' title='bbox 1686 3780 1764 3842; x_wconf 91' lang='lat' dir='ltr'>colli-</span> 
     </span>
     <span class='ocr_line' id='line_1_38' title="bbox 117 3878 1761 3956; baseline 0 -19"><span class='ocrx_word' id='word_1_357' title='bbox 117 3880 169 3938; x_wconf 89' lang='lat' dir='ltr'>tra</span> <span class='ocrx_word' id='word_1_358' title='bbox 191 3881 340 3941; x_wconf 87' lang='lat' dir='ltr'>Romana</span> <span class='ocrx_word' id='word_1_359' title='bbox 367 3880 514 3940; x_wconf 79' lang='lat' dir='ltr'>Ecclesia</span> <span class='ocrx_word' id='word_1_360' title='bbox 536 3880 645 3956; x_wconf 76' lang='lat' dir='ltr'>diligit</span> <span class='ocrx_word' id='word_1_361' title='bbox 671 3881 705 3941; x_wconf 89' lang='lat' dir='ltr'>et</span> <span class='ocrx_word' id='word_1_362' title='bbox 728 3880 915 3940; x_wconf 89' lang='lat' dir='ltr'>orationum</span> <span class='ocrx_word' id='word_1_363' title='bbox 971 3881 1085 3955; x_wconf 91' lang='lat' dir='ltr'>gentes</span> <span class='ocrx_word' id='word_1_364' title='bbox 1108 3895 1202 3938; x_wconf 90' lang='lat' dir='ltr'>suam</span> <span class='ocrx_word' id='word_1_365' title='bbox 1220 3878 1480 3939; x_wconf 87' lang='lat' dir='ltr'>imbecillitatem</span> <span class='ocrx_word' id='word_1_366' title='bbox 1504 3882 1717 3954; x_wconf 83' lang='lat' dir='ltr'>cognoscant,</span> <span class='ocrx_word' id='word_1_367' title='bbox 1736 3880 1761 3938; x_wconf 89' lang='lat' dir='ltr'>et</span> 
     </span>
     <span class='ocr_line' id='line_1_39' title="bbox 119 3976 1759 4053; baseline 0 -19"><span class='ocrx_word' id='word_1_368' title='bbox 119 3991 254 4035; x_wconf 91' lang='lat' dir='ltr'>suarum</span> <span class='ocrx_word' id='word_1_369' title='bbox 279 3977 439 4052; x_wconf 76' lang='lat' dir='ltr'>sutfragia</span> <span class='ocrx_word' id='word_1_370' title='bbox 464 3978 621 4053; x_wconf 86' lang='lat' dir='ltr'>consequi</span> <span class='ocrx_word' id='word_1_371' title='bbox 637 3976 805 4037; x_wconf 79' lang='lat' dir='ltr'>valeretis.</span> <span class='ocrx_word' id='word_1_372' title='bbox 823 3978 915 4037; x_wconf 89' lang='lat' dir='ltr'>Licet</span> <span class='ocrx_word' id='word_1_373' title='bbox 970 3978 1006 4036; x_wconf 92' lang='lat' dir='ltr'>in</span> <span class='ocrx_word' id='word_1_374' title='bbox 1019 3978 1196 4053; x_wconf 89' lang='lat' dir='ltr'>conspectu</span> <span class='ocrx_word' id='word_1_375' title='bbox 1212 3977 1271 4036; x_wconf 90' lang='lat' dir='ltr'>Dei</span> <span class='ocrx_word' id='word_1_376' title='bbox 1294 3976 1507 4036; x_wconf 90' lang='lat' dir='ltr'>humiliantes</span> <span class='ocrx_word' id='word_1_377' title='bbox 1525 3977 1656 4053; x_wconf 88' lang='lat' dir='ltr'>seipsos</span> <span class='ocrx_word' id='word_1_378' title='bbox 1678 3976 1716 4037; x_wconf 91' lang='lat' dir='ltr'>ab</span> <span class='ocrx_word' id='word_1_379' title='bbox 1729 3992 1759 4035; x_wconf 89' lang='lat' dir='ltr'>eu</span> 
     </span>
     <span class='ocr_line' id='line_1_40' title="bbox 119 4072 1760 4151; baseline 0.001 -20"><span class='ocrx_word' id='word_1_380' title='bbox 119 4072 222 4147; x_wconf 85' lang='lat' dir='ltr'>igitur</span> <span class='ocrx_word' id='word_1_381' title='bbox 257 4073 353 4149; x_wconf 88' lang='lat' dir='ltr'>culpa</span> <span class='ocrx_word' id='word_1_382' title='bbox 390 4074 580 4150; x_wconf 87' lang='lat' dir='ltr'>hujusmodi</span> <span class='ocrx_word' id='word_1_383' title='bbox 616 4089 751 4149; x_wconf 85' lang='lat' dir='ltr'>gravem</span> <span class='ocrx_word' id='word_1_384' title='bbox 784 4090 915 4150; x_wconf 88' lang='lat' dir='ltr'>poenam</span> <span class='ocrx_word' id='word_1_385' title='bbox 971 4073 1760 4151; x_wconf 82' lang='lat' dir='ltr'>auxiliumpraestolentur‚etdicaut:tuaestpo</span> 
     </span>
     <span class='ocr_line' id='line_1_41' title="bbox 120 4170 1754 4249; baseline 0.002 -22"><span class='ocrx_word' id='word_1_386' title='bbox 120 4170 234 4245; x_wconf 91' lang='lat' dir='ltr'>procul</span> <span class='ocrx_word' id='word_1_387' title='bbox 250 4170 348 4231; x_wconf 89' lang='lat' dir='ltr'>dubio</span> <span class='ocrx_word' id='word_1_388' title='bbox 359 4174 537 4241; x_wconf 89' lang='lat' dir='ltr'>mereatur,</span> <span class='ocrx_word' id='word_1_389' title='bbox 555 4171 703 4231; x_wconf 88' lang='lat' dir='ltr'>volentes</span> <span class='ocrx_word' id='word_1_390' title='bbox 718 4173 830 4232; x_wconf 88' lang='lat' dir='ltr'>tamen</span> <span class='ocrx_word' id='word_1_391' title='bbox 843 4187 917 4249; x_wconf 93' lang='lat' dir='ltr'>pro·</span> <span class='ocrx_word' id='word_1_392' title='bbox 971 4174 1087 4242; x_wconf 90' lang='lat' dir='ltr'>tentia,</span> <span class='ocrx_word' id='word_1_393' title='bbox 1103 4173 1196 4233; x_wconf 92' lang='lat' dir='ltr'>tuum</span> <span class='ocrx_word' id='word_1_394' title='bbox 1216 4188 1366 4246; x_wconf 89' lang='lat' dir='ltr'>regnum,</span> <span class='ocrx_word' id='word_1_395' title='bbox 1384 4187 1449 4232; x_wconf 94' lang='lat' dir='ltr'>non</span> <span class='ocrx_word' id='word_1_396' title='bbox 1466 4187 1580 4246; x_wconf 87' lang='lat' dir='ltr'>pacem</span> <span class='ocrx_word' id='word_1_397' title='bbox 1598 4172 1754 4249; x_wconf 86' lang='lat' dir='ltr'>temporis,</span> 
     </span>
     <span class='ocr_line' id='line_1_42' title="bbox 119 4267 1754 4347; baseline -0.001 -20"><span class='ocrx_word' id='word_1_398' title='bbox 119 4269 236 4330; x_wconf 89' lang='lat' dir='ltr'>cedere</span> <span class='ocrx_word' id='word_1_399' title='bbox 247 4268 415 4329; x_wconf 87' lang='lat' dir='ltr'>vobiscum</span> <span class='ocrx_word' id='word_1_400' title='bbox 428 4269 461 4329; x_wconf 92' lang='lat' dir='ltr'>in</span> <span class='ocrx_word' id='word_1_401' title='bbox 478 4269 595 4346; x_wconf 89' lang='lat' dir='ltr'>spiritu</span> <span class='ocrx_word' id='word_1_402' title='bbox 606 4268 762 4341; x_wconf 88' lang='lat' dir='ltr'>lenitatis,</span> <span class='ocrx_word' id='word_1_403' title='bbox 775 4285 917 4346; x_wconf 89' lang='lat' dir='ltr'>praeser-</span> <span class='ocrx_word' id='word_1_404' title='bbox 971 4271 1029 4332; x_wconf 90' lang='lat' dir='ltr'>sed</span> <span class='ocrx_word' id='word_1_405' title='bbox 1046 4271 1154 4347; x_wconf 89' lang='lat' dir='ltr'>potius</span> <span class='ocrx_word' id='word_1_406' title='bbox 1169 4270 1312 4346; x_wconf 88' lang='lat' dir='ltr'>pectoris</span> <span class='ocrx_word' id='word_1_407' title='bbox 1323 4269 1518 4345; x_wconf 78' lang='lat' dir='ltr'>expetendo</span> <span class='ocrx_word' id='word_1_408' title='bbox 1532 4271 1694 4342; x_wconf 89' lang='lat' dir='ltr'>Quoniam</span> <span class='ocrx_word' id='word_1_409' title='bbox 1705 4267 1754 4328; x_wconf 87' lang='lat' dir='ltr'>etsi</span> 
     </span>
     <span class='ocr_line' id='line_1_43' title="bbox 117 4366 1755 4447; baseline -0.002 -21"><span class='ocrx_word' id='word_1_410' title='bbox 117 4368 176 4427; x_wconf 89' lang='lat' dir='ltr'>tim</span> <span class='ocrx_word' id='word_1_411' title='bbox 197 4385 297 4444; x_wconf 85' lang='lat' dir='ltr'>quum</span> <span class='ocrx_word' id='word_1_412' title='bbox 314 4367 413 4428; x_wconf 88' lang='lat' dir='ltr'>iidem</span> <span class='ocrx_word' id='word_1_413' title='bbox 430 4367 549 4429; x_wconf 82' lang='lat' dir='ltr'>iratres</span> <span class='ocrx_word' id='word_1_414' title='bbox 566 4366 735 4428; x_wconf 89' lang='lat' dir='ltr'>humiliter</span> <span class='ocrx_word' id='word_1_415' title='bbox 748 4368 780 4428; x_wconf 92' lang='lat' dir='ltr'>id</span> <span class='ocrx_word' id='word_1_416' title='bbox 796 4368 917 4444; x_wconf 89' lang='lat' dir='ltr'>depos·</span> <span class='ocrx_word' id='word_1_417' title='bbox 971 4386 1049 4447; x_wconf 91' lang='lat' dir='ltr'>pars</span> <span class='ocrx_word' id='word_1_418' title='bbox 1066 4368 1232 4428; x_wconf 88' lang='lat' dir='ltr'>interdum</span> <span class='ocrx_word' id='word_1_419' title='bbox 1244 4368 1278 4426; x_wconf 92' lang='lat' dir='ltr'>in</span> <span class='ocrx_word' id='word_1_420' title='bbox 1296 4383 1376 4443; x_wconf 89' lang='lat' dir='ltr'>pace</span> <span class='ocrx_word' id='word_1_421' title='bbox 1392 4366 1572 4443; x_wconf 77' lang='lat' dir='ltr'>Babylonis</span> <span class='ocrx_word' id='word_1_422' title='bbox 1588 4369 1641 4439; x_wconf 89' lang='lat' dir='ltr'>sit,</span> <span class='ocrx_word' id='word_1_423' title='bbox 1657 4370 1715 4434; x_wconf 89' lang='lat' dir='ltr'>eis,</span> <span class='ocrx_word' id='word_1_424' title='bbox 1729 4367 1755 4425; x_wconf 90' lang='lat' dir='ltr'>in</span> 
     </span>
     <span class='ocr_line' id='line_1_44' title="bbox 117 4464 1756 4543; baseline -0.003 -17"><span class='ocrx_word' id='word_1_425' title='bbox 117 4469 218 4537; x_wconf 86' lang='lat' dir='ltr'>cant,</span> <span class='ocrx_word' id='word_1_426' title='bbox 265 4466 517 4527; x_wconf 87' lang='lat' dir='ltr'>universitatem</span> <span class='ocrx_word' id='word_1_427' title='bbox 560 4467 704 4526; x_wconf 90' lang='lat' dir='ltr'>vestram</span> <span class='ocrx_word' id='word_1_428' title='bbox 743 4482 915 4526; x_wconf 89' lang='lat' dir='ltr'>monemus</span> <span class='ocrx_word' id='word_1_429' title='bbox 970 4469 1042 4543; x_wconf 91' lang='lat' dir='ltr'>ipsa</span> <span class='ocrx_word' id='word_1_430' title='bbox 1057 4467 1167 4526; x_wconf 89' lang='lat' dir='ltr'>tamen</span> <span class='ocrx_word' id='word_1_431' title='bbox 1184 4480 1265 4543; x_wconf 86' lang='lat' dir='ltr'>paee</span> <span class='ocrx_word' id='word_1_432' title='bbox 1277 4464 1466 4540; x_wconf 77' lang='lat' dir='ltr'>frequenter</span> <span class='ocrx_word' id='word_1_433' title='bbox 1477 4465 1665 4525; x_wconf 89' lang='lat' dir='ltr'>amaritudo</span> <span class='ocrx_word' id='word_1_434' title='bbox 1679 4478 1756 4525; x_wconf 90' lang='lat' dir='ltr'>ama-</span> 
     </span>
     <span class='ocr_line' id='line_1_45' title="bbox 117 4562 1756 4639; baseline -0.002 -16"><span class='ocrx_word' id='word_1_435' title='bbox 117 4564 274 4624; x_wconf 88' lang='lat' dir='ltr'>attentius</span> <span class='ocrx_word' id='word_1_436' title='bbox 293 4565 325 4624; x_wconf 92' lang='lat' dir='ltr'>et</span> <span class='ocrx_word' id='word_1_437' title='bbox 340 4563 511 4623; x_wconf 89' lang='lat' dir='ltr'>hortamur</span> <span class='ocrx_word' id='word_1_438' title='bbox 532 4579 591 4639; x_wconf 89' lang='lat' dir='ltr'>per</span> <span class='ocrx_word' id='word_1_439' title='bbox 612 4563 802 4639; x_wconf 73' lang='lat' dir='ltr'>apostolica</span> <span class='ocrx_word' id='word_1_440' title='bbox 822 4563 915 4623; x_wconf 90' lang='lat' dir='ltr'>vohis</span> <span class='ocrx_word' id='word_1_441' title='bbox 971 4564 1114 4625; x_wconf 79' lang='lat' dir='ltr'>rissima.</span> <span class='ocrx_word' id='word_1_442' title='bbox 1130 4563 1232 4624; x_wconf 91' lang='lat' dir='ltr'>David</span> <span class='ocrx_word' id='word_1_443' title='bbox 1247 4563 1379 4632; x_wconf 91' lang='lat' dir='ltr'>etenim,</span> <span class='ocrx_word' id='word_1_444' title='bbox 1398 4577 1493 4637; x_wconf 89' lang='lat' dir='ltr'>quem</span> <span class='ocrx_word' id='word_1_445' title='bbox 1506 4562 1594 4622; x_wconf 86' lang='lat' dir='ltr'>bella</span> <span class='ocrx_word' id='word_1_446' title='bbox 1609 4579 1674 4623; x_wconf 91' lang='lat' dir='ltr'>non</span> <span class='ocrx_word' id='word_1_447' title='bbox 1687 4562 1756 4622; x_wconf 86' lang='lat' dir='ltr'>vice</span> 
     </span>
     <span class='ocr_line' id='line_1_46' title="bbox 117 4659 1754 4738; baseline -0.002 -19"><span class='ocrx_word' id='word_1_448' title='bbox 117 4662 238 4736; x_wconf 90' lang='lat' dir='ltr'>scripta</span> <span class='ocrx_word' id='word_1_449' title='bbox 267 4660 500 4737; x_wconf 84' lang='lat' dir='ltr'>praecipiendo,</span> <span class='ocrx_word' id='word_1_450' title='bbox 528 4661 723 4721; x_wconf 91' lang='lat' dir='ltr'>mandantes</span> <span class='ocrx_word' id='word_1_451' title='bbox 753 4663 915 4737; x_wconf 85' lang='lat' dir='ltr'>quatenus</span> <span class='ocrx_word' id='word_1_452' title='bbox 970 4664 1055 4732; x_wconf 89' lang='lat' dir='ltr'>rant,</span> <span class='ocrx_word' id='word_1_453' title='bbox 1071 4661 1335 4738; x_wconf 81' lang='lat' dir='ltr'>paxprostravit‚</span> <span class='ocrx_word' id='word_1_454' title='bbox 1352 4662 1385 4721; x_wconf 85' lang='lat' dir='ltr'>et</span> <span class='ocrx_word' id='word_1_455' title='bbox 1400 4659 1660 4730; x_wconf 83' lang='lat' dir='ltr'>lortiusoecidit,</span> <span class='ocrx_word' id='word_1_456' title='bbox 1672 4672 1754 4736; x_wconf 85' lang='lat' dir='ltr'>quarn</span> 
     </span>
     <span class='ocr_line' id='line_1_47' title="bbox 117 4757 1752 4835; baseline -0.004 -18"><span class='ocrx_word' id='word_1_457' title='bbox 117 4758 158 4817; x_wconf 94' lang='lat' dir='ltr'>ab</span> <span class='ocrx_word' id='word_1_458' title='bbox 174 4760 263 4818; x_wconf 93' lang='lat' dir='ltr'>omni</span> <span class='ocrx_word' id='word_1_459' title='bbox 279 4758 513 4834; x_wconf 86' lang='lat' dir='ltr'>praedictorum</span> <span class='ocrx_word' id='word_1_460' title='bbox 530 4758 588 4818; x_wconf 89' lang='lat' dir='ltr'>Dei</span> <span class='ocrx_word' id='word_1_461' title='bbox 605 4773 777 4818; x_wconf 85' lang='lat' dir='ltr'>servorum</span> <span class='ocrx_word' id='word_1_462' title='bbox 789 4758 914 4818; x_wconf 89' lang='lat' dir='ltr'>moles·</span> <span class='ocrx_word' id='word_1_463' title='bbox 971 4760 998 4820; x_wconf 92' lang='lat' dir='ltr'>si</span> <span class='ocrx_word' id='word_1_464' title='bbox 1019 4760 1137 4821; x_wconf 88' lang='lat' dir='ltr'>suisset</span> <span class='ocrx_word' id='word_1_465' title='bbox 1157 4775 1177 4819; x_wconf 93' lang='lat' dir='ltr'>a</span> <span class='ocrx_word' id='word_1_466' title='bbox 1199 4757 1386 4818; x_wconf 83' lang='lat' dir='ltr'>visibilibus</span> <span class='ocrx_word' id='word_1_467' title='bbox 1407 4757 1558 4818; x_wconf 88' lang='lat' dir='ltr'>hostibus</span> <span class='ocrx_word' id='word_1_468' title='bbox 1582 4759 1752 4835; x_wconf 88' lang='lat' dir='ltr'>superatus.</span> 
     </span>
     <span class='ocr_line' id='line_1_48' title="bbox 117 4851 1755 4934; baseline -0.003 -19"><span class='ocrx_word' id='word_1_469' title='bbox 117 4856 242 4916; x_wconf 88' lang='lat' dir='ltr'>tatione</span> <span class='ocrx_word' id='word_1_470' title='bbox 277 4858 446 4917; x_wconf 89' lang='lat' dir='ltr'>cessantes</span> <span class='ocrx_word' id='word_1_471' title='bbox 483 4856 672 4916; x_wconf 91' lang='lat' dir='ltr'>mandatum</span> <span class='ocrx_word' id='word_1_472' title='bbox 703 4854 787 4932; x_wconf 91' lang='lat' dir='ltr'>quod</span> <span class='ocrx_word' id='word_1_473' title='bbox 828 4857 914 4916; x_wconf 89' lang='lat' dir='ltr'>idem</span> <span class='ocrx_word' id='word_1_474' title='bbox 970 4858 1066 4918; x_wconf 81' lang='lat' dir='ltr'>Aliud</span> <span class='ocrx_word' id='word_1_475' title='bbox 1089 4872 1218 4934; x_wconf 85' lang='lat' dir='ltr'>quoque</span> <span class='ocrx_word' id='word_1_476' title='bbox 1236 4855 1325 4916; x_wconf 91' lang='lat' dir='ltr'>circa</span> <span class='ocrx_word' id='word_1_477' title='bbox 1345 4871 1404 4915; x_wconf 91' lang='lat' dir='ltr'>nos</span> <span class='ocrx_word' id='word_1_478' title='bbox 1423 4855 1582 4915; x_wconf 88' lang='lat' dir='ltr'>Dominus</span> <span class='ocrx_word' id='word_1_479' title='bbox 1600 4872 1669 4916; x_wconf 86' lang='lat' dir='ltr'>suae</span> <span class='ocrx_word' id='word_1_480' title='bbox 1684 4851 1755 4931; x_wconf 86' lang='lat' dir='ltr'>jndi·</span> 
     </span>
     <span class='ocr_line' id='line_1_49' title="bbox 118 4952 1752 5030; baseline -0.003 -18"><span class='ocrx_word' id='word_1_481' title='bbox 118 4954 341 5028; x_wconf 74' lang='lat' dir='ltr'>praedecessor</span> <span class='ocrx_word' id='word_1_482' title='bbox 352 4954 566 5014; x_wconf 89' lang='lat' dir='ltr'>nostervobis</span> <span class='ocrx_word' id='word_1_483' title='bbox 576 4954 742 5029; x_wconf 89' lang='lat' dir='ltr'>superhoc</span> <span class='ocrx_word' id='word_1_484' title='bbox 752 4954 915 5015; x_wconf 78' lang='lat' dir='ltr'>direxisse</span> <span class='ocrx_word' id='word_1_485' title='bbox 971 4957 1058 5016; x_wconf 92' lang='lat' dir='ltr'>cium</span> <span class='ocrx_word' id='word_1_486' title='bbox 1069 4954 1204 5015; x_wconf 79' lang='lat' dir='ltr'>exhibet</span> <span class='ocrx_word' id='word_1_487' title='bbox 1216 4952 1374 5014; x_wconf 89' lang='lat' dir='ltr'>bonitatis</span> <span class='ocrx_word' id='word_1_488' title='bbox 1385 4953 1420 5012; x_wconf 89' lang='lat' dir='ltr'>in</span> <span class='ocrx_word' id='word_1_489' title='bbox 1433 4952 1507 5022; x_wconf 91' lang='lat' dir='ltr'>hoc,</span> <span class='ocrx_word' id='word_1_490' title='bbox 1518 4953 1605 5030; x_wconf 73' lang='lat' dir='ltr'>quod</span> <span class='ocrx_word' id='word_1_491' title='bbox 1619 4952 1752 5013; x_wconf 86' lang='lat' dir='ltr'>reservat</span> 
     </span>
     <span class='ocr_line' id='line_1_50' title="bbox 118 5050 1752 5126; baseline -0.002 -17"><span class='ocrx_word' id='word_1_492' title='bbox 118 5050 322 5123; x_wconf 87' lang='lat' dir='ltr'>dignoscitur</span> <span class='ocrx_word' id='word_1_493' title='bbox 341 5051 578 5113; x_wconf 87' lang='lat' dir='ltr'>inviolabiliter</span> <span class='ocrx_word' id='word_1_494' title='bbox 599 5051 803 5123; x_wconf 79' lang='lat' dir='ltr'>observetis3</span> <span class='ocrx_word' id='word_1_495' title='bbox 826 5051 914 5111; x_wconf 91' lang='lat' dir='ltr'>aliu-</span> <span class='ocrx_word' id='word_1_496' title='bbox 972 5053 1122 5114; x_wconf 90' lang='lat' dir='ltr'>tidelibus</span> <span class='ocrx_word' id='word_1_497' title='bbox 1141 5052 1211 5113; x_wconf 89' lang='lat' dir='ltr'>suis</span> <span class='ocrx_word' id='word_1_498' title='bbox 1228 5051 1352 5118; x_wconf 71' lang='lat' dir='ltr'>hostes</span> <span class='ocrx_word' id='word_1_499' title='bbox 1367 5066 1448 5126; x_wconf 89' lang='lat' dir='ltr'>quos</span> <span class='ocrx_word' id='word_1_500' title='bbox 1469 5053 1580 5126; x_wconf 89' lang='lat' dir='ltr'>posset</span> <span class='ocrx_word' id='word_1_501' title='bbox 1599 5053 1752 5111; x_wconf 85' lang='lat' dir='ltr'>conterere</span> 
     </span>
     <span class='ocr_line' id='line_1_51' title="bbox 117 5146 1753 5226; baseline -0.002 -20"><span class='ocrx_word' id='word_1_502' title='bbox 117 5149 196 5224; x_wconf 83' lang='lat' dir='ltr'>quin</span> <span class='ocrx_word' id='word_1_503' title='bbox 208 5164 273 5208; x_wconf 92' lang='lat' dir='ltr'>non</span> <span class='ocrx_word' id='word_1_504' title='bbox 294 5150 400 5208; x_wconf 92' lang='lat' dir='ltr'>solum</span> <span class='ocrx_word' id='word_1_505' title='bbox 415 5166 544 5226; x_wconf 90' lang='lat' dir='ltr'>poenam</span> <span class='ocrx_word' id='word_1_506' title='bbox 553 5149 653 5210; x_wconf 92' lang='lat' dir='ltr'>banni</span> <span class='ocrx_word' id='word_1_507' title='bbox 666 5149 706 5209; x_wconf 92' lang='lat' dir='ltr'>ab</span> <span class='ocrx_word' id='word_1_508' title='bbox 717 5150 832 5209; x_wconf 87' lang='lat' dir='ltr'>eodem</span> <span class='ocrx_word' id='word_1_509' title='bbox 848 5152 916 5210; x_wconf 81' lang='lat' dir='ltr'>sta-</span> <span class='ocrx_word' id='word_1_510' title='bbox 971 5149 1162 5219; x_wconf 91' lang='lat' dir='ltr'>soloverbo‚</span> <span class='ocrx_word' id='word_1_511' title='bbox 1174 5149 1227 5209; x_wconf 89' lang='lat' dir='ltr'>cui</span> <span class='ocrx_word' id='word_1_512' title='bbox 1239 5148 1328 5209; x_wconf 92' lang='lat' dir='ltr'>venti</span> <span class='ocrx_word' id='word_1_513' title='bbox 1338 5147 1496 5208; x_wconf 88' lang='lat' dir='ltr'>obediunt</span> <span class='ocrx_word' id='word_1_514' title='bbox 1508 5149 1608 5226; x_wconf 87' lang='lat' dir='ltr'>atque</span> <span class='ocrx_word' id='word_1_515' title='bbox 1619 5163 1713 5216; x_wconf 88' lang='lat' dir='ltr'>mare,</span> <span class='ocrx_word' id='word_1_516' title='bbox 1726 5146 1753 5202; x_wconf 85' lang='lat' dir='ltr'>ut</span> 
     </span>
     <span class='ocr_line' id='line_1_52' title="bbox 117 5242 1751 5323; baseline -0.004 -17"><span class='ocrx_word' id='word_1_517' title='bbox 117 5246 189 5309; x_wconf 89' lang='lat' dir='ltr'>tuti,</span> <span class='ocrx_word' id='word_1_518' title='bbox 211 5261 325 5305; x_wconf 91' lang='lat' dir='ltr'>verum</span> <span class='ocrx_word' id='word_1_519' title='bbox 346 5248 445 5307; x_wconf 87' lang='lat' dir='ltr'>etiam</span> <span class='ocrx_word' id='word_1_520' title='bbox 466 5247 566 5306; x_wconf 89' lang='lat' dir='ltr'>aliam</span> <span class='ocrx_word' id='word_1_521' title='bbox 591 5248 778 5322; x_wconf 86' lang='lat' dir='ltr'>graviorem</span> <span class='ocrx_word' id='word_1_522' title='bbox 802 5249 915 5323; x_wconf 88' lang='lat' dir='ltr'>procul</span> <span class='ocrx_word' id='word_1_523' title='bbox 970 5248 1124 5308; x_wconf 88' lang='lat' dir='ltr'>videlicet</span> <span class='ocrx_word' id='word_1_524' title='bbox 1149 5246 1206 5323; x_wconf 87' lang='lat' dir='ltr'>qui</span> <span class='ocrx_word' id='word_1_525' title='bbox 1226 5246 1437 5306; x_wconf 78' lang='lat' dir='ltr'>offenderunt</span> <span class='ocrx_word' id='word_1_526' title='bbox 1457 5246 1492 5306; x_wconf 91' lang='lat' dir='ltr'>in</span> <span class='ocrx_word' id='word_1_527' title='bbox 1512 5247 1636 5317; x_wconf 90' lang='lat' dir='ltr'>multis,</span> <span class='ocrx_word' id='word_1_528' title='bbox 1653 5242 1751 5305; x_wconf 86' lang='lat' dir='ltr'>multi-</span> 
     </span>
     <span class='ocr_line' id='line_1_53' title="bbox 117 5339 1752 5423; baseline -0.003 -21"><span class='ocrx_word' id='word_1_529' title='bbox 117 5343 216 5403; x_wconf 91' lang='lat' dir='ltr'>duhio</span> <span class='ocrx_word' id='word_1_530' title='bbox 228 5343 416 5414; x_wconf 90' lang='lat' dir='ltr'>incurretis,</span> <span class='ocrx_word' id='word_1_531' title='bbox 430 5361 489 5420; x_wconf 94' lang='lat' dir='ltr'>pro</span> <span class='ocrx_word' id='word_1_532' title='bbox 501 5347 591 5405; x_wconf 90' lang='lat' dir='ltr'>certo</span> <span class='ocrx_word' id='word_1_533' title='bbox 607 5344 778 5415; x_wconf 87' lang='lat' dir='ltr'>habentes,</span> <span class='ocrx_word' id='word_1_534' title='bbox 794 5345 822 5405; x_wconf 92' lang='lat' dir='ltr'>si</span> <span class='ocrx_word' id='word_1_535' title='bbox 836 5362 917 5422; x_wconf 85' lang='lat' dir='ltr'>prae·</span> <span class='ocrx_word' id='word_1_536' title='bbox 970 5346 1088 5423; x_wconf 90' lang='lat' dir='ltr'>plicem</span> <span class='ocrx_word' id='word_1_537' title='bbox 1115 5345 1259 5405; x_wconf 89' lang='lat' dir='ltr'>habeant</span> <span class='ocrx_word' id='word_1_538' title='bbox 1283 5342 1509 5405; x_wconf 79' lang='lat' dir='ltr'>satisfaciendi</span> <span class='ocrx_word' id='word_1_539' title='bbox 1532 5345 1711 5408; x_wconf 84' lang='lat' dir='ltr'>materiam,</span> <span class='ocrx_word' id='word_1_540' title='bbox 1727 5339 1752 5397; x_wconf 90' lang='lat' dir='ltr'>et</span> 
     </span>
     <span class='ocr_line' id='line_1_54' title="bbox 117 5439 1752 5518; baseline -0.005 -17"><span class='ocrx_word' id='word_1_541' title='bbox 117 5458 195 5501; x_wconf 91' lang='lat' dir='ltr'>sens</span> <span class='ocrx_word' id='word_1_542' title='bbox 211 5456 230 5501; x_wconf 92' lang='lat' dir='ltr'>a</span> <span class='ocrx_word' id='word_1_543' title='bbox 244 5439 338 5501; x_wconf 90' lang='lat' dir='ltr'>vobis</span> <span class='ocrx_word' id='word_1_544' title='bbox 353 5440 452 5502; x_wconf 84' lang='lat' dir='ltr'>suerit</span> <span class='ocrx_word' id='word_1_545' title='bbox 465 5444 650 5518; x_wconf 88' lang='lat' dir='ltr'>contempta</span> <span class='ocrx_word' id='word_1_546' title='bbox 664 5443 813 5504; x_wconf 91' lang='lat' dir='ltr'>moniti0.</span> <span class='ocrx_word' id='word_1_547' title='bbox 971 5442 1205 5513; x_wconf 87' lang='lat' dir='ltr'>succurrendo,</span> <span class='ocrx_word' id='word_1_548' title='bbox 1229 5442 1265 5502; x_wconf 92' lang='lat' dir='ltr'>in</span> <span class='ocrx_word' id='word_1_549' title='bbox 1282 5441 1432 5518; x_wconf 90' lang='lat' dir='ltr'>personis</span> <span class='ocrx_word' id='word_1_550' title='bbox 1445 5442 1479 5501; x_wconf 92' lang='lat' dir='ltr'>et</span> <span class='ocrx_word' id='word_1_551' title='bbox 1490 5440 1600 5511; x_wconf 90' lang='lat' dir='ltr'>rebus,</span> <span class='ocrx_word' id='word_1_552' title='bbox 1616 5439 1752 5500; x_wconf 81' lang='lat' dir='ltr'>fidelibus</span> 
     </span>
    </p>

    <p class='ocr_par' dir='ltr' id='par_1_18' title="bbox 117 5537 1751 5717">
     <span class='ocr_line' id='line_1_55' title="bbox 158 5537 1751 5616; baseline -0.004 -16"><span class='ocrx_word' id='word_1_553' title='bbox 158 5541 275 5602; x_wconf 87' lang='lat' dir='ltr'>Datum</span> <span class='ocrx_word' id='word_1_554' title='bbox 299 5541 411 5600; x_wconf 82' lang='lat' dir='ltr'>ltomae</span> <span class='ocrx_word' id='word_1_555' title='bbox 432 5540 516 5616; x_wconf 90' lang='lat' dir='ltr'>apud</span> <span class='ocrx_word' id='word_1_556' title='bbox 541 5543 573 5601; x_wconf 87' lang='lat' dir='ltr'>S.</span> <span class='ocrx_word' id='word_1_557' title='bbox 602 5543 745 5614; x_wconf 87' lang='lat' dir='ltr'>Petrum,</span> <span class='ocrx_word' id='word_1_558' title='bbox 770 5543 817 5602; x_wconf 92' lang='lat' dir='ltr'>Ill</span> <span class='ocrx_word' id='word_1_559' title='bbox 836 5557 913 5601; x_wconf 90' lang='lat' dir='ltr'>nou.</span> <span class='ocrx_word' id='word_1_560' title='bbox 971 5541 1147 5612; x_wconf 90' lang='lat' dir='ltr'>tribulatis,</span> <span class='ocrx_word' id='word_1_561' title='bbox 1170 5539 1286 5599; x_wconf 91' lang='lat' dir='ltr'>saltem</span> <span class='ocrx_word' id='word_1_562' title='bbox 1298 5540 1433 5613; x_wconf 90' lang='lat' dir='ltr'>accepto</span> <span class='ocrx_word' id='word_1_563' title='bbox 1444 5538 1549 5599; x_wconf 88' lang='lat' dir='ltr'>calice</span> <span class='ocrx_word' id='word_1_564' title='bbox 1563 5537 1751 5599; x_wconf 87' lang='lat' dir='ltr'>salutarire·</span> 
     </span>
     <span class='ocr_line' id='line_1_56' title="bbox 117 5630 1750 5717; baseline -0.004 -17"><span class='ocrx_word' id='word_1_565' title='bbox 117 5638 209 5712; x_wconf 89' lang='lat' dir='ltr'>maii,</span> <span class='ocrx_word' id='word_1_566' title='bbox 227 5638 438 5717; x_wconf 76' lang='lat' dir='ltr'>pontificatus</span> <span class='ocrx_word' id='word_1_567' title='bbox 454 5637 559 5698; x_wconf 92' lang='lat' dir='ltr'>nostri</span> <span class='ocrx_word' id='word_1_568' title='bbox 575 5655 662 5700; x_wconf 92' lang='lat' dir='ltr'>anno</span> <span class='ocrx_word' id='word_1_569' title='bbox 678 5639 835 5700; x_wconf 88' lang='lat' dir='ltr'>secundo.</span> <span class='ocrx_word' id='word_1_570' title='bbox 971 5639 1118 5701; x_wconf 90' lang='lat' dir='ltr'>tribuant</span> <span class='ocrx_word' id='word_1_571' title='bbox 1132 5637 1256 5716; x_wconf 84' lang='lat' dir='ltr'>aliquid</span> <span class='ocrx_word' id='word_1_572' title='bbox 1267 5637 1417 5708; x_wconf 84' lang='lat' dir='ltr'>Domino,</span> <span class='ocrx_word' id='word_1_573' title='bbox 1430 5637 1485 5713; x_wconf 81' lang='lat' dir='ltr'>qrri</span> <span class='ocrx_word' id='word_1_574' title='bbox 1496 5652 1556 5714; x_wconf 88' lang='lat' dir='ltr'>pro</span> <span class='ocrx_word' id='word_1_575' title='bbox 1571 5637 1620 5697; x_wconf 89' lang='lat' dir='ltr'>eis</span> <span class='ocrx_word' id='word_1_576' title='bbox 1634 5630 1750 5697; x_wconf 79' lang='lat' dir='ltr'>tradidit</span> 
     </span>
    </p>
   </div>
   <div class='ocr_carea' id='block_1_7' title="bbox 0 0 1902 6166">
    <p class='ocr_par' dir='ltr' id='par_1_19' title="bbox 0 0 1902 6166">
     <span class='ocr_line' id='line_1_57' title="bbox 0 0 1902 6166; baseline 0 1"><span class='ocrx_word' id='word_1_577' title='bbox 0 0 1902 6166; x_wconf 95' lang='lat' dir='ltr'> </span> 
     </span>
    </p>
   </div>
  </div>
 </body>
</html>
