3794 6166
7 304 35 363 .·
122 274 164 335 so
256 366 260 373 ¹
509 342 512 347 ,
590 278 768 340 sononn
788 278 834 337 111
855 276 1307 353 ornan-sannonns.
1739 282 1782 346 lo

122 439 236 501 «Coeli
251 455 318 501 non
333 441 409 501 sunt
423 439 535 501 mundi
556 439 591 500 in
606 438 784 517 conspectu
794 441 867 518 ejus
881 455 919 513 »3
976 451 1035 513 per
1054 437 1169 511 totum,
1193 439 1280 501 sicut
1301 437 1335 501 et
1356 453 1452 500 sacra
1466 437 1569 514 Virgo
1588 436 1781 502 foecundata

123 540 247 616 quanto
289 539 395 614 magis
443 538 674 599 abominabilis
717 540 750 600 et
792 538 921 598 inutilis
976 550 1036 611 per
1050 535 1267 611 Spiritumllt
1279 536 1365 613 qnod
1380 538 1421 598 de
1436 535 1590 597 omnibus
1601 552 1670 597 non
1687 536 1782 598 suiti-

123 635 244 697 homoi
268 637 422 712 Legimus
453 637 537 714 quod
571 638 638 698 tres
666 638 743 697 sunt
768 636 859 706 coeli,
889 636 922 697 et
976 633 1080 692 cimus
1096 636 1381 711 proptertempus,
1398 650 1505 711 pauca
1520 633 1779 712 breviterdige-

60 776 65 785 ,
124 736 249 795 Paulus
272 734 434 812 usquead
457 735 591 796 tertium
606 735 725 795 coelum
740 736 870 810 raptum
886 750 922 794 se
976 745 1101 791 ramus.

122 831 214 893 dicit.
232 833 379 893 Primum
401 833 519 893 coelum
541 832 666 908 primns
689 832 793 893 status
816 831 921 893 estin
1018 828 1123 903 Igitur
1141 830 1355 906 quraerendum
1372 830 1468 892 nohis
1491 831 1552 902 est,
1568 846 1629 891 cur
1643 830 1685 892 ad
1697 830 1782 892 Vir-

123 928 272 989 Ecclesia
287 929 358 996 Del,
377 928 461 989 idest
476 928 686 989 saecularium
701 928 757 989 sed
776 926 920 988 catholi-
977 925 1088 1000 ginem
1110 928 1231 988 missus
1254 930 1304 990 θεῖ
1327 929 1477 1004 angelus,
1501 944 1561 991 cur
1582 928 1717 990 Gabriel
1743 932 1780 991 et

122 1040 236 1087 corum
251 1026 440 1099 hominum;
463 1025 548 1102 quod
576 1026 696 1086 coelum
721 1025 806 1087 sicut
828 1027 920 1086 terra
976 1039 1044 1083 non
1059 1024 1158 1096 alius,
1174 1042 1234 1085 cnr
1253 1026 1296 1087 sit
1316 1027 1437 1087 missus
1457 1042 1476 1086 a
1503 1029 1571 1088 Deo
1596 1028 1629 1088 θῖ
1649 1044 1718 1088 non
1735 1027 1779 1089 ab

123 1124 193 1185 sole
214 1124 432 1200 pertunditur,
450 1125 527 1201 quia
553 1140 620 1185 non
645 1125 695 1186 est
714 1124 771 1200 qni
793 1139 829 1184 se
844 1122 922 1183 abs·
977 1121 1043 1182 alio
1059 1123 1257 1196 angelo,cur
1271 1124 1307 1184 in
1315 1125 1482 1186 civitatem
1498 1125 1645 1186 Galilaeae
1654 1126 1708 1187 cui
1719 1143 1780 1188 no·

33 1231 37 1239 ’
123 1221 243 1282 condat
260 1237 279 1281 a
298 1222 408 1283 calore
423 1225 507 1298 ejus,
525 1223 557 1283 et
578 1221 683 1283 velint
701 1221 818 1293 nolint,
836 1220 869 1282 et
887 1221 922 1281 in
977 1235 1053 1279 men
1066 1221 1243 1288 Nazareth,
1257 1237 1316 1282 cur
1328 1223 1430 1297 virgo
1446 1222 1547 1284 tuerit
1561 1223 1776 1300 desponsata,

123 1317 219 1379 bonis
240 1321 273 1380 et
296 1320 331 1380 in
353 1319 449 1380 malis
474 1335 588 1381 eorum
604 1320 807 1381 clarificatur
821 1322 920 1380 Deus.
978 1332 1038 1377 cur
1053 1334 1173 1379 nomen
1187 1321 1261 1396 ejus
1276 1321 1395 1381 Maria.
1420 1320 1568 1396 Angelus
1588 1321 1710 1382 missus
1726 1324 1779 1385 est

125 1418 311 1479 Secundum
333 1419 453 1479 coelum
474 1418 639 1478 secundus
655 1419 761 1479 status
780 1417 923 1479 estreli-
978 1416 1018 1475 ad
1034 1416 1217 1491 Virginem,
1235 1433 1277 1477 ne
1299 1420 1387 1478 Deus
1406 1419 1582 1495 putaretur
1598 1420 1779 1481 consilium

1 1569 30 1601 ,Ι
123 1517 303 1593 giosorum,
315 1517 393 1593 quia
408 1507 493 1578 si'cut
507 1532 566 1576 aer
579 1515 648 1576 sole
663 1515 858 1588 infunditur,
873 1516 922 1578 sic
977 1528 1073 1573 suum
1099 1514 1196 1576 alteri
1220 1515 1388 1576 revelasse
1409 1517 1604 1593 priusquam
1629 1517 1777 1594 Virgini,

124 1613 194 1675 sole
207 1614 347 1691 Justitiae
362 1614 397 1674 in
412 1614 567 1675 cordibus
587 1615 620 1675 θῖ
641 1614 846 1675 conscientia
864 1630 923 1676 eo-
977 1610 1043 1670 nisi
1058 1611 1120 1673 soli
1145 1613 1347 1688 archangelo
1362 1613 1521 1675 Gabrieli.
1543 1616 1629 1675 Nam
1644 1616 1778 1692 myste-

125 1728 199 1772 rum
228 1711 454 1774 intunduntur.
482 1712 629 1774 Tertium
658 1712 777 1773 coelum
803 1713 922 1773 tertius
977 1708 1063 1769 rium
1079 1711 1321 1772 incarnationis
1333 1711 1562 1773 absconditum
1574 1712 1781 1775 suitasaecu·

8 1836 11 1843 ·
124 1811 229 1871 status
249 1812 298 1872 est
320 1810 550 1887 perlectorum,
570 1826 634 1888 qua
655 1810 740 1871 sicut
761 1810 867 1871 aether
880 1826 923 1871 ex
977 1806 1018 1865 lis
1032 1808 1066 1869 et
1074 1809 1345 1882 generationibus
1357 1810 1391 1870 in
1404 1812 1472 1870 Deo
1486 1811 1542 1887 qui
1557 1811 1669 1872 omnia
1684 1827 1781 1872 crea·

125 1906 198 1983 ipsa
213 1908 293 1968 solis
308 1908 402 1971 ardet
416 1909 603 1985 praesentia,
619 1908 667 1968 sic
682 1910 715 1970 et
728 1908 792 1984 ipsi
806 1909 924 1970 ardent
977 1902 1035 1975 lit,
1058 1903 1105 1965 ita
1137 1905 1174 1965 ut
1202 1921 1264 1965 nec
1290 1905 1353 1982 ipsi
1380 1905 1491 1981 angeli
1519 1906 1663 1982 perfecte
1690 1906 1779 1968 illud

127 2007 161 2066 oi
177 2005 289 2067 lucent
309 2023 329 2068 a
352 2008 463 2067 calore
484 2010 517 2069 et
537 2007 611 2066 luce
630 2007 710 2067 solis
730 2006 881 2082 justitiae,
903 2023 922 2067 a
977 2003 1154 2063 noscerent
1177 2003 1282 2064 donec
1303 2005 1566 2064 consummatum
1594 2005 1655 2066 est.
1680 2004 1807 2065 Undo-

126 2103 323 2175 clarissima,
338 2106 370 2165 ot
384 2104 632 2165 evidentissima
646 2107 718 2181 ejus
731 2103 920 2181 praesentia.
976 2100 1154 2174 Apostolus
1172 2121 1179 2160 :
1200 2103 1287 2162 Mihi
1308 2105 1464 2162 obsutum
1479 2103 1679 2163 sarectoram
1707 2105 1781 2163 mi·

126 2200 206 2261 Goeli
222 2201 821 2279 suntSanctiquicoelestiadiligunt.
977 2199 1071 2257 seipso
1105 2198 1188 2258 data
1218 2198 1271 2260 θεῖ
1299 2198 1417 2275 gratia
1462 2203 1552 2271 boeo,
1587 2204 1625 2261 ia
1655 2203 1779 2276 penti-

166 2299 281 2369 Poena,
304 2298 390 2375 quod
403 2313 482 2359 caro
503 2297 662 2372 affligitur
676 2295 852 2372 multiplici
864 2296 925 2356 do-
979 2297 1040 2355 bus
1073 2299 1312 2371 coaripeiizurc
1348 2298 1602 2374 iuvestipaoiics
1632 2300 1780 2362 divitias

124 2391 205 2466 lore,
229 2397 262 2456 et
290 2399 454 2471 postremo
476 2397 592 2456 morte.
616 2394 709 2457 Unde
737 2394 923 2455 Ecclesias-
979 2393 1107 2454 Christi
1115 2438 1124 2465 ,
1167 2394 1200 2454 et
1232 2397 1431 2456 inseminare
1457 2409 1595 2468 oniacs,
1624 2412 1703 2470 pisce
1731 2400 1780 2460 sit

13 2478 21 2491 ’
124 2492 211 2552 deus
228 2514 235 2552 :
251 2497 506 2564 Hoojsdiciiua
519 2509 542 2553 a
556 2495 703 2553 Doriiilio
716 2494 924 2554 omliioarui
977 2491 1188 2563 dispensatio
1214 2494 1425 2554 sacramenti
1447 2495 1634 2555 absconditi
1658 2512 1681 2557 a
1707 2511 1780 2557 soe-

123 2589 318 2666 (Ecolixm,
330 2590 375 2667 5).
385 2589 551 2651 iudicium
562 2589 621 2649 Dei
633 2589 755 2665 triplex
765 2589 825 2658 est,
837 2588 924 2648 scili·
976 2593 1050 2648 citio
1071 2591 1108 2648 is
1127 2593 1198 2649 Deo
1225 2593 1283 2662 uui
1307 2593 1424 2650 martia
1445 2591 1579 2653 creavit
1601 2589 1698 2670 (Eph.
1724 2609 1776 2667 111,

4 2716 9 2725 ·
123 2687 176 2747 cet
189 2687 411 2759 discretionis,
429 2686 634 2758 salvationis,
652 2687 685 2747 et
700 2685 922 2747 damnationis
977 2684 1022 2763 8).
1040 2685 1290 2760 investigabiles
1310 2687 1444 2749 divitias
1470 2689 1592 2750 Christi
1619 2691 1780 2753 nomina-

10 2798 15 2805 ·
123 2784 194 2846 sive
207 2784 400 2861 punitionis.
418 2788 465 2846 De
478 2785 606 2862 iudicio
627 2784 838 2846 discretionis
850 2783 922 2860 ipse
977 2782 1026 2843 vit
1050 2782 1297 2846 multiformiter
1318 2785 1515 2862 sapientiam
1533 2787 1592 2848 Dei
1614 2789 1668 2850 vel
1687 2789 1781 2851 mul-

123 2881 410 2958 aitinEvangelio
425 2905 432 2944 :
447 2887 520 2960 Epo
541 2886 577 2945 ia
591 2886 764 2956 judicium
784 2886 865 2944 cerii
885 2886 922 2943 is
977 2880 1135 2956 tipliciter
1176 2882 1329 2957 gratiam.
1366 2885 1406 2946 Et
1444 2884 1525 2945 alibi
1559 2886 1777 2961 Apostolus:

87 2974 89 2979 ’
123 2984 451 3051 littiicmvcodum,ut
464 2981 922 3056 ortisoaoidelitoidoaut,et
976 2981 1144 3055 Magnam
1178 2981 1321 3054 pietatis
1358 2983 1636 3056 sacramentam,
1687 2989 1782 3059 quod

124 3083 183 3152 pai
193 3082 306 3140 uideni
314 3083 394 3141 ooeoi
406 3081 492 3152 palii
504 3078 612 3157 (ioan.
623 3095 670 3152 rx,
681 3081 746 3158 39).
761 3079 857 3139 blodo
871 3094 924 3139 oc·
976 3078 1240 3165 slipitisestatam
1282 3080 1334 3140 θεῖ
1372 3082 1410 3140 iu
1441 3095 1565 3154 carne,
1591 3082 1779 3155 justifica-

124 3177 211 3238 culto
231 3176 360 3254 judicat
374 3177 524 3238 Christus
546 3178 763 3239 discernendo
786 3176 922 3238 bonosa
977 3176 1051 3235 tum
1090 3177 1142 3236 θεῖ
1178 3179 1215 3236 is
1251 3179 1380 3251 spiritu
1420 3180 1585 3253 apparuit
1624 3185 1776 3257 attactis.

123 3275 221 3337 malis
234 3276 363 3348 merito,
378 3293 460 3353 quos
476 3276 510 3336 in
526 3276 591 3336 tine
605 3274 793 3352 segregabit
805 3274 877 3336 loco
890 3274 923 3335 et
978 3269 1007 3348 (l
1029 3272 1172 3334 Timoth.
1197 3289 1248 3341 111,
1278 3272 1343 3351 16).
1372 3277 1623 3336 Sacramentum
1651 3275 1781 3340 dicitur

123 3375 271 3451 praemio.
298 3378 345 3436 De
365 3375 493 3452 judicio
509 3374 704 3436 salvationis
716 3373 769 3434 vel
789 3371 921 3449 gloriti-
977 3385 1109 3431 sacrum
1139 3372 1303 3432 secretum
1335 3372 1422 3448 quod
1449 3374 1500 3434 est
1527 3373 1780 3436 manifestatum

122 3473 265 3534 cationis
277 3473 358 3536 dicit
370 3475 536 3551 Propheta
549 3494 556 3535 :
568 3474 737 3534 iudicabit
747 3485 922 3547 pauperes
976 3468 1138 3539 incarne,
1163 3469 1293 3544 quando
1314 3473 1401 3531 Deus
1421 3486 1554 3533 carnem
1581 3475 1778 3549 assumpsit,

120 3576 237 3646 popuii
261 3570 330 3651 (Ps.
345 3575 396 3645 71,
412 3571 445 3652 4)
462 3573 547 3633 idest
568 3572 757 3649 propbetas,
772 3570 921 3648 patriar·
973 3566 1190 3643 justificatum
1210 3567 1246 3627 in
1263 3567 1399 3644 Spiritu,
1413 3568 1500 3645 quod
1519 3569 1621 3645 Virgo
1637 3569 1678 3631 de
1695 3571 1778 3647 Spi-

121 3670 213 3742 chas,
237 3671 415 3746 apostolos,
440 3686 521 3747 quos
542 3672 622 3730 tunc
646 3668 788 3730 salvabit
802 3670 835 3728 ei
848 3667 923 3743 glo-
976 3665 1044 3725 ritu
1071 3665 1191 3726 Sancto
1212 3666 1374 3743 concepit.
1398 3669 1468 3728 Hoc
1483 3669 1730 3730 sacramentum
1747 3670 1779 3730 si

7 3804 11 3817 ,
105 3764 275 3826 ,riflcabit
301 3767 348 3826 De
366 3765 493 3841 judicio
512 3779 592 3825 vero
614 3763 837 3825 damnationis
852 3763 922 3837 ipse
977 3762 1073 3837 plene
1098 3763 1176 3823 ante
1204 3764 1472 3825 incarnationem
1502 3765 1622 3840 Angeli
1650 3782 1782 3842 cogno-

31 3878 33 3883 ·
122 3862 170 3923 ait
197 3882 205 3921 ε
229 3865 310 3924 Noa
335 3865 415 3923 actii
445 3866 483 3923 is
511 3865 680 3922 pieridum
706 3862 745 3923 ut
768 3863 922 3934 judicem
977 3857 1104 3919 vissent
1130 3875 1308 3937 numquam
1332 3861 1473 3922 dixisset
1483 3862 1777 3939 ApostoluszAp-

121 3963 300 4032 ricaredum,
322 3960 407 4021 idest
431 3962 466 4021 ut
489 3959 653 4031 damnem,
678 3962 738 4020 sod
757 3959 796 4019 at
812 3963 921 4020 saisi—
974 3955 1095 4028 parsit
1121 3959 1270 4032 Angelis.
1303 3957 1396 4017 Unde
1427 3958 1460 4018 et
1491 3958 1631 4019 Domino
1654 3974 1780 4021 ascen-

120 4050 221 4132 )l'cem
243 4061 412 4119 pittatium
434 4056 544 4136 (ioan.
568 4072 631 4126 xn,
647 4054 713 4136 47).
730 4059 776 4117 Ι)θ
794 4056 922 4134 jndicio
977 4052 1074 4113 dente
1098 4053 1139 4113 ad
1166 4055 1267 4114 coelos
1289 4054 1422 4130 quidam
1453 4055 1563 4132 angeli
1591 4055 1775 4119 dixerunt:

122 4155 306 4233 punitionis
320 4155 368 4217 ait
383 4154 500 4215 Petrus
515 4175 523 4213 ε
539 4156 641 4216 Nune
656 4154 791 4229 tempus
812 4154 862 4215 cst
884 4155 923 4215 at
978 4154 1059 4218 Osis
1073 4152 1125 4213 θεῖ
1146 4152 1211 4213 iste
1235 4155 1312 4213 lisca
1332 4157 1453 4228 pioiice
1468 4152 1572 4231 (Psal.
1592 4156 1642 4225 23,
1664 4152 1711 4234 8).
1736 4156 1779 4218 Et

13 4258 16 4263 ’
113 4257 285 4327 judiciam
298 4253 441 4327 incipiat
454 4255 658 4314 adoinoDci
671 4250 700 4329 (l
713 4253 842 4323 Pet1v,
855 4253 920 4332 17),
977 4249 1063 4310 sicut
1083 4249 1164 4311 dicit
1182 4250 1303 4310 Beatus
1329 4251 1532 4327 Dionysius:
1556 4268 1574 4310 s
1593 4252 1777 4314 Excellen-

120 4351 207 4425 Ergo
230 4348 294 4410 hoc
313 4348 476 4426 judicium
496 4346 621 4409 mortis.
645 4349 710 4408 Pro
729 4346 771 4407 iis
791 4347 919 4409 duobus
976 4347 1078 4408 tiores
1113 4347 1231 4423 Angeli
1263 4349 1506 4424 responderunt
1545 4349 1694 4411 dicentes
1723 4368 1776 4411 s:

120 4445 252 4508 dicebat
275 4446 379 4507 David
403 4467 410 4506 :
433 4446 550 4507 staca
574 4447 611 4507 ia
631 4446 664 4506 ῖθ
686 4447 805 4507 auimo
830 4462 920 4535 paea,
976 4448 1144 4506 Doiiiiuas
1178 4447 1349 4507 uirtutum
1381 4450 1454 4522 ipse
1477 4448 1530 4508 θεῖ
1550 4451 1628 4508 Rea
1653 4452 1778 4525 pio-rim

120 4561 225 4619 quam
233 4545 472 4619 multipliciter
483 4545 516 4604 θῖ
530 4558 612 4604 curo
626 4557 705 4605 noea
720 4541 791 4621 (Ps.
808 4545 858 4615 62,
875 4543 921 4623 2).
979 4541 1278 4621 (Psal.23,8).Non
1291 4544 1455 4619 igiturest
1469 4544 1669 4605 credendum
1685 4546 1777 4623 quod

121 4645 221 4714 Quasi
241 4645 367 4706 diceret
384 4664 391 4703 :
409 4641 520 4703 Sitivit
534 4640 569 4701 in
584 4642 627 4711 te,
646 4656 706 4701 seu
720 4640 924 4703 desideravit
977 4640 1198 4717 archangelus
1214 4641 1347 4702 Gabriel
1363 4643 1418 4718 qui
1432 4645 1558 4704 tantum
1573 4643 1773 4719 mysterium

11 4806 17 4813 ,
119 4745 162 4812 ῖθ,
179 4744 405 4807 utmundetur
426 4756 446 4802 a
466 4740 529 4800 tide
550 4738 607 4800 :et
622 4753 700 4799 caro
725 4754 799 4799 mea
823 4754 923 4815 quarn
977 4738 1107 4813 Virgini
1133 4739 1309 4812 revelavit,
1343 4756 1429 4801 unus
1465 4740 1565 4802 tuerit
1597 4740 1637 4802 de
1664 4741 1779 4804 mino-

119 4843 357 4919 multipliciter,
391 4841 475 4901 idest
508 4836 683 4914 multiplici
717 4836 831 4898 dolore
866 4838 921 4898 vel
977 4835 1081 4895 ribus.

117 4939 294 5015 multiplici
315 4939 524 4999 necessitate.
538 4935 663 4999 Videns
686 4933 792 5010 igitur
807 4934 922 4996 Domi·
1018 4934 1098 4994 ltem
1113 4935 1259 5010 Angelus
1277 4934 1328 4996 est
1346 4936 1467 4996 missus
1482 4935 1524 4998 ad
1545 4935 1720 5012 Virginem
1739 4937 1778 5000 ut

117 5053 181 5099 nus
204 5035 371 5097 diabolum
394 5034 533 5110 superbe
547 5033 697 5110 gloriari,
720 5035 754 5095 et
776 5033 923 5094 Sanctos
977 5031 1036 5092 tali
1069 5034 1309 5094 monstraretur
1345 5033 1511 5110 exemplo,
1538 5034 1624 5111 quod
1655 5036 1776 5098 sancta

1 5205 3 5212 ,
117 5133 345 5210 multipliciter
357 5131 628 5206 affligi,decrovit
639 5131 786 5192 humano
799 5146 922 5209 generi
979 5129 1153 5205 virginitas
1192 5131 1321 5206 angelis
1366 5135 1417 5192 est
1452 5133 1607 5207 cognata,
1644 5133 1778 5209 angelis

27 5309 37 5321 ·
117 5233 295 5295 subvenire
318 5233 351 5292 et
372 5228 542 5306 peccatum
569 5229 686 5290 eodem
710 5228 829 5291 ordine
854 5246 921 5306 quo
978 5230 1200 5304 comparatur,
1216 5229 1257 5290 ab
1287 5228 1416 5305 angelis
1435 5230 1628 5301 honoratur,
1650 5230 1693 5290 ab
1713 5247 1778 5291 an-

117 5331 303 5393 intraverat
317 5327 508 5389 emundare.
977 5334 1062 5409 gelis
1076 5335 1241 5397 visitatur.
1256 5337 1286 5396 N
1289 5351 1326 5396 ec
1345 5335 1467 5395 mirum
1489 5335 1576 5412 quod
1591 5335 1779 5412 desponsa-

159 5428 252 5491 Unde
272 5427 358 5488 sicut
379 5425 518 5487 audistis
541 5440 583 5485 ex
604 5423 747 5485 lectione
763 5427 918 5501 Evange·
978 5435 1032 5494 tur
1049 5433 1187 5494 Domino
1217 5433 1411 5510 majestatis,
1436 5433 1530 5494 Unde
1554 5432 1775 5497 Ambrosius:

115 5522 192 5599 lica,
206 5526 298 5587 misit
313 5524 467 5600 angelum
479 5521 667 5583 Gabrielem
680 5522 721 5583 ad
733 5523 921 5601 Virginem,
978 5548 995 5589 tt
1011 5532 1115 5593 Nemo
1130 5532 1269 5593 miretur
1289 5531 1318 5590 si
1343 5531 1470 5606 angelis
1485 5531 1663 5606 virginitas
1678 5547 1776 5593 oom-

116 5628 195 5700 Quae
209 5624 305 5686 lectio
321 5621 510 5684 coelestibus
523 5620 690 5698 mysteriis
704 5622 755 5684 est
765 5620 920 5685 foecunda
978 5629 1134 5706 paratur,
1165 5646 1239 5706 quae
1268 5629 1475 5704 angelorum,
1513 5628 1653 5690 Domino
1683 5646 1775 5708 nup-
