3794 6166
117 320 175 382 151

115 479 454 544 16161116166166616
474 482 624 547 inieratis
648 486 833 548 molestiam
857 487 909 549 rel

116 593 308 654 gravamen,
331 579 384 642 vel
397 582 555 658 quantum
569 581 604 644 in
619 583 713 645 vobis
728 585 828 647 suerit
841 602 913 662 per·

117 675 257 738 mittatis
272 676 399 749 inferri,
414 680 451 741 ut
464 695 507 741 ex
517 680 580 742 boo
592 697 651 743 vos
663 682 785 744 divinae
796 686 913 761 majes-

116 773 178 836 tati
201 774 347 837 reddatis
372 779 534 854 acceptos
561 782 594 842 et
613 782 760 841 nostram
782 798 914 843 merea-

116 869 199 930 mini
227 871 358 948 plenius
382 875 523 949 gratiam
550 877 765 940 6116161616.
794 881 913 941 Datum

117 966 287 1039 Laterani,
304 972 346 1032 IV
357 987 434 1033 non.
443 975 603 1050 januarii,
616 976 827 1053 pontificatus
840 993 914 1038 nos·

118 1065 161 1126 tri
176 1081 265 1128 anno
276 1068 393 1144 primo.

457 1204 576 1291 CXIX

123 1350 176 1409 Ad
204 1353 399 1428 episcopum
421 1357 706 1419 catalaunensem
730 1360 764 1419 ct
782 1361 816 1420 S.
840 1362 917 1421 Sal-

157 1448 292 1510 vatoris
316 1452 350 1511 et
379 1455 516 1515 Saizctoe
545 1456 670 1515 11111116
703 1460 745 1518 uc
784 1458 917 1519 Virtute

160 1546 297 1608 abbates
312 1549 534 1613 catalaunen.
556 1555 721 1614 utoeccsis.

423 1654 440 1711 2
456 1654 517 1727 jan.
535 1657 613 1714 1117.

155 1753 276 1817 [liegest.,
288 1756 334 1807 lib.
347 1759 367 1816 I,
377 1759 452 1823 epist.
465 1760 518 1811 1111.
539 1764 596 1812 blss.
608 1764 645 1813 La
659 1765 734 1814 Parte
744 1764 779 1814 du
792 1764 887 1830 Tbell]

124 1860 249 1931 blandat,
265 1870 296 1921 ut
310 1880 486 1937 processum,
504 1884 588 1941 quem
600 1871 676 1942 prior
691 1872 719 1928 S.
741 1871 879 1931 Iohannis
890 1874 918 1929 in

163 1950 300 2010 Vinciset
314 1954 477 2027 conjudices
496 1958 558 2030 rjus
570 1957 730 2017 babuerunt
753 1969 850 2017 contra
867 1961 917 2018 ab·

159 2036 256 2095 batem
275 2038 311 2097 de
330 2042 491 2115 sparnaco,
507 2046 687 2117 6661161661,
706 2048 750 2105 vel
774 2048 919 2106 inllrmcnt

161 2134 243 2198 prout
255 2127 339 2188 166111
351 2131 387 2188 (16
399 2132 472 2205 jurc.
937 2134 941 2140 ⁹

164 2245 343 2321 Honorius,
361 2249 440 2322 etc,
456 2252 640 2313 venerabili
657 2254 752 2315 116111
768 2254 922 2331 episcopo

125 2340 340 2406 catalaunen.
355 2348 387 2408 et
403 2349 514 2411 Sancti
534 2350 728 2424 salvatoris,
745 2352 777 2413 ct
793 2352 922 2414 Sanctae

125 2439 242 2502 Mariae
271 2442 311 2505 de
340 2445 468 2508 Virtute
500 2447 674 2510 abbatibus
706 2448 921 2511 catalaunen.

127 2535 292 2601 dioecesis.

55 2716 59 2723 ι
167 2635 312 2698 Dilectus
339 2640 426 2701 tilius
453 2642 554 2704 abhas
576 2644 616 2705 de
642 2647 809 2722 spernaco
829 2642 924 2705 nobis

128 2729 690 2817 116661116116116161116661166616
703 2743 795 2818 prior
812 2741 925 2802 Sancti

127 2828 289 2891 iohannis
304 2832 339 2891 in
354 2834 469 2894 Vincis
484 2837 516 2896 et
530 2838 719 2913 conjndices
732 2840 804 2915 ejns
816 2839 925 2915 ipsum

129 2921 172 2983 ad
186 2939 281 2986 suam
292 2930 467 2991 vocassent
482 2931 691 3006 praesentiam
709 2948 769 3013 pro
784 2932 926 3010 quadam

128 3019 458 3103 inquisitione,quam
477 3021 665 3090 inordinate
682 3029 831 3091 fecerant
847 3046 927 3091 con-

129 3117 182 3179 tra
196 3118 304 3195 ipsum
323 3123 496 3186 occasione
513 3127 728 3203 quarumdam
741 3128 926 3189 litterarum

131 3208 244 3274 dilecti
267 3214 327 3274 tilii
352 3217 456 3278 nostri
481 3221 520 3279 R.
536 3219 624 3280 tituli
646 3220 753 3281 sancti
767 3220 926 3297 Stephani

129 3307 165 3369 in
181 3310 283 3372 Coelio
303 3315 412 3375 Monte
434 3315 618 3394 presbpteri
638 3318 831 3390 cardinalis,
842 3319 928 3380 tem·

130 3422 210 3483 pore
225 3426 289 3487 qno
309 3411 437 3474 litteras
451 3414 542 3491 ipsas
564 3416 774 3478 concesserat
795 3417 829 3476 in
844 3432 926 3493 par-

129 3502 218 3566 tibus
247 3505 314 3568 illis
342 3509 518 3587 legationis
546 3513 692 3575 osticium
719 3514 926 3591 exercentis3

129 3599 217 3663 idem
231 3604 331 3668 abbas
345 3610 539 3687 excipiendo
555 3613 728 3690 proposuit
738 3629 850 3674 coram
866 3614 926 3688 eis,

131 3701 217 3778 quod
248 3705 432 3769 ordinando
460 3711 661 3785 Sparnacen.
685 3710 860 3772 ecclesiam
894 3712 928 3772 in

131 3799 359 3875 spiritualibus
376 3806 408 3865 ct
422 3807 657 3883 temporalibus
670 3808 805 3869 suerunt
819 3808 929 3870 6111616

131 3911 192 3957 666
207 3897 331 3975 166611;
349 3904 583 3981 propterquod
606 3905 698 3965 nulla
720 3906 793 3966 orat
814 3921 929 3967 eorum

127 3993 317 4070 jurisdictio
342 3998 377 4058 in
399 3999 461 4060 bac
487 4003 599 4077 parte,
624 4001 809 4078 quiuimum
830 4003 930 4063 otiam

131 4090 279 4167 tempore
306 4111 370 4170 quo
396 4099 531 4173 propter
556 4098 619 4159 hoc
650 4102 863 4162 accesserunt
889 4100 931 4161 ad

132 4187 239 4265 ipsam
273 4192 448 4254 ecclesiam
487 4195 580 4258 66116
609 4196 691 4268 1611,
728 4214 829 4274 quum
860 4201 930 4276 jam

133 4285 239 4363 ipsius
272 4289 374 4367 legati
402 4294 583 4356 auctoritas
612 4295 799 4372 expirasset
828 4318 836 4358 :
866 4296 930 4358 ad-

130 4384 253 4462 jiciens
283 4390 369 4466 quod
405 4392 535 4454 etiamsi
566 4395 833 4472 jnrisdictionem
864 4396 930 4457 ha-

134 4481 262 4560 berent,
279 4487 369 4565 ipsos
384 4491 493 4552 tamen
506 4493 663 4572 tanquam
676 4496 845 4572 suspectos
858 4508 932 4555 me-

136 4580 201 4644 rito
232 4587 421 4662 recusabat,
453 4591 531 4668 quia
557 4608 631 4654 cum
653 4593 751 4670 juxta
785 4593 934 4654 tenorem

138 4678 325 4747 litterarum
364 4688 544 4751 cardinalis
584 4691 734 4767 praedicti
778 4690 935 4752 deberent

138 4778 386 4858 inquisitionem
404 4787 596 4851 1666161616
613 4789 648 4850 in
664 4790 771 4866 capite
786 4804 885 4866 qnam
898 4788 934 4848 in

138 4882 305 4961 membris,
322 4887 362 4948 de
376 4888 481 4967 ipsius
496 4888 561 4949 loci
576 4888 747 4950 canonicis
766 4887 852 4947 nihil
874 4901 935 4963 pe-

137 4976 228 5042 nitus
254 4987 512 5063 exquisiverant,
538 4988 606 5048 imo
634 4986 829 5065 quibusdam
858 4999 937 5061 pro-

138 5079 509 5159 miseranteorumdem,
523 5086 607 5164 quod
620 5084 704 5145 nibil
717 5083 934 5161 inquirerent,

139 5179 198 5241 661
210 5182 394 5246 scriberent
406 5187 521 5246 contra
536 5201 604 5257 eos,
619 5183 677 5243 sed
695 5184 810 5244 contra
828 5181 937 5256 ipsum

139 5276 292 5341 abbatem
316 5282 487 5354 dun-tanat,
513 5283 547 5342 in
570 5285 664 5359 cujus
689 5281 801 5342 odium
823 5280 938 5338 666161

140 5376 355 5440 (1616166666.
381 5380 606 5457 inquisitionis
629 5381 758 5441 litteras
778 5377 939 5452 impetra-

139 5481 264 5539 verata
278 5479 440 5540 cardinali
454 5478 623 5555 6161111616,
637 5480 670 5539 61
690 5477 731 5537 ad
750 5472 939 5552 hujusmodi

140 5590 262 5637 causas
283 5576 504 5638 recusationis
520 5574 707 5652 probandas
731 5572 826 5649 petiit
849 5569 941 5631 arbi-

139 5673 211 5736 tros
228 5674 292 5736 sibi
307 5674 391 5747 dari,
408 5674 493 5752 quod
516 5673 548 5734 ei
570 5671 632 5733 luit
645 5670 778 5748 penitus
794 5668 940 5743 denega-

638 5874 657 5905 ἱ

730 326 908 390 HONORII
929 324 975 390 111
996 325 1145 389 OPERA.

1708 320 1768 382 152

964 489 1045 549 tum.
1080 485 1175 549 Unde
1211 484 1357 547 sentiens
1389 480 1536 545 indebite
1566 499 1602 545 66
1631 482 1768 559 grauari

967 585 1084 646 Sedem
1106 582 1328 661 Apostolicam
1350 579 1540 659 appellavit.
1563 579 1627 641 Sed
1649 579 1767 656 inqui-

967 677 1769 759 sitorespracdicti‚legitimaipsinsappellatione

967 781 1165 857 contempta,
1182 796 1257 840 enm
1280 778 1320 840 ah
1343 776 1641 839 administrationis
1657 774 1769 836 oflicio

967 879 1198 952 removerunt3
1215 879 1350 955 propter
1371 876 1457 953 quod
1480 874 1575 935 nobis
1597 872 1770 934 humiliter

968 976 1177 1053 supplicavit,
1199 976 1235 1036 ut
1255 974 1318 1035 sihi
1343 976 1458 1035 contra
1478 971 1670 1050 hujusmodi
1690 986 1770 1047 gra·
1810 1042 1815 1049 ⁵

968 1074 1102 1136 vamina
1126 1072 1302 1135 subvenire
1326 1070 1586 1133 misericorditer
1609 1069 1771 1145 dignare-

970 1188 1054 1233 mur.
1072 1173 1153 1232 Cum
1168 1171 1271 1247 igitur
1285 1187 1345 1247 per
1360 1168 1583 1247 apostolicam
1600 1167 1722 1228 Sedena
1741 1168 1774 1227 et

970 1269 1148 1348 approbari
1172 1268 1315 1330 debeant
1340 1268 1403 1329 rite
1432 1267 1516 1338 acta,
1541 1267 1573 1327 et
1597 1263 1773 1342 reprobari

971 1384 1045 1446 quae
1071 1383 1244 1444 perperam
1267 1367 1480 1437 attentantur,
1506 1380 1566 1441 per
1589 1360 1774 1440 apostolica

971 1465 1065 1527 robis
1094 1465 1217 1542 scripta
1243 1464 1448 1535 mandamus,
1477 1463 1641 1539 quatenus
1669 1462 1774 1520 Deum

973 1563 1132 1625 habentes
1155 1579 1224 1639 prae
1247 1561 1362 1632 666116,
1387 1561 1579 1622 eorumdem
1595 1556 1776 1634 inquisito-

973 1679 1046 1722 rum
1069 1677 1259 1738 processum
1289 1660 1486 1721 confirmare
1513 1658 1564 1719 161
1591 1656 1773 1726 infirmare,

974 1759 1196 1836 appellatione
1217 1758 1354 1828 remota,
1376 1756 1512 1828 curetis,
1536 1755 1623 1816 sicut
1643 1754 1685 1813 de
1701 1755 1774 1829 jure

974 1858 1075 1918 166111
1098 1856 1285 1917 faciendum
1300 1877 1307 1915 :
1325 1856 1381 1932 qui
1403 1855 1432 1915 si
1454 1855 1493 1915 dc
1511 1857 1589 1931 jure
1605 1850 1710 1912 166111
1726 1850 1775 1909 in-

975 1954 1167 2026 firmandus,
1178 1970 1237 2015 vos
1249 1954 1354 2014 eidem
1366 1951 1567 2013 monasterio
1578 1948 1774 2010 alletoritate

976 2055 1086 2114 nostra
1097 2051 1298 2113 visitationis
1309 2047 1675 2126 oitlciumimpendatis.
1687 2045 1772 2117 Quod

881 2205 885 2213 .
977 2152 1005 2211 si
1017 2148 1517 2221 1166616666,616.,1666116161
1529 2146 1698 2223 episcope,
1713 2144 1767 2203 etc.

977 2250 1094 2310 Datum
1107 2249 1273 2316 Laterani,
1291 2249 1335 2307 lV
1349 2262 1454 2306 nonas
1464 2243 1627 2323 januarii,
1642 2239 1772 2321 pontifi-

978 2347 1071 2408 catus
1087 2345 1192 2407 nostri
1207 2361 1295 2406 anno
1308 2345 1427 2423 primo.

1331 2504 1430 2590 CXX

1078 2660 1130 2718 Act
1164 2659 1361 2730 Philippum
1392 2655 1677 2716 arclucitucoluuu

1238 2755 1515 2815 Noutouccuscuz.

1275 2866 1368 2925 2'tlll.
1392 2866 1469 2922 lull.

1022 2977 1142 3038 [Regest.,
1152 2973 1197 3026 lib.
1207 2975 1225 3032 l,
1239 2882 1317 3038 epist.J
1328 2971 1381 3021 lia.
1397 2972 1455 3021 1166.
1465 2972 1500 3020 La
1508 2972 1583 3021 Portc
1596 2969 1631 3018 du
1643 2966 1738 3031 Tbcill.

979 3091 1123 3163 indulget,
1139 3097 1238 3148 utnon
1253 3087 1384 3146 obstante
1397 3086 1510 3145 delectu
1525 3086 1676 3152 natalium,
1690 3082 1776 3140 1111616

1016 3180 1111 3237 valcat
1126 3177 1285 3252 promoveri
1300 3176 1335 3234 ad
1348 3191 1446 3233 666166
1458 3174 1574 3233 ordines
1592 3180 1622 3231 ct
1636 3172 1672 3230 ad
1688 3171 1775 3229 ecclc·

1018 3268 1148 3326 siasticas
1159 3267 1314 3339 dignitates
1326 3264 1444 3322 assumi.

1021 3366 1203 3457 Honorias
1233 3386 1307 3455 etc,
1330 3381 1449 3444 dilecto
1478 3379 1634 3441 11116Ρ11.
1666 3376 1779 3438 616111-

983 3485 1122 3546 1166666
1137 3483 1332 3545 Noviomen.

1023 3586 1183 3644 Humanae
1199 3578 1391 3655 fragilitatis
1406 3575 1552 3637 conditio
1570 3572 1688 3634 multis
1702 3571 1781 3632 sub-

980 3684 1069 3761 jecta
1084 3678 1265 3742 defectibus
1289 3676 1455 3737 neminem
1476 3672 1631 3750 producit
1651 3669 1782 3748 perlec-

983 3781 1085 3842 tiouis
1102 3779 1181 3839 lima
1203 3776 1251 3837 sic
1267 3787 1502 3850 usquequaque
1518 3769 1671 3846 politum,
1689 3767 1783 3846 quisi

986 3893 1081 3959 suam
1092 3875 1304 3937 considerare
1314 3869 1458 3932 voluerit
1468 3868 1633 3943 originem
1646 3867 1687 3927 ab
1697 3865 1784 3926 omni

985 3973 1148 4049 rubiginis
1161 3988 1255 4033 naevo
1270 3970 1390 4031 audeat
1394 3967 1546 4044 judicare
1560 3982 1596 4025 se
1611 3964 1782 4025 mnndum.

986 4073 1065 4145 Quis
1089 4070 1177 4133 enim
1202 4071 1299 4129 natus
1315 4067 1355 4128 de
1379 4065 1520 4125 muliere
1539 4064 1724 4140 praesumat
1748 4061 1784 4121 de

986 4187 1054 4233 6666
1069 4168 1252 4230 nativitatis
1267 4163 1428 4226 munditia
1444 4161 1785 4237 gloriarl,qnumpm

986 4269 1160 4348 phetarum
1176 4264 1318 4326 eximius
1333 4279 1368 4323 66
1389 4261 1424 4321 16
1439 4258 1675 4336 iniquitatibus
1689 4256 1784 4332 geni-

987 4371 1067 4440 tum,
1081 4366 1113 4427 et
1125 4365 1239 4425 natum
1250 4363 1285 4422 in
1295 4356 1598 4422 delictisaltirmett
1614 4357 1656 4417 111
1666 4355 1782 4415 661616

988 4465 1066 4526 tiliis
1081 4464 1140 4524 irae
1155 4477 1215 4521 vas
1239 4456 1410 4520 electionis
1437 4454 1638 4515 annumeret
1661 4454 1781 4513 semet-

989 4564 1107 4640 ipsum.
1134 4557 1302 4621 Conclusit
1331 4554 1452 4632 quippe
1477 4555 1565 4613 Deus
1588 4549 1705 4612 omnia
1728 4545 1782 4608 sub

988 4660 1129 4729 defectu,
1147 4658 1184 4718 ut
1202 4656 1237 4716 in
1256 4670 1291 4715 se
1308 4651 1446 4729 gloriari
1462 4665 1529 4710 non
1541 4648 1667 4710 audeat
1681 4645 1781 4709 omnis

989 4774 1078 4826 caro,
1092 4755 1150 4817 sed
1172 4757 1229 4828 qui
1250 4752 1422 4829 gloriatur
1441 4752 1478 4810 tu
1495 4750 1643 4808 1161111116
1660 4747 1782 4822 piolu-

991 4859 1049 4918 tur
1064 4853 1123 4934 (1),
1147 4855 1241 4931 cujus
1261 4848 1368 4926 gratia
1391 4847 1439 4907 sic
1463 4846 1587 4907 electos
1612 4842 1778 4921 praevenit,

990 4955 1024 5016 et
1038 4950 1260 5027 subsequitur,
1284 4947 1319 5008 61
1333 4945 1472 5008 virtutes
1497 4943 1530 5005 et
1551 4942 1693 5020 praemia
1716 4940 1780 5000 lar-

991 5053 1101 5128 giatur
1124 5065 1190 5110 non
1212 5045 1383 5107 attendens
1408 5057 1506 5119 quam
1525 5055 1710 5117 generosos
1730 5052 1782 5115 pa-

991 5150 1102 5211 rentes
1118 5147 1191 5224 quis
1216 5143 1347 5214 habeat,
1376 5141 1432 5202 sed
1455 5140 1579 5217 quanta
1605 5153 1736 5198 ntorum
1755 5134 1782 5194 et

992 5247 1184 5308 meritorum
1200 5241 1421 5318 generositate
1434 5237 1613 5316 praecellat.
1627 5235 1720 5296 Licet
1732 5231 1784 5308 igi·

992 5348 1047 5409 tur
1062 5345 1176 5405 contra
1189 5342 1284 5400 66166
1300 5354 1366 5398 666
1388 5337 1432 5398 (16
1453 5336 1601 5411 legitimo
1617 5333 1784 5394 matrimo-

994 5444 1049 5505 nio
1062 5438 1313 5503 constitutiones
1324 5436 1463 5496 (11161661
1479 5433 1513 5493 in
1528 5446 1661 5509 poenam
1675 5444 1786 5508 paren·

995 5545 1061 5604 tum
1079 5537 1203 5600 suerint
1217 5534 1442 5612 promulgatur,
1467 5529 1665 5607 altostolicae
1681 5532 1786 5591 tamen

1032 5680 1072 5753 (l)
1095 5683 1117 5748 l,
1135 5680 1200 5736 Cor.
1216 5692 1235 5739 r,
1250 5676 1293 5733 31.
