3802 6166
120 240 179 301 aer
246 220 250 225 '

121 415 255 477 manum
271 398 465 463 Pontificem
476 398 708 477 protectorem,
719 399 917 461 auctoritate

120 500 215 561 robis
226 498 440 576 praesentium
455 498 676 575 indulgemus,
692 496 728 559 ut
740 498 770 557 si
785 496 916 574 quando

120 599 156 659 in
171 597 321 659 eeclesiis
337 596 531 658 vacantibus
548 596 713 673 inquibus
727 612 793 657 non
809 595 918 656 ambi-

121 697 221 773 gitur,
229 712 288 757 uos
290 698 346 774 jus
352 696 544 771 patronatus
553 695 687 767 babere,
700 695 917 771 praesentatos

121 812 142 857 a
154 794 248 856 vobis
259 810 341 871 quos
350 792 536 855 constiterit
544 808 617 854 esse
629 793 766 854 idoneos
779 792 917 853 arbitrio

121 893 283 954 bonorum
307 891 450 953 uirorum
477 891 696 952 communiter
726 890 916 962 electorum,

122 990 253 1069 praelati
268 990 441 1051 admittere
456 988 721 1066 praetermittunt,
735 1005 794 1050 vos
809 988 919 1050 aucto·

122 1087 222 1148 ritate
233 1085 347 1146 nostra
363 1086 580 1146 ecelesiarum
591 1085 726 1145 illarum
739 1083 918 1160 proventus

123 1185 257 1246 interim
272 1184 307 1244 in
330 1200 409 1243 usus
428 1183 580 1260 proprios
598 1183 790 1244 convertere
806 1182 920 1242 valea-

123 1284 178 1354 tis,
195 1283 241 1344 ita
262 1282 423 1343 duntaxat
444 1282 529 1359 quod
545 1280 696 1342 ecclesiae
710 1281 777 1341 illae
799 1280 919 1341 debitis

125 1381 269 1442 servitiis
282 1396 348 1440 non
361 1380 566 1453 fraudentur,
575 1378 776 1441 etcanonica
787 1378 919 1457 justitia

124 1495 198 1558 qnae
207 1478 344 1540 debetur
358 1479 521 1555 episcopis
533 1494 599 1539 non
615 1478 767 1549 laedatur,
776 1493 817 1538 ne
826 1477 921 1539 cedat

128 1576 202 1657 [nee
228 1575 358 1657 noceat]
378 1576 472 1638 vobis
492 1578 627 1654 propter
647 1576 710 1637 boe
729 1575 858 1652 tempus
884 1576 920 1635 in

125 1675 342 1737 Lateranensi
372 1675 513 1736 ecclesia
538 1674 716 1736 constituto
745 1672 921 1754 [eonstitu-

125 1772 220 1852 tum]‚
239 1773 319 1850 quin
335 1772 527 1848 praesentati
544 1788 563 1832 a
579 1772 673 1833 vobis
686 1772 714 1831 si
727 1771 794 1832 sint
808 1771 921 1832 idonei

130 1871 260 1932 institui
284 1869 423 1932 debeant
453 1870 487 1930 in
513 1870 638 1931 eisdem
667 1885 740 1930 curn
767 1885 833 1930 nen
862 1885 923 1930 ne-

126 1969 327 2045 gligentibus
354 1969 411 2029 sed
431 1985 510 2030 eura
528 1971 607 2046 jnra
629 1983 689 2028 sua
706 1966 921 2043 vigilantibus

125 2066 242 2128 debeat
266 2066 446 2127 subreniri.
465 2067 557 2127 Nulli
578 2082 668 2141 ergo,
683 2067 784 2137 ete...‚
800 2065 921 2127 nostrae

127 2165 365 2235 concessionis,
383 2167 445 2226 ete.
466 2166 501 2225 Si
520 2165 593 2242 quis
611 2165 733 2237 autem,
747 2164 834 2225 ete...
851 2166 921 2224 Da-

125 2264 196 2325 tuur
224 2264 391 2335 Laterani,
424 2265 514 2323 XVII
549 2262 710 2323 kalendas
745 2261 921 2331 februarii,

126 2363 340 2438 pontificatus
355 2361 462 2423 nostri
477 2377 564 2423 anno
579 2361 697 2438 primo.

473 2592 569 2680 CLX

130 2793 182 2853 Ad
205 2792 398 2852 Itorccrium
426 2792 584 2863 priorem
601 2788 738 2850 saluto
760 2792 926 2850 Restione

171 2892 329 2950 Eectrsue
347 2891 675 2960 ermecouccttoriuos,
690 2888 723 2950 ot
737 2888 926 2963 capitutum

169 2987 282 3047 sorwtt
294 2987 442 3046 Martini
456 2987 599 3046 Lucani.

421 3135 454 3190 ll
465 3132 528 3206 jan.
546 3134 626 3192 tall.

197 3292 271 3359 [Cod.
283 3295 341 3345 Lat.
353 3293 423 3344 teat.
435 3295 493 3345 llss.
507 3293 686 3357 Bibliotbbqne
707 3289 860 3356 nationale]

129 3437 253 3511 Corrigit
278 3436 432 3510 quamdam
456 3435 629 3495 sentcmiam
653 3433 831 3492 arbitrariam
855 3435 928 3491 inter

166 3526 303 3584 ecelesias
318 3527 346 3585 S.
362 3526 473 3585 liertini
489 3533 517 3583 ct
532 3526 560 3583 S.
580 3524 726 3598 frigdiani
745 3522 781 3581 ad
800 3522 928 3580 favorem

167 3617 196 3676 S.
213 3616 374 3689 Frigdian13
390 3614 486 3673 statuit
500 3621 531 3672 ut
550 3622 608 3671 tres
623 3620 732 3671 tantum
746 3612 878 3669 canonici
892 3611 928 3670 ad

167 3706 314 3764 arbitrium
325 3705 427 3778 prioris
434 3701 589 3776 deputandi
600 3701 636 3760 ad
647 3702 800 3761 eeclesiam
813 3701 842 3759 S.
858 3702 930 3760 llar-

168 3794 219 3852 tini
233 3795 319 3852 certis
332 3793 433 3851 diebus
446 3792 630 3852 conueniant.

172 3960 220 4018 Ea
242 3972 315 4034 quae
330 3971 389 4035 per
409 3953 699 4033 improvidentiam
722 3952 926 4025 statuuntur,

132 4055 270 4135 provida
283 4072 343 4117 nos
358 4055 452 4116 decet
466 4053 732 4115 consideratione
748 4050 928 4127 corrigere,

132 4153 319 4232 praesertim
350 4169 424 4214 cum
454 4153 487 4213 et
507 4151 638 4212 ratione
667 4150 745 4212 sunt
770 4164 878 4210 vacua
899 4147 932 4210 et

131 4254 256 4315 statum
278 4252 418 4314 onerant
440 4250 615 4322 libertatis,
633 4266 673 4311 ac
693 4247 770 4311 Sedi
784 4247 930 4326 Aposto-

132 4351 209 4411 licae
235 4350 467 4428 praeJudicium
498 4348 620 4409 afferre
646 4347 812 4408 uidentur.
844 4347 932 4407 Sane

133 4448 342 4526 pervenitad
358 4447 560 4509 audientiam
581 4447 741 4517 nestram,
762 4442 849 4522 quod
865 4442 930 4503 du-

118 4547 214 4607 ·dum
233 4547 321 4607 inter
337 4546 513 4607 eeclesiam
527 4543 673 4605 vestram
688 4558 731 4603 ex
746 4542 839 4619 parte
852 4556 929 4614 una,

134 4644 169 4706 et
188 4645 326 4705 dilectos
352 4643 438 4704 tilios
461 4642 641 4719 capitulum
664 4640 770 4701 sancti
796 4637 932 4700 Martini

135 4742 263 4804 Lucani
279 4758 321 4802 ex
340 4742 457 4813 altera,
472 4740 668 4818 quibusdam
695 4735 933 4816 quaestionibus

136 4841 317 4911 suscitatis,
332 4840 420 4901 inter
432 4841 473 4900 K.
491 4838 720 4915 presbyterum
741 4836 774 4897 et
788 4835 933 4912 priorem

136 4938 244 5001 sancti
257 4937 431 4999 Michaelis
440 4938 584 5009 deForo,
599 4935 631 4997 et
643 4934 841 4997 Gotifridnm
853 4935 935 4994 Cau·

136 5036 290 5108 sidieum,
307 5039 465 5113 tanquam
489 5035 524 5096 in
544 5034 688 5096 arbitros
717 5031 932 5104 convenistis,

136 5136 280 5197 invicem
300 5135 539 5212 promittentes,
557 5132 643 5211 quod
660 5130 818 5210 quidquid
833 5130 934 5193 iidem

138 5235 347 5297 concorditer
376 5249 476 5311 super
507 5232 724 5310 quaestionem
748 5228 937 5307 processio-

138 5333 203 5406 niS,
214 5349 288 5410 quae
309 5331 381 5393 lieri
396 5330 481 5392 solet
497 5330 532 5390 in
551 5326 787 5391 festivitatibus
802 5325 937 5387 saneto-

138 5448 214 5492 rum
242 5430 378 5492 Martini
408 5431 441 5491 et
468 5427 587 5504 Reguli
616 5427 649 5488 et
676 5425 822 5488 secunda
853 5424 937 5485 feria

140 5527 408 5591 Resurrectionis
448 5524 641 5598 Dominicae,
670 5540 729 5601 per
763 5522 938 5584 arbitrium

139 5626 406 5705 promulgarent,
423 5626 564 5704 utraque
583 5637 661 5701 pars
675 5621 706 5683 id
720 5621 884 5700 reciperet
907 5621 939 5682 et

753 224 983 343 EPISTOLAE.
1006 236 1085 297 LIB.
1109 236 1134 296 1.

971 398 1130 461 servaret.
1152 394 1277 460 Verum
1303 394 1421 467 iidem,
1451 412 1518 459 non
1545 398 1767 463 consideratis
1867 386 1871 395 ’

972 494 1229 558 circumstantiis
1249 495 1384 573 negotii,
1402 511 1462 557 nee
1482 496 1768 577 eeclesiae-vestrae

972 595 1183 671 privilegium
1202 594 1408 655 attendentes
1425 595 1683 673 pronuntiarunt
1703 596 1769 657 im-

972 693 1169 770 prudenter,
1193 692 1247 756 tel
1282 692 1391 769 potius
1424 693 1649 770 impudenter,
1681 692 1768 771 quod

973 791 1065 867 prior
1086 791 1235 852 eeclesiae
1259 791 1378 852 vestrae
1398 807 1473 853 eum
1495 792 1641 869 quinque
1661 808 1767 854 cano-

974 889 1070 961 nicis,
1091 892 1148 950 aut
1162 889 1191 949 si
1212 889 1299 950 idem
1314 888 1406 967 prior
1419 906 1566 967 praesens
1586 907 1652 951 non
1668 891 1767 963 esset,

974 988 1027 1049 rel
1047 987 1268 1065 personaliter
1291 987 1341 1048 ire
1360 1004 1427 1047 non
1443 990 1563 1065 posset,
1580 987 1771 1049 sexexfra-

973 1084 1080 1147 tribus
1114 1086 1155 1145 ad
1191 1087 1351 1164 majorem
1379 1085 1555 1147 ecclesiam
1583 1086 1619 1147 in
1656 1088 1769 1148 Missae
1873 1094 1876 1105 '

974 1184 1111 1261 majoris
1138 1183 1295 1245 solemnis
1324 1184 1359 1244 in
1394 1184 1535 1260 singulis
1565 1184 1767 1260 supradietis

973 1279 1208 1343 festivitatibus
1221 1282 1362 1343 debeant
1374 1283 1563 1343 contenire.
1580 1283 1649 1344 Nos
1665 1281 1770 1357 igitur

975 1379 1191 1449 attendentes,
1208 1380 1294 1457 quod
1307 1396 1350 1441 ex
1366 1379 1554 1455 lmJusmodi
1569 1380 1707 1441 arbitrio
1723 1379 1771 1439 li·
1877 1410 1881 1421 ·

975 1477 1087 1539 bertas
1121 1479 1272 1540 ecclesias
1301 1478 1420 1539 vestrae
1444 1477 1624 1551 mirruitur,
1655 1480 1688 1539 et
1711 1492 1772 1555 per

975 1576 1251 1639 substractionem
1265 1577 1313 1638 tot
1331 1592 1548 1654 personarum
1570 1575 1772 1637 solemnitati

976 1675 1183 1737 subtrahitur
1206 1675 1406 1746 divinorum,
1429 1674 1620 1736 auctoritati
1643 1688 1774 1752 quoque
1820 1750 1823 1757 Ι

975 1774 1067 1837 Sedis
1081 1773 1291 1851 apostolieae,
1302 1773 1355 1833 eui
1370 1773 1528 1850 praedicta
1541 1772 1682 1833 ecclesia
1697 1787 1775 1832 ues-

975 1874 1027 1934 tra
1049 1874 1099 1934 est
1116 1871 1206 1933 nullo
1232 1872 1397 1933 mediante
1421 1870 1774 1949 subjecta,plnrin1um

976 1971 1165 2048 derogatur,
1187 1987 1263 2032 eum
1285 1970 1348 2031 etsi
1373 1970 1559 2032 voluissent
1580 1968 1774 2030 servitutem
1877 2034 1880 2039 ,

978 2070 1147 2146 imponere
1160 2068 1210 2130 rei
1219 2068 1260 2129 ad
1271 2068 1373 2130 alium
1383 2068 1576 2145 pertinenti,
1590 2066 1638 2127 sic
1651 2064 1775 2127 (lictum

978 2167 1153 2229 arbitrium
1189 2167 1344 2228 duximus
1380 2166 1651 2242 temperandum,
1687 2161 1775 2241 quod

978 2266 1130 2327 eeclesiae
1151 2265 1258 2327 saneti
1279 2264 1415 2326 Martini
1438 2264 1547 2324 boner
1562 2262 1690 2323 debitus
1713 2260 1778 2321 im-

979 2364 1153 2442 pendatur,
1170 2364 1202 2425 et
1216 2361 1360 2425 ecclesia
1370 2362 1482 2423 uestra
1497 2361 1572 2439 plus
1583 2359 1693 2422 debito
1708 2374 1777 2421 non
1795 2412 1801 2425 .

979 2461 1146 2539 gravetur,
1155 2460 1415 2538 uidelicet‚quod
1431 2461 1466 2521 in
1483 2458 1660 2520 antedictis
1676 2456 1774 2518 festi-

980 2560 1137 2624 vitatibus
1151 2560 1219 2622 tres
1232 2559 1394 2620 duntaxat
1404 2557 1558 2619 canonici
1568 2558 1665 2634 juxta
1679 2555 1776 2633 prio·
1857 2566 1863 2581 ·

875 2665 876 2669 ’
979 2659 1026 2720 ris
1040 2657 1325 2730 arbitrium,naere
1341 2656 1437 2717 solito
1451 2655 1492 2717 ad
1508 2654 1683 2717 ecclesiam
1699 2668 1777 2714 con·

979 2756 1116 2818 veniant
1156 2766 1399 2827 memoratam,
1448 2752 1637 2830 huJ'usmodi
1688 2750 1778 2811 enim
1856 2758 1869 2767 ·

981 2854 1206 2917 moderatione
1228 2854 1371 2925 servata,
1388 2853 1421 2913 et
1435 2851 1538 2928 quieti
1553 2850 1673 2912 uestrae
1692 2863 1777 2911 con-

981 2953 1112 3025 sulitur,
1127 2953 1160 3014 et
1173 2951 1374 3013 cathedralis
1395 2948 1537 3011 eeclesia
1558 2946 1778 3009 nibilominus

981 3051 1175 3112 honoratur.
1193 3048 1284 3111 Nulli
1300 3065 1391 3124 ergo,
1409 3049 1509 3110 ete...
1526 3047 1649 3108 nestrae
1668 3043 1778 3105 mode·

981 3148 1133 3217 rationis,
1148 3148 1262 3209 etc.....
1282 3147 1316 3207 Si
1332 3147 1406 3224 quis
1422 3146 1544 3215 antem,
1562 3144 1612 3205 etc
1616 3186 1676 3203 .....
1707 3144 1779 3202 Da-

981 3250 1051 3310 tum
1064 3246 1318 3317 Laterani,le
1331 3244 1492 3305 kalendas
1508 3241 1679 3313 februarii,
1696 3254 1782 3315 pen-

983 3345 1126 3408 tificatns
1139 3344 1244 3407 nostri
1260 3358 1349 3405 anne
1364 3342 1483 3420 primo.

1324 3599 1441 3686 CLXI

1062 3810 1116 3871 Ao
1129 3805 1359 3882 prccposttum
1377 3805 1485 3879 plebis
1504 3805 1545 3863 dc
1568 3801 1703 3862 Brtssio

1177 3906 1421 3966 Mcdtotoracas.
1438 3902 1602 3963 discessis.

1277 4063 1311 4121 ta
1327 4060 1389 4136 ian.
1411 4060 1490 4119 llll.

1017 4243 1091 4309 [Cod.
1103 4242 1149 4293 lat.
1159 4239 1230 4301 abst,
1241 4256 1268 4305 p.
1282 4239 1321 4293 ee.
1337 4239 1395 4291 llss.
1410 4237 1590 4303 bibliotheque
1601 4233 1754 4295 nationale]

986 4403 1142 4477 Praeposito
1155 4401 1245 4476 plebis
1255 4400 1290 4458 de
1300 4399 1406 4459 Brissio
1418 4397 1640 4458 Mediolanensis
1650 4391 1783 4451 dioecesis
1890 4428 1895 4438 ·

1022 4494 1166 4568 significat
1186 4507 1218 4550 se
1238 4492 1382 4548 relaxasse
1396 4488 1568 4545 sententiam
1587 4480 1785 4556 suspensionis

1022 4584 1110 4641 latam
1120 4591 1217 4640 contra
1233 4579 1369 4638 clericum
1379 4577 1517 4643 Setinum,
1533 4575 1581 4646 qui
1597 4575 1785 4645 praeoptatus

1023 4670 1115 4730 fuerat
1127 4677 1241 4744 propter
1255 4666 1448 4740 receptionem
1462 4664 1619 4720 litterarum
1635 4657 1781 4725 falsarum,

1023 4776 1088 4819 cum
1104 4774 1161 4817 non
1175 4757 1307 4833 probetur
1326 4753 1460 4817 eumdem
1477 4751 1595 4807 scivisse
1612 4748 1675 4804 illas
1697 4743 1786 4803 fuisse

1024 4850 1120 4908 falsas.

1029 5021 1089 5083 illo
1103 5017 1159 5097 qni
1171 5016 1304 5078 mentiri
1324 5029 1389 5074 non
1406 5010 1512 5089 potest
1531 5005 1718 5069 affirmante
1733 5005 1787 5066 di-

990 5120 1141 5190 dicimus,
1157 5115 1241 5194 quod
1266 5109 1498 5174 misericordes
1522 5105 1786 5167 misericordiam

991 5210 1325 5294 consequentum-qui
1347 5209 1447 5270 etiam
1470 5222 1532 5267 nos
1556 5202 1788 5265 misericordia

991 5317 1108 5392 dignos
1129 5310 1281 5374 invenire
1305 5307 1509 5376 desiderans,
1531 5302 1648 5373 estote,
1665 5300 1784 5378 inquit,

992 5399 1788 5483 misericordessicutetpateruestermisericors

993 5513 1054 5585 est,
1069 5509 1125 5588 qui
1140 5507 1220 5570 facit
1239 5506 1341 5567 solem
1353 5519 1449 5565 suum
1466 5499 1548 5563 oriri
1568 5513 1669 5575 super
1683 5496 1787 5555 bonos

993 5610 1027 5673 et
1041 5608 1156 5680 malos,
1171 5605 1204 5667 et
1218 5603 1303 5682 pluit
1315 5616 1415 5680 snper
1425 5598 1534 5679 justos
1549 5595 1675 5677 pariter
1688 5592 1720 5655 et
1735 5592 1791 5653 in·

1711 240 1770 301 les
1876 252 1882 263 ‘
