3802 6166
126 316 187 375 437

126 474 184 552 qui
198 466 395 551 apostolicae
411 475 505 539 Sedis
519 474 621 537 itrltus
635 475 832 538 anctoritate
848 492 922 554 quae

125 572 337 649 postulantur
349 572 506 635 exhibeat
519 588 633 635 :neca
646 589 810 652 quoquam
822 574 924 635 eccle·

126 671 186 731 siae
207 669 348 731 alterius
372 671 529 749 episcopo
543 686 644 748 super
655 671 718 733 boc
731 672 922 735 contradic-

124 768 262 840 tionem,
279 770 337 830 aut
354 768 534 845 nequitiam
562 770 715 846 patiatur.
742 772 925 846 Eapropter

125 882 257 927 omnem
284 865 461 942 cnjuslibet
486 867 635 928 ecclesiae
659 868 863 929 sacerdotem
887 868 921 929 in

124 963 264 1039 praefato
279 962 367 1025 beati
382 964 550 1025 Benedicti
575 966 775 1026 monasterio
798 966 921 1026 dictio-

125 1077 201 1121 nem
217 1060 396 1138 quamlibet
411 1060 545 1134 babere,
562 1063 808 1139 praeterSedem
823 1066 924 1141 Apos-

124 1158 272 1232 tolicam,
288 1159 511 1235 probibemus.
526 1159 760 1221 Obeuntevero
775 1164 818 1232 te,
835 1177 923 1223 nunc

125 1257 274 1333 ejusdem
297 1256 360 1317 loci
389 1256 518 1329 abbate,
548 1258 600 1318 vel
625 1259 757 1319 tuorum
777 1259 923 1335 quolibet

126 1369 368 1426 successorum,
395 1352 506 1415 nullus
529 1353 588 1427 ibi,
616 1356 762 1432 qualibet
785 1372 922 1432 surrep-

129 1451 230 1513 tionis
256 1451 388 1523 astutia,
417 1468 478 1513 seu
505 1453 665 1515 violentia
694 1456 919 1530 praeponatur,

124 1548 193 1608 nisi
213 1565 309 1625 quem
330 1548 449 1610 iratres
473 1550 639 1610 communi
667 1566 841 1621 consensu,
869 1548 921 1611 vel

125 1645 263 1707 fratrum
289 1662 366 1722 pars
390 1645 521 1707 consilli
550 1646 710 1718 sanioris,
742 1648 921 1708 secundnm

124 1744 183 1803 ilei
210 1744 362 1805 timorem
388 1748 421 1804 et
446 1743 534 1805 beati
559 1746 730 1806 Benedicti
754 1746 919 1820 reguiam,

125 1839 295 1916 elegerint.
322 1842 451 1903 Electus
473 1843 621 1903 autema
646 1845 804 1903 Romanae
827 1843 921 1904 Sedis

124 1937 285 1999 Pontifice
306 1939 529 1999 consecretur.
552 1941 766 2001 Decernimus
787 1957 866 2017 ergo
887 1942 923 2002 ut

123 2034 208 2095 nulli
240 2037 375 2097 omnino
408 2036 579 2096 hominum
613 2037 712 2098 liceat
748 2038 921 2115 praefatum

122 2133 361 2194 monasterium
375 2134 498 2194 temere
524 2133 734 2211 perturbare,
765 2136 823 2197 aut
850 2139 921 2212 ejus

122 2230 352 2306 possessiones
371 2231 514 2303 auferre,
540 2232 593 2292 vel
622 2230 749 2293 ablatas
764 2232 920 2302 retinere,

121 2326 286 2397 minnere,
302 2343 361 2388 seu
387 2325 586 2403 quibuslibet
600 2328 832 2390 vexationibus
846 2329 923 2391 rau-

121 2440 225 2499 gare;
243 2424 300 2486 sed
318 2425 430 2485 omnia
451 2425 580 2501 integra
600 2441 715 2487 eorum
735 2429 920 2500 serventur,

122 2537 183 2598 pro
195 2537 335 2599 quorum
352 2521 594 2599 gubernatione
608 2539 647 2584 ac
667 2525 920 2596 sustentatione,

122 2635 281 2680 concessa
297 2620 384 2692 sunt,
401 2621 515 2681 usibus
529 2620 919 2698 omnimodisprosutura,

123 2716 217 2778 salva
233 2717 327 2778 Sedis
340 2718 537 2794 spostolicae
552 2720 760 2791 auctoritate,
778 2720 810 2781 et
831 2722 923 2781 Prae-

127 2815 248 2874 nestini
263 2816 410 2891 episcopi
424 2817 584 2877 canonica
595 2816 726 2892 Justitia
739 2817 774 2877 in
790 2817 919 2889 Pontia,

123 2911 207 2973 Aille
222 2913 254 2973 et
268 2914 403 2989 Rojate‚
421 2913 507 2975 sicut
526 2915 560 2973 in
584 2913 803 2975 instrumento
825 2930 920 2975 com-

124 3009 301 3086 positionis
315 3010 357 3072 de
369 3011 540 3087 utriusque
555 3011 660 3088 partis
680 3027 819 3073 assensu
834 3012 921 3073 sacto

121 3107 243 3167 exinde
258 3108 456 3170 continetur.
474 3108 508 3169 Si
524 3123 589 3185 qua
606 3108 708 3184 igitur
720 3108 756 3169 in
774 3109 920 3170 futurum

122 3204 377 3278 ecclesiastica,
403 3206 616 3267 saecularisve
644 3222 807 3283 persona,
835 3206 920 3268 banc

122 3304 247 3363 nostrae
262 3302 508 3365 constitutionis
517 3304 670 3380 paginam
685 3304 793 3365 sciens
803 3306 920 3366 contra

121 3415 194 3460 eam
210 3401 333 3461 temere
347 3401 463 3462 venire
477 3401 664 3470 tentaverit,
681 3401 837 3472 secundo,
852 3403 922 3463 ter-

120 3496 211 3558 tiove
224 3497 435 3570 commonita,
447 3497 511 3559 nisi
522 3500 651 3559 reatum
662 3515 757 3558 suum
774 3514 920 3574 congrua

122 3592 352 3656 satisfactione
373 3595 568 3666 correxerit,
588 3597 750 3671 potestate
766 3595 922 3657 bononis-

121 3707 185 3768 que
202 3692 255 3752 sui
271 3694 383 3753 careat
397 3692 569 3769 dignitate,
583 3708 742 3770 reamque
757 3710 792 3754 se
808 3693 920 3755 divino

117 3785 247 3864 judicio
280 3787 426 3847 existere
458 3789 616 3864 perpetua
646 3787 819 3864 iniquitate
841 3804 921 3863 cog-

121 3884 248 3954 noscat,
278 3884 310 3945 et
334 3885 598 3947 asacratissimo
617 3901 755 3963 corpore
776 3902 815 3947 ac
841 3902 922 3947 san-

120 3981 287 4056 guinebei
300 3983 333 4043 et
341 3982 471 4043 Domini
482 3983 710 4059 Redemptoris
723 3984 828 4045 nostri
840 3987 920 4047 lesu

121 4079 244 4139 Christi
255 4079 443 4151 alienafiat,
458 4081 596 4157 aiquein
608 4082 919 4143 extremoexamine

120 4176 279 4238 districtae
299 4176 470 4254 subjaceat
493 4178 630 4253 ultioni3
656 4179 784 4240 cunctis
808 4182 919 4240 autem

120 4273 228 4335 eidem
241 4274 314 4335 loco
325 4288 385 4335 sua
396 4276 475 4351 jura
491 4274 701 4337 servantibus
713 4276 757 4337 sit
771 4292 837 4353 pax
853 4278 921 4337 Do-

120 4370 204 4431 mini
231 4371 335 4431 nostri
360 4374 440 4434 desu
464 4371 597 4445 christi,
621 4374 783 4449 quatenus
804 4375 837 4434 et
864 4373 919 4434 bic

121 4466 263 4530 nuatum
277 4467 373 4530 bonae
392 4469 533 4531 actionis
548 4469 744 4547 percipient,
774 4471 807 4532 et
832 4470 918 4548 apud

77 4644 80 4651 Ι
119 4564 306 4626 districtum
328 4566 476 4643 judicem
505 4567 643 4645 praemia
667 4567 800 4630 aeternae
826 4569 918 4645 pacis

119 4662 303 4724 inveniant.
322 4666 437 4725 nmen.

158 4764 227 4836 Ego
246 4762 413 4822 Honorius
437 4762 610 4824 catholicae
623 4763 775 4825 ecclesiae
789 4764 919 4841 episco-

119 4875 192 4939 pus.
215 4861 333 4919 Datum
359 4859 519 4935 Anagniae
534 4876 594 4937 per
618 4876 752 4921 manum
768 4862 917 4923 Rainerii

120 4959 153 5017 S.
172 4959 210 5018 R.
228 4958 263 5017 Ε.
279 4956 558 5031 vicecancellarii,
575 4958 636 5019 xn
658 4958 818 5020 kalendas
826 4959 915 5037 julii,

118 5053 302 5115 indictione
317 5056 356 5125 V,
374 5055 618 5117 incarnationis
633 5056 814 5118 Dominicae
829 5072 917 5118 anno

119 5152 305 5217 MCCXVII.
321 5152 531 5227 pontificatus
548 5169 627 5215 vero
640 5153 765 5214 domini
778 5155 916 5215 Honorii

119 5264 214 5328 papae
231 5252 274 5309 lii
291 5265 377 5311 antro
393 5250 510 5327 primo.

755 318 1087 399 salamanna.
1111 320 1136 379 1.

1267 506 1488 594 nocibili

1115 660 1168 719 Ad
1179 660 1406 733 praepositum
1420 661 1506 720 aclis
1522 658 1634 719 Lacte.

1276 781 1312 838 20
1322 780 1385 854 jun.
1402 780 1481 839 1217.

1024 902 1160 969 [ciperani.
1175 904 1335 970 spicilegium
1347 905 1555 969 Liberianum,p.
1569 903 1625 961 m,
1639 916 1665 952 n.
1675 898 1728 965 Ἀ]

977 1020 1009 1077 T.
1020 1023 1170 1095 preposito
1178 1024 1351 1083 vellisbucis
1360 1022 1519 1080 libertatem
1529 1029 1557 1078 et
1566 1019 1775 1078 immunitatem

1013 1111 1142 1168 ecclesiae
1152 1113 1179 1169 S.
1194 1112 1297 1181 Quirici
1308 1127 1358 1186 per
1366 1112 1536 1185 magistrum
1546 1112 1578 1167 B.
1588 1109 1624 1166 de
1631 1119 1775 1166 consensu

1013 1200 1043 1258 P.
1057 1203 1170 1258 comitis
1183 1202 1358 1261 cellanensis
1373 1214 1527 1258 concessas
1541 1197 1701 1258 conilrmat.

1016 1325 1185 1386 Honorius
1195 1326 1383 1404 episcopus,
1396 1339 1692 1388 servasservorum
1701 1321 1772 1393 Dei,

977 1422 1096 1484 dilecto
1109 1422 1178 1484 illio
1193 1426 1230 1485 Τ.
1248 1425 1425 1502 preposito
1440 1423 1540 1486 vallis
1555 1421 1664 1493 Lucis,
1683 1418 1777 1480 salu-

977 1521 1042 1580 tem
1053 1521 1086 1581 et
1097 1521 1318 1597 apostolicam
1333 1521 1606 1582 benedictionem.

1017 1619 1122 1688 Quum
1138 1634 1157 1678 a
1173 1618 1268 1679 nobis
1291 1618 1414 1694 petitur
1428 1617 1513 1695 quod
1531 1616 1657 1692 justum
1679 1614 1728 1674 est
1743 1612 1776 1674 et

976 1712 1163 1786 honestum,
1184 1716 1251 1775 tam
1267 1716 1362 1791 vigor
1374 1713 1553 1792 aequitatis
1570 1728 1668 1789 qnam
1693 1709 1775 1771 ordo

977 1812 1081 1887 exigit
1110 1811 1263 1884 rationis,
1296 1815 1331 1874 ut
1360 1812 1392 1873 id
1426 1827 1485 1889 per
1517 1807 1775 1871 sollicitudinem

977 1905 1773 1987 offleiinostriaddebitumperducatureilectum.

977 2008 1169 2083 Eapropter,
1185 2007 1304 2069 dilecte
1321 2008 1354 2067 in
1371 2007 1509 2068 Domino
1521 2005 1579 2077 iili,
1597 2004 1663 2065 tuis
1672 2002 1774 2079 justis

978 2104 1190 2181 petitionibus
1204 2106 1299 2180 grato
1311 2105 1546 2166 concurrentes
1561 2117 1714 2171 assensu,
1730 2098 1775 2160 li-

976 2201 1136 2263 bertatem
1149 2205 1182 2264 et
1194 2201 1595 2264 immunitatemecclesiae
1612 2216 1639 2259 s.
1649 2196 1775 2270 Quirici

977 2299 1036 2360 tibi
1054 2299 1221 2376 subjectae,
1236 2316 1296 2377 per
1306 2299 1501 2375 magistrum
1509 2301 1545 2359 Β.
1557 2297 1598 2359 de
1608 2309 1774 2357 consensu

977 2397 1076 2458 clarae
1088 2397 1254 2459 memoriae
1263 2397 1439 2459 P.comitis
1449 2394 1657 2457 cellanensis
1672 2391 1775 2469 pieta·

976 2494 1020 2555 tis
1038 2494 1173 2557 obtentu
1189 2511 1384 2565 concessas,
1401 2495 1488 2555 sicut
1502 2493 1536 2553 in
1552 2490 1774 2554 instrumento

978 2590 1350 2668 publicoindeconiecto
1359 2592 1489 2669 plenius
1498 2584 1772 2659 continetur,tibi,

976 2683 1774 2767 etperteipsiecclesiae,auctoritatenpestolica,

976 2786 1211 2848 confirmamus
1227 2788 1259 2849 et
1274 2786 1447 2863 praesentis
1460 2785 1574 2862 scripti
1588 2781 1774 2862 patrocinio

976 2884 1228 2945 communimus.
1246 2883 1338 2945 Nulli
1348 2899 1427 2959 ergo
1452 2882 1587 2944 omnino
1601 2879 1775 2941 hominum
1887 2946 1893 2951 ,

976 2981 1076 3043 liceat
1088 2982 1174 3043 banc
1198 2983 1353 3058 paginam
1372 2982 1493 3043 nostrae
1511 2975 1774 3041 confirmationis

976 3078 1158 3155 infringere
1180 3080 1232 3140 vei
1252 3080 1283 3140 ei
1303 3095 1385 3139 ausu
1401 3078 1579 3140 temerario
1594 3074 1773 3138 contraire.

977 3175 1011 3236 Si
1027 3175 1101 3253 quis
1122 3176 1232 3237 antem
1255 3176 1318 3237 boc
1333 3176 1497 3236 attentare
1510 3171 1771 3251 praesumpserit,

975 3273 1237 3349 indignationem
1246 3270 1550 3348 omnipotentisilei
1559 3270 1592 3331 et
1601 3268 1774 3330 beatorum

976 3370 1065 3431 Petri
1081 3371 1113 3431 et
1135 3369 1231 3432 Pauli
1245 3370 1477 3448 Apostolorum
1497 3370 1570 3446 ejus
1592 3381 1628 3427 se
1644 3363 1775 3425 noverit

975 3468 1199 3528 incursurum.

1017 3566 1135 3627 Datum
1147 3563 1318 3641 Anagniae,
1333 3562 1528 3625 duodecimo
1539 3559 1701 3623 kalendas
1708 3560 1771 3636 ju·

976 3662 1024 3734 lii,
1040 3662 1249 3740 pontificatus
1265 3661 1370 3723 nostri
1385 3678 1474 3723 anno
1486 3660 1605 3738 primo.

1264 3856 1480 3946 CGGXLIV

976 4014 1026 4071 Ad
1034 4013 1193 4086 priorem
1202 4010 1236 4071 et
1248 4010 1453 4071 coniventem
1465 4009 1769 4070 centaldnlcnscm.

1265 4130 1301 4189 ti
1314 4134 1380 4190 lun.
1399 4132 1479 4188 1217.

975 4246 1110 4312 [biitereilb
1122 4248 1234 4298 Annales
1243 4246 1459 4303 camaldulenses,
1467 4251 1484 4295 i.
1495 4244 1653 4309 iV,appand.
1664 4258 1690 4307 p.
1701 4241 1771 4307 371]

975 4354 1117 4412 Honorius
1128 4356 1169 4413 iil
1186 4353 1336 4411 conilrmat
1357 4353 1563 4410 monasterium
1575 4350 1772 4424 l'angatiense

1140 4440 1261 4501 Gnidoni
1277 4441 1364 4515 priori
1378 4440 1598 4501 camaldulensi.

1013 4570 1180 4632 Honorius
1189 4569 1374 4646 episcopus,
1385 4584 1501 4630 servus
1512 4581 1684 4629 servorum
1694 4564 1766 4637 Dei,

973 4667 1102 4729 dilectis
1120 4667 1197 4727 iiiiis
1210 4666 1314 4744 priori
1335 4669 1368 4729 et
1391 4664 1569 4728 conventui
1585 4661 1768 4724 camaldu-

972 4765 1058 4826 lensi
1073 4765 1215 4826 salutem
1230 4766 1263 4826 et
1277 4763 1492 4840 apostolicam
1512 4761 1768 4824 bendictionem.

1013 4865 1049 4924 In
1081 4862 1201 4924 litteris
1235 4862 1344 4924 felicis
1379 4861 1548 4923 memoriae
1583 4856 1768 4921 innocentii

972 4964 1071 5039 Papae
1086 4958 1341 5037 praedecessoris
1355 4958 1459 5020 nostri
1474 4958 1523 5020 sic
1539 4955 1768 5035 perspeximus

972 5059 1159 5133 contineri:
1191 5057 1405 5119 Innocentius
1433 5056 1626 5133 episcopus,
1648 5069 1768 5115 servus

972 5171 1143 5217 servorum
1159 5155 1228 5226 bei,
1252 5153 1381 5216 dilectis
1405 5153 1484 5214 filiis
1503 5151 1607 5231 priori
1628 5151 1662 5213 et
1684 5166 1769 5213 con-

972 5253 1084 5315 ventur
1105 5252 1362 5325 camaldulensi,
1388 5251 1528 5314 salutem
1551 5250 1585 5313 et
1604 5248 1768 5328 apostoli-

972 5367 1043 5412 cam
1059 5349 1334 5412 benedictionem.

1012 5450 1118 5520 Quum
1141 5447 1264 5507 dudum
1285 5446 1325 5508 ad
1342 5447 1581 5509 correctionem
1602 5447 1635 5507 et
1655 5443 1766 5505 reior-

971 5547 1150 5607 mationem
1172 5544 1365 5606 monasterii
1392 5546 1432 5607 de
1454 5542 1653 5621 vangaditia
1673 5540 1770 5602 labo-

971 5645 1082 5706 rantes
1103 5642 1265 5722 proilcere
1280 5660 1345 5705 non
1361 5659 1545 5729 possemus,
1568 5657 1631 5704 nec
1649 5639 1768 5719 liujus·
