3802 6166
133 308 188 369 213
386 308 503 371 XVIII.
517 337 560 353 -
573 308 617 370 IN
639 308 891 372 Nnvlvmavh
912 311 1062 373 SANCTI
1082 312 1261 375 ioannis
1280 314 1511 378 BAPTISTAE.
1720 320 1781 383 aii
1814 304 1818 314 ¹

133 470 261 531 terrena
277 464 456 540 desideria,
472 466 510 530 ut
522 467 557 530 ln
569 467 612 530 lis
625 470 770 533 mentem
785 468 927 550 sepeliat
980 472 1174 549 poenitentia
1182 472 1262 536 dicit
1270 475 1375 537 David
1388 495 1396 536 ε
1408 476 1537 541 neem
1544 478 1670 553 taciem
1683 479 1779 544 inam

134 564 292 629 advocati.
309 564 415 629 Vocat
437 567 526 629 Deus
549 565 591 629 ad
615 567 736 630 coelum
753 568 789 630 ut
803 569 925 646 gaudio
979 584 1003 632 a
1021 573 1172 646 peccatis
1196 574 1285 635 meis
1308 570 1377 654 (Pe.
1404 575 1455 648 50,
1485 575 1549 656 lo).
1577 576 1779 641 Paenitentia

133 663 254 727 coelesli
272 662 413 727 reliciat.
438 665 618 743 Sequitur:
639 668 697 740 qai
707 667 925 742 preparent
980 684 1122 746 namque
1136 671 1363 746 tegumentum
1377 674 1429 736 est
1447 676 1669 751 peccatorum,
1687 678 1724 738 ut
1738 692 1778 739 ea

132 766 221 824 etam
235 765 320 825 ante
333 765 458 838 faciem
472 764 605 825 taam...
629 763 786 843 (Malach.
809 781 859 837 111,
879 764 923 844 i).
980 768 1066 828 Deus
1094 784 1159 829 non
1174 769 1285 831 videat
1304 769 1345 832 ad
1360 770 1504 849 poenam.
1519 772 1603 845 Quia
1623 775 1708 836 sicut
1723 774 1777 836 la-

165 860 797 938 llancviampraeparavltloannesante
807 862 924 925 taciem
979 880 1098 927 vamur
1112 868 1154 928 ab
1168 867 1325 945 originali
1340 870 1476 946 peccato
1493 885 1553 948 per
1563 871 1777 949 baptismum,

132 958 252 1021 Christi
267 958 490 1037 praedicando,
515 959 602 1021 sicut
617 959 656 1022 de
670 960 729 1023 illo
745 962 838 1038 pater
852 964 925 1039 ejus
979 961 1028 1025 sic
1042 964 1241 1027 mundamur
1255 965 1296 1028 ab
1311 967 1434 1029 actuali
1457 984 1518 1046 per
1536 969 1777 1046 poenitentiam.

131 1056 306 1120 menariae
316 1056 517 1135 prophetans
529 1058 657 1121 aitzltt
662 1061 925 1136 mterproplteta
978 1063 1025 1124 De
1050 1062 1169 1141 quihus
1193 1080 1253 1142 per
1281 1065 1492 1129 Psalmistam
1518 1066 1661 1129 dicitur:
1677 1069 1778 1130 Beati

130 1155 297 1218 altissimi
308 1156 503 1229 aecclesie:
511 1159 655 1230 pretiis
664 1161 758 1220 anim
773 1158 854 1220 ante
865 1161 924 1232 sa·
979 1175 1127 1234 qnorum
1141 1167 1301 1226 rmnissce
1319 1165 1403 1227 snm
1419 1165 1631 1240 iniquitates,
1648 1167 1682 1228 et
1695 1182 1779 1241 qao-

130 1254 213 1314 ctem
249 1254 389 1315 Domini
419 1269 552 1328 parare
590 1258 667 1317 aias
707 1258 783 1328 ejas
815 1253 922 1335 (Cant.
978 1272 1061 1319 ram
1075 1259 1165 1321 tecta
1178 1260 1260 1322 sant
1270 1259 1556 1340 peccataffstil,
1572 1260 1616 1341 1).

130 1349 236 1420 Zach„
253 1348 301 1429 9).
318 1350 466 1423 Qualiter
482 1366 563 1414 vero
584 1353 672 1415 viam
687 1353 818 1415 Domini
838 1370 926 1431 prae·
1018 1355 1201 1430 Moriendo,
1224 1357 1302 1436 quia
1318 1359 1424 1436 magis
1442 1359 1547 1422 voluit
1564 1360 1777 1438 temporalem

130 1448 309 1525 paraverit,
333 1449 439 1511 isaias
451 1451 599 1513 'testatur
613 1450 747 1513 dicens:
764 1454 837 1514 Voce
850 1456 923 1514 cia·
978 1452 1079 1515 vitam
1095 1455 1258 1530 amittere,
1270 1473 1369 1535 quam
1383 1458 1556 1522 veritatem
1571 1458 1604 1520 et
1611 1459 1777 1537 justitiam

129 1547 257 1608 mantis
279 1548 318 1608 in
339 1548 496 1621 deserto;
510 1550 636 1623 parate
662 1553 757 1611 viam
777 1553 925 1612 Domino
978 1550 1128 1615 reticere.
1158 1554 1250 1616 Unde
1276 1555 1311 1617 in
1332 1556 1512 1633 Evangelio
1530 1556 1672 1633 legitur,
1698 1555 1777 1633 quia

130 1642 220 1721 (Luc.
235 1660 287 1716 ιιι,
300 1643 344 1724 l).
359 1646 432 1708 Vox
446 1646 510 1708 ista
523 1645 586 1708 suit
603 1649 760 1720 loannes,
777 1648 834 1724 qui
849 1647 923 1710 ideo
978 1664 1052 1710 cum
1067 1653 1265 1726 argueretur
1278 1652 1319 1714 ab
1334 1668 1374 1714 eo
1394 1652 1542 1715 Herodes
1562 1653 1696 1731 propter
1710 1655 1779 1714 He-

128 1757 190 1803 vox
214 1742 348 1815 dicitur,
370 1742 448 1821 quia
466 1742 611 1807 Verbum
632 1745 692 1808 Dei
715 1745 923 1807 incarnatum
978 1743 1150 1806 rodiadem
1165 1761 1305 1809 imorem
1328 1746 1443 1809 iratrls
1464 1748 1528 1821 sui,
1545 1748 1623 1828 qula
1638 1747 1779 1810 duxerat

129 1841 309 1916 praecessit.
331 1841 392 1903 Vel
406 1856 472 1904 vox
485 1843 631 1905 ioannes
644 1843 751 1905 dictus
766 1844 815 1904 est
834 1843 923 1904 adi·
978 1857 1063 1915 eam,
1080 1844 1172 1906 misit
1182 1845 1330 1908 Herodes
1346 1848 1380 1909 et
1398 1846 1569 1925 amputari·
1582 1846 1661 1909 tecit
1679 1849 1779 1924 caput

128 1939 263 2014 gnitate,
274 1940 353 2017 qnia
366 1941 487 2018 quanto
503 1955 570 2003 vox
581 1941 724 2003 vicinior
738 1942 788 2003 est
801 1941 921 2015 Ve'rho,
977 1941 1115 2003 ioannis
1139 1942 1175 2004 in
1200 1959 1346 2006 carcere.
1373 1942 1457 2018 Quia
1486 1945 1594 2006 omnis
1620 1959 1711 2021 ergo,
1741 1946 1777 2007 ut

127 2038 214 2098 tauto
229 2037 303 2114 ipse
317 2037 379 2099 luit
393 2039 426 2101 et
440 2039 489 2100 est
501 2038 632 2100 Christo
645 2040 873 2118 propinquior,
891 2042 923 2101 et
978 2036 1057 2098 dicii
1073 2037 1189 2101 heatus
1208 2042 1400 2117 Gregorius,
1418 2042 1474 2119 qui
1490 2040 1587 2103 iidem
1606 2041 1731 2103 rectam
1744 2041 1778 2103 et

129 2132 255 2196 caeteris
277 2134 504 2209 excellentior,
526 2137 583 2214 qui
604 2153 664 2214 pro
691 2137 743 2198 sui
763 2138 923 2214 dignitate
977 2133 1064 2196 hona
1079 2152 1179 2212 opera
1189 2137 1359 2214 praedicat,
1374 2139 1521 2201 venienti
1535 2141 1603 2200 Deo
1617 2138 1659 2200 ad
1675 2138 1776 2201 corda

129 2247 189 2293 nou
203 2234 334 2295 tantum
348 2232 519 2312 propheta,
534 2233 592 2296 sed
607 2238 641 2297 et
653 2236 827 2314 plusquam
840 2251 922 2312 pro·
978 2230 1182 2295 audientium
1203 2235 1293 2296 viam
1313 2239 1418 2313 parat·
1434 2237 1531 2299 Viam
1554 2252 1614 2298 nos
1629 2235 1776 2298 venienti

129 2330 254 2407 pheiaa
269 2330 409 2394 Domino
422 2330 543 2394 meruli
555 2332 728 2411 appellari.
745 2334 830 2394 Nam
848 2350 922 2395 cum
977 2331 1116 2393 Domino
1131 2332 1342 2409 praedicando
1352 2334 1385 2395 et
1399 2334 1516 2410 dignos
1531 2335 1658 2396 tructus
1673 2333 1777 2410 poeui·

130 2428 297 2505 prophetis
316 2429 483 2492 nuntiavit
495 2430 662 2492 Christum
675 2431 851 2492 venturum
865 2430 922 2493 di-
976 2428 1090 2490 tentiae
1105 2428 1258 2493 iaciendo
1273 2447 1509 2509 praeparemus,
1521 2434 1558 2495 ut
1570 2432 1629 2494 tali
1645 2431 1775 2508 hospite

131 2527 920 2609 cens:tfeniettortiormcpostmemua111,lo),

130 2626 159 2685 ei
168 2640 242 2685 cum
253 2624 412 2701 apostolis
423 2629 619 2704 praesentem
632 2627 776 2689 ostendit
789 2627 920 2689 dicens:

130 2724 210 2784 lioce
234 2726 355 2800 Aqnns
381 2727 456 2796 Dei,
491 2726 650 2799 eccequi
680 2722 764 2788 toltit
779 2726 923 2799 peccata

130 2824 244 2881 masidi
258 2817 368 2900 (toan.
384 2837 408 2894 1,
428 2820 494 2901 29).
510 2823 584 2886 Vox
599 2838 679 2899 ergo
696 2821 862 2884 clamabat
886 2823 921 2884 in

130 2915 267 2990 deserto,
284 2919 361 2997 quia
382 2918 499 2981 beatus
517 2921 663 2982 ioannes
686 2921 835 2998 Baptista
858 2921 921 2982 de-

130 3019 220 3077 sena
236 3032 276 3078 ac
299 3017 463 3079 destitutae
485 3017 664 3095 gentilitati
684 3018 921 3080 consolationis

129 3111 320 3176 heneficium
338 3114 512 3178 nuntiabat
526 3116 640 3177 dicens
656 3133 663 3177 :
680 3118 813 3179 Parate
828 3121 922 3180 viam

129 3215 268 3275 Domino
284 3212 414 3292 (Matth.
437 3229 489 3285 111,
504 3212 550 3293 3).
574 3217 644 3276 Hoc
668 3215 728 3288 est,
753 3215 921 3293 poeniten·

128 3309 201 3371 ham
226 3310 327 3387 agite,
357 3312 636 3391 appropinquavit
662 3313 753 3374 enim
782 3328 920 3390 regnum

128 3408 293 3470 calorum.

161 3506 351 3584 Tripliciter
388 3505 478 3569 viam
515 3506 655 3569 Domino
691 3509 919 3586 praeparavit:

126 3604 343 3680 predicando,
360 3603 568 3683 baptizando,
586 3604 772 3677 moriendo,
786 3606 920 3668 Praedi-

126 3703 238 3776 cando,
251 3702 406 3782 quoniam
421 3702 620 3780 baptismum
631 3719 695 3782 quo
704 3704 839 3783 peccata
853 3705 922 3766 sol-

125 3805 255 3871 vuntur,
275 3801 331 3879 qui
346 3801 445 3863 talem
464 3802 544 3863 dare
559 3818 625 3864 non
641 3801 782 3879 poterat,
798 3802 922 3881 praedi-

125 3899 227 3961 cabat.
250 3898 344 3962 Unde
365 3900 401 3961 in
421 3900 627 3976 Evangelio:
649 3901 747 3963 Venit
766 3903 921 3964 Ioannes

125 3997 282 4072 Baptista
302 4000 339 4059 tn
365 4013 505 4060 omnem
538 3999 716 4076 cepionem
742 4000 918 4071 tardastis,

120 4099 315 4169 praedicans
340 4096 547 4169 baptismam
566 4097 783 4171 poenitentia
803 4101 840 4158 tn
862 4113 921 4159 re·

124 4198 321 4256 missionem
333 4195 553 4269 peccatoram
568 4193 662 4274 (Luc.
678 4210 729 4267 ιιι,
753 4194 799 4274 3).
816 4197 921 4271 Egre-

123 4292 195 4367 gius
210 4291 408 4370 praedicator
423 4292 500 4370 quia
519 4307 559 4354 ea
576 4292 742 4370 praecipue
758 4292 921 4369 praedica-

123 4387 186 4462 bat,
213 4405 274 4466 per
295 4406 369 4468 quae
391 4405 472 4451 vera
498 4390 597 4452 datur
619 4391 772 4452 remissio
797 4406 919 4466 pecca-

976 2526 1121 2602 vegetati
1145 2527 1268 2590 Christi
1287 2545 1427 2591 munera
1443 2529 1648 2591 eternaliter
1666 2528 1777 2607 percl-

976 2638 1055 2701 pere
1065 2640 1265 2688 mereamur.

1016 2722 1120 2783 Item:
1135 2727 1219 2786 Dcce
1241 2725 1342 2788 mitto
1367 2731 1528 2802 artqeinm
1549 2741 1677 2788 meam.
1694 2728 1770 2787 Au-

976 2819 1071 2896 gelus
1086 2822 1294 2900 quadruplex
1312 2822 1458 2885 officium
1480 2823 1581 2886 habet
1598 2823 1633 2885 in
1655 2821 1773 2885 nobis:

976 2919 1201 2996 comparandi,
1213 2921 1403 2998 reparandi,
1415 2922 1601 2999 imperandi
1611 2922 1777 3000 etpraepa·

975 3016 1083 3079 randi.
1100 3019 1332 3095 comparandi,
1356 3020 1433 3097 quia
1450 3020 1660 3081 administrat
1679 3018 1775 3081 nohis

976 3113 1089 3176 divina
1112 3115 1284 3189 beneficia,
1315 3117 1349 3180 ei
1376 3118 1497 3195 accipit
1522 3135 1543 3180 a
1566 3116 1661 3179 nohis
1686 3116 1775 3178 hona

975 3211 1183 3290 temporalia,
1207 3216 1338 3293 quando
1359 3218 1577 3293 repraesentat
1600 3218 1667 3278 Deo
1686 3214 1775 3277 hona

976 3326 1078 3386 opera
1104 3313 1229 3385 nostra,
1257 3313 1344 3375 sicut
1372 3312 1453 3375 dicit
1475 3314 1614 3390 angelus
1638 3311 1773 3374 Tobiae:

976 3409 1115 3474 Quando
1136 3413 1260 3471 orabas
1285 3426 1364 3472 cnm
1384 3415 1558 3486 iacrymis,
1585 3426 1646 3488 eqo
1671 3410 1776 3472 ohtnti

975 3506 1168 3568 orationem
1194 3508 1291 3568 teiam
1322 3511 1469 3570 Domino
1498 3508 1595 3586 (Toh.
1618 3523 1678 3579 ιιι,
1707 3504 1771 3584 12).

976 3602 1121 3678 Angelus
1136 3601 1255 3665 obtulit
1279 3605 1463 3666 orationem
1485 3603 1596 3667 Tobiae
1619 3604 1771 3677 Domino,

975 3716 1042 3760 non
1058 3701 1144 3779 quod
1160 3704 1247 3763 Deus
1260 3717 1326 3764 non
1338 3701 1483 3764 audierit
1497 3703 1600 3775 illam,
1617 3702 1670 3764 vel
1685 3702 1772 3779 quod

975 3815 1041 3860 non
1054 3800 1237 3877 susceperit
1249 3801 1343 3862 illam
1355 3801 1457 3862 etiam
1474 3801 1547 3862 sine
1567 3801 1697 3877 angelo,
1714 3798 1773 3861 sed

975 3896 1098 3959 dictum
1122 3897 1174 3960 est
1197 3898 1312 3971 obtuit,
1344 3897 1441 3971 idest,
1469 3898 1654 3962 orationem
1683 3898 1773 3959 tuam

975 3995 1225 4073 precihusmeis
1240 3995 1364 4073 adjuvi.
1663 4076 1665 4082 Ι

1015 4093 1215 4171 Reparandi,
1243 4093 1322 4171 quia
1346 4093 1538 4157 visitatione
1561 4109 1621 4156 sua
1638 4109 1699 4155 nos
1713 4108 1774 4155 re-

975 4192 1071 4269 parat
1089 4191 1131 4253 ad
1155 4192 1307 4260 virtutes,
1330 4194 1364 4254 et
1385 4192 1550 4255 restaurat
1563 4192 1649 4254 hona
1672 4207 1774 4269 opera

974 4290 1100 4350 nostra.
1122 4289 1216 4352 Unde
1237 4290 1397 4351 Dominus
1412 4290 1448 4350 in
1466 4291 1648 4366 Evangelio
1660 4311 1668 4351 ι
1681 4293 1775 4352 Dan-

974 4389 1070 4448 dtnm
1085 4386 1136 4449 est
1161 4391 1292 4463 anqeiis
1311 4390 1375 4449 Dei
1388 4402 1495 4461 snper
1508 4400 1577 4449 nno
1590 4387 1773 4461 peccatore

122 4487 242 4562 torum,
279 4487 478 4566 baptismum
514 4488 651 4563 scilicet,
687 4491 720 4550 et
755 4489 921 4566 poeniten·
972 4485 1214 4559 poenttenttam
1226 4486 1351 4560 aqante
1366 4482 1459 4565 (Luc.
1477 4500 1534 4558 xv,
1549 4482 1595 4564 7).
1614 4483 1773 4544 Similiter

123 4587 212 4648 tiam.
974 4581 1225 4659 intelligendum
1245 4583 1295 4645 est
1319 4582 1405 4662 quod
1420 4582 1566 4659 gaudent
1580 4582 1620 4642 de
1641 4580 1773 4642 caeteris

110 4660 118 4682 ⁶
159 4684 377 4762 Baptizando,
401 4684 478 4762 quia
502 4683 703 4762 baptismum
718 4684 919 4762 poenitentiae
974 4678 1070 4743 honis
1090 4680 1259 4754 Ecclesiae,
1276 4681 1331 4743 vel
1348 4680 1479 4759 quando
1494 4679 1577 4756 justi
1596 4677 1773 4755 proliciunt

121 4783 306 4844 nonsolum
320 4782 524 4859 predicavit,
537 4782 595 4844 sed
608 4783 709 4844 etiam
724 4782 920 4860 quibusdam
974 4779 1009 4840 in
1030 4778 1126 4841 bonis
1148 4778 1315 4857 operibus,
1336 4778 1390 4840 vel
1412 4776 1544 4854 quando
1567 4775 1773 4837 collocantur

121 4881 221 4942 dedii.
247 4880 341 4942 Unde
361 4880 396 4940 iu
423 4879 603 4957 Evangelio
619 4902 626 4941 :
640 4882 741 4943 Multi
763 4881 919 4955 baptiza·
973 4877 1009 4938 in
1024 4875 1213 4938 coelestibus
1226 4874 1370 4937 sedibus.

120 4980 249 5041 bantur
285 4981 327 5039 ah
363 4992 414 5051 eo,
448 4979 648 5052 confitentes
679 4979 820 5054 peccata
855 4994 920 5041 sna
1014 4973 1213 5053 imperandi,
1226 4973 1304 5051 quia
1317 4972 1460 5049 imperat
1473 4969 1719 5047 malisangelis,
1729 4985 1772 5031 ne

120 5074 493 5156 (retinentissimo
508 5076 658 5154 estquod
675 5078 774 5138 Pater
789 5092 869 5137 suus
879 5076 919 5139 de
973 5072 1069 5135 honis
1085 5072 1236 5143 noceant,
1254 5070 1320 5132 nisi
1332 5070 1445 5132 adhoc
1460 5068 1568 5131 solum
1583 5070 1619 5131 ut
1630 5068 1769 5147 prosint.

119 5192 156 5237 eo
172 5174 556 5254 prophetaveratdicens
567 5178 795 5237 :necandam
807 5177 921 5237 seien-
974 5171 1068 5235 Unde
1091 5173 1238 5234 Joannes
1259 5169 1295 5230 in
1318 5167 1772 5246 apocalyps12ractamest

120 5276 205 5336 tiam
231 5273 356 5336 scintis
376 5276 464 5348 pieni
496 5276 582 5346 ejice,
611 5276 649 5335 in
679 5276 920 5336 remissionem
972 5273 1133 5344 proeiinm
1145 5283 1311 5344 magnam
1334 5269 1372 5328 in
1390 5265 1772 5338 coeio,h1tcttaeietan-

115 5373 469 5448 pecaatarmneamtm
478 5369 572 5450 (Luc.
587 5385 609 5444 1,
621 5370 687 5451 77).
699 5373 746 5434 De
755 5369 918 5447 baptismo
971 5370 1124 5445 peltatas
1136 5364 1388 5441 preliabantur
1403 5366 1641 5426 camaracam
1654 5360 1769 5440 (apoc.

118 5470 243 5549 legitur
271 5469 306 5530 in
331 5469 511 5546 Evangelio
535 5471 643 5532 :Nisi
670 5472 748 5543 qais
774 5469 919 5531 renatas
972 5482 1033 5538 ιιιι,
1049 5463 1094 5544 7).
1110 5462 1262 5538 Quotidie
1277 5462 1314 5524 tlt
1336 5462 1488 5540 praelium
1503 5461 1538 5522 in
1557 5461 1652 5532 coelo,
1672 5460 1767 5530 idest,

117 5568 227 5647 [miii
236 5582 284 5631 eta
291 5582 383 5644 aqua
394 5569 427 5630 et
437 5567 571 5642 Spiritu
580 5568 716 5641 Sancto,
728 5581 797 5628 non
804 5567 920 5630 intra·
972 5564 1007 5627 in
1021 5578 1100 5626 aere
1114 5563 1189 5634 isto,
1207 5561 1284 5622 dum
1308 5559 1388 5622 mali
1406 5560 1518 5637 angeli
1530 5558 1663 5622 student
1674 5556 1770 5619 nohis

119 5670 164 5733 tit
184 5672 222 5733 in
244 5680 394 5745 reqnnm
411 5671 576 5730 eceteram
595 5663 706 5748 (ioan.
730 5680 780 5738 111,
802 5663 847 5746 5).
871 5667 918 5729 De
972 5677 1103 5735 nocere,
1115 5660 1234 5725 athoni
1246 5658 1357 5737 angeli
1367 5673 1427 5721 uos
1438 5658 1570 5721 student
1580 5655 1768 5720 detondere.
