3802 6166
743 264 921 327 HONORII
941 264 988 327 111
1008 265 1160 329 OPERA.

440 432 624 522 ccxlix

120 672 173 733 Ad
188 668 396 746 muutstrum
410 668 445 731 et
458 668 592 742 fratres
607 670 729 729 donares
743 669 920 743 hosptialis

212 770 255 830 de
278 768 419 843 Vipneto
435 770 637 829 mardrinum.
653 770 820 829 dtoeccsts.

413 934 530 993 dmart.
547 934 628 993 llll.

52 1084 59 1093 ·
150 1058 273 1125 inerat,
285 1058 331 1110 lib.
342 1058 363 1118 l,
375 1059 449 1125 epist.
462 1058 518 1109 m
530 1059 588 1110 uss.
603 1060 641 1110 La
653 1058 728 1109 Porto
742 1058 777 1108 du
791 1056 886 1122 Tireil].

121 1213 180 1287 lpsi
198 1212 384 1287 ipsorumque
399 1211 475 1271 bona
490 1212 544 1271 sub
558 1214 734 1287 protectione
751 1210 828 1270 beati
842 1212 919 1270 Petri

417 1302 622 1377 suscipiuntur.

160 1446 342 1515 Honorius,
361 1448 437 1520 etc,
456 1447 586 1509 dilectis
607 1446 687 1508 filiis
707 1445 867 1522 magistro
886 1445 920 1508 et

121 1542 282 1606 fratribus
297 1544 414 1607 domus
428 1544 605 1623 hospitalis
620 1545 661 1607 de
675 1544 816 1621 l'igneto
830 1547 920 1605 Lau-

121 1641 244 1703 dnnen.
260 1642 425 1705 dioecesis.

160 1742 266 1804 iustis
291 1742 488 1819 petentium,
516 1742 597 1812 etc,
621 1755 730 1815 resque
752 1740 916 1803 inclinati.

121 1840 288 1901 Personas
302 1842 443 1912 vestras,
461 1839 495 1901 et
510 1840 644 1900 domum
663 1839 785 1916 ipsam,
801 1840 836 1901 in
854 1854 918 1916 qua

122 1936 235 1999 divino
248 1939 329 1999 estis
342 1938 501 2016 obsequio
513 1938 705 2015 mancipati,
720 1953 795 1999 cum
810 1936 920 1998 omni-

120 2033 183 2096 bns
202 2035 310 2109 bonis,
322 2052 396 2113 quae
410 2036 445 2098 in
464 2037 719 2113 praesentiarum
734 2035 920 2097 rationabi-

121 2132 199 2195 liter
213 2134 401 2211 possidetis,
415 2137 473 2197 aut
487 2135 522 2195 in
538 2134 685 2197 futurum
697 2134 797 2211 justis
812 2133 919 2195 modis

120 2233 300 2309 praestante
324 2234 465 2294 Domino
494 2233 646 2311 poteritis
673 2232 829 2310 adipisci,
857 2230 918 2292 sub

120 2328 210 2392 beati
231 2331 323 2392 Petri
350 2332 383 2393 et
405 2334 520 2394 nostra
544 2332 748 2409 protectione
772 2330 918 2406 suscipi-

120 2428 529 2505 mus3specialiterantom
539 2430 779 2506 possessiones,
789 2429 915 2500 hortos,

120 2526 155 2588 et
169 2527 236 2589 alia
251 2526 337 2587 bona
351 2529 464 2589 vestra
479 2526 566 2589 sicut
580 2528 691 2589 omnia
702 2530 793 2606 justo
809 2542 849 2587 ac
864 2541 919 2603 pa·

120 2622 216 2685 ciflce
237 2624 429 2701 possidetis,
454 2624 549 2688 robis
574 2626 608 2687 et
635 2640 695 2702 per
722 2640 781 2686 vos
809 2623 917 2685 eidam

120 2720 234 2782 domui
255 2723 374 2783 vestrm
402 2722 600 2783 auctoritaie
626 2722 815 2799 Apostolica
843 2736 919 2783 con·

121 2818 310 2891 firmamus,
338 2822 372 2881 et
394 2819 568 2897 praesentis
591 2820 707 2896 scripti
733 2819 918 2896 patrocinio

121 2916 374 2978 communimus.
391 2917 484 2977 Nulli
499 2932 590 2992 ergo,
607 2920 683 2992 eto,
698 2919 820 2980 nostrae
840 2934 919 2995 pro-

122 3014 277 3076 tectionis
296 3015 330 3076 et
343 3015 615 3079 confirmationis,
634 3018 697 3078 etc.
718 3016 753 3077 Si
768 3015 842 3094 quis
856 3031 919 3078 au-

124 3112 199 3183 tem,
215 3113 278 3173 etc.

162 3210 280 3271 Datum
307 3208 479 3281 Laterani,
505 3210 620 3287 quinto
654 3227 760 3273 nonas
792 3213 916 3288 martii,

105 3300 333 3386 'pontificatus
347 3309 454 3371 nostri
468 3325 557 3370 anno
571 3309 690 3387 primo.

476 3516 570 3604 cdi

240 3715 294 3774 Ad
310 3714 539 3789 circumsitum
561 3714 594 3775 ef
612 3714 802 3789 capitulum

373 3814 664 3888 maurianensem.

413 3978 528 4035 limari.
546 3976 624 4035 1117.

123 4082 266 4148 [sancires
282 4082 315 4133 de
331 4082 356 4133 la
371 4082 469 4134 Socic'td
490 4083 684 4149 archdologiqno
700 4084 732 4135 de
749 4084 918 4151 llontpellier,

386 4167 405 4213 t.
421 4164 449 4223 v,
462 4178 489 4228 p.
502 4162 559 4223 baa,
572 4164 663 4229 nun]

122 4330 266 4407 indulget,
278 4339 320 4403 ut,
332 4333 358 4390 si
370 4332 484 4406 quando
498 4347 597 4391 eorum
611 4333 778 4407 parochiani
793 4334 920 4393 decimas

155 4420 280 4481 munere
299 4424 543 4497 presumpserint,
563 4423 626 4482 illas
646 4422 682 4482 ad
699 4422 919 4499 persolvendum

156 4513 338 4586 compellant.

160 4637 917 4715 Honoriusepisoopus,servasservorumDei,

4 4744 13 4755 '
122 4736 253 4799 dilectis
268 4738 346 4798 filiis
361 4737 540 4817 praeposito
555 4740 588 4799 et
602 4738 749 4814 capitulo
763 4738 918 4814 Magalo-

121 4836 229 4909 nensi‚
251 4836 393 4899 salutem
412 4837 445 4898 et
463 4836 687 4914 apostolicam
706 4835 918 4898 berredictio-

121 4950 210 4995 nem.

162 5033 200 5091 In
220 5031 391 5095 audientia
411 5032 525 5095 nostra
545 5033 596 5094 est
613 5033 817 5111 propositum
832 5034 918 5112 quod

121 5128 319 5206 parochiani
342 5131 445 5192 vestri
476 5132 622 5194 decimas
646 5132 798 5193 ecclesiis
823 5131 918 5193 vobis

122 5227 309 5289 commissis
333 5229 452 5291 nolunt
474 5246 550 5291 cnm
574 5230 765 5307 integritate
788 5230 920 5307 persol-

120 5342 211 5397 vere,
236 5326 386 5389 volentes
410 5342 453 5389 ex
476 5328 559 5404 ipsis
583 5344 748 5405 expensas
774 5330 918 5406 primum

122 5424 296 5496 deducere,
323 5441 406 5503 quas
430 5425 465 5485 in
487 5425 679 5498 seminibus,
702 5426 756 5488 rel
777 5443 919 5504 congre-

120 5523 239 5601 gandis
257 5522 420 5600 frugibus,
442 5538 502 5585 sen
526 5524 743 5601 agricultura,
764 5526 817 5588 rel
839 5525 918 5587 aliis

120 5622 240 5697 modis,
265 5620 384 5687 facisse
413 5622 607 5687 noscuntur.
636 5624 721 5698 Quia
742 5640 823 5689 vero
851 5640 918 5689 non

1711 270 1772 333 312

972 424 1093 489 debent
1104 426 1357 491 excusationem
1369 426 1462 489 illam
1472 426 1767 505 Deopraetandere,

973 526 1031 603 qui
1044 526 1181 589 tradidit
1194 527 1364 599 universa,
1380 542 1480 605 quam
1494 526 1663 589 militibus
1677 528 1768 590 scili-

973 626 1026 687 cet
1040 642 1107 687 non
1126 625 1346 703 praetendunt,
1362 642 1438 687 cum
1452 624 1574 703 qrribus
1592 629 1769 703 prouentus

973 740 1131 801 agrorum
1156 724 1364 802 frequentius
1388 726 1593 801 partiuntur,
1624 740 1771 801 praeseu-

972 823 1056 883 tinm
1074 822 1169 885 vobis
1190 823 1389 885 auctoritate
1407 823 1566 884 duximus
1589 822 1769 899 indulgen-

973 921 1067 995 dum,
1087 921 1190 998 qnod,
1213 921 1394 1000 siquando
1416 920 1547 999 praefati
1575 922 1770 999 parochiani

973 1019 1034 1079 snb
1055 1021 1242 1081 velamento
1264 1021 1330 1082 isto
1352 1019 1498 1081 decimas
1512 1020 1665 1081 retinere
1685 1036 1769 1098 [111-

973 1119 1185 1195 sumpserint‚
1215 1119 1248 1180 et
1271 1134 1342 1191 eas,
1367 1118 1453 1180 sicut
1475 1119 1667 1195 antiquitus
1692 1135 1768 1181 con·

973 1218 1103 1279 suetum
1124 1219 1186 1288 est,
1215 1218 1291 1293 post
1311 1217 1605 1278 commonitionem
1629 1220 1768 1279 vestram

973 1314 1152 1388 noluerint,
1172 1315 1246 1376 sine
1263 1315 1381 1377 talium
1400 1330 1626 1393 expensarum
1647 1315 1767 1377 deduc-

972 1414 1074 1484 tione,
1104 1415 1308 1491 persolvere,
1341 1413 1564 1491 compellendi
1596 1429 1672 1487 eos,
1702 1416 1768 1475 sine

973 1511 1207 1590 appellationis
1229 1512 1415 1585 obstaculo,
1436 1528 1697 1590 percensuram
1712 1528 1766 1574 ca·

974 1612 1128 1673 nonicam
1143 1611 1296 1673 babeatis
1308 1610 1447 1673 liberam
1462 1611 1670 1673 facultatem.

1014 1712 1133 1772 Datum
1149 1711 1317 1782 Laterani,
1334 1712 1363 1771 V
1377 1726 1482 1771 nonas
1494 1710 1621 1782 martii,
1639 1709 1767 1787 pontifl-

974 1811 1067 1872 catus
1081 1809 1187 1871 nostri
1202 1824 1291 1871 anno
1306 1809 1424 1886 primo.

1316 2022 1429 2111 cuni

1025 2198 1078 2259 Ad
1090 2195 1502 2259 Moratnum'Lunenscm
1514 2199 1723 2271 episcopum.

1265 2310 1283 2368 f
1296 2318 1379 2369 mart.
1397 2310 1475 2369 1217.

1128 2416 1247 2481 {Upbcllb
1262 2416 1338 2467 ltalia
1349 2430 1428 2466 sacra.
1443 2422 1463 2465 t.
1474 2416 1495 2475 l,
1510 2416 1618 2482 11851]

1034 2552 1255 2613 concessionem
1268 2549 1373 2609 factam
1385 2550 1421 2608 ab
1433 2551 1603 2609 Innocentio
1615 2566 1665 2625 pp.
1674 2553 1714 2610 ill

1291 2640 1451 2697 consumat.

1012 2768 1180 2831 Honorius
1192 2768 1504 2845 episcopusservus
1515 2782 1689 2829 servornm
1699 2767 1759 2837 Dei,

971 2867 1157 2929 venerabili
1172 2866 1269 2929 fratri
1278 2866 1427 2929 blarzino
1443 2866 1590 2927 Lunensi
1600 2866 1757 2943 episcopo,

972 2969 1109 3044 ejusque
1125 2965 1376 3028 successoribus
1391 2964 1552 3026 canonice
1565 2964 1760 3027 substituen-

972 3065 1071 3126 disin
1086 3066 1292 3143 perpetuum.

1010 3164 1129 3242 Ampla
1147 3163 1261 3226 divino
1280 3178 1417 3225 munere
1438 3178 1558 3223 manus
1573 3161 1760 3240 Apostolicae

974 3263 1069 3325 Sedis
1090 3263 1152 3323 hos
1173 3261 1340 3334 humiliat,
1356 3261 1417 3322 hos
1430 3261 1565 3333 exaltat,
1581 3260 1636 3322 bis
1652 3275 1759 3337 snper-

973 3361 1041 3422 flua
1049 3359 1225 3432 subtrabit,
1238 3360 1314 3421 aliis
1325 3359 1515 3421 necessaria
1524 3358 1757 3429 subministrat

973 3460 1047 3537 ipsa
1059 3458 1160 3531 anim,
1174 3460 1333 3535 tanquam
1347 3459 1453 3520 mater
1467 3457 1616 3519 omnium
1626 3471 1756 3533 genera·

973 3558 1026 3631 lis,
1048 3573 1149 3636 quum
1164 3571 1382 3633 personarum
1403 3556 1532 3628 merita,
1550 3558 1583 3617 et
1597 3554 1757 3633 temporis,

974 3657 1007 3719 et
1033 3656 1098 3717 loci
1123 3655 1317 3734 qualitatem
1341 3653 1499 3726 attendat,
1525 3653 1588 3714 hos
1615 3652 1757 3723 honorat,

973 3754 1074 3816 immo
1099 3754 1222 3830 saepius
1247 3752 1407 3814 bonoram
1425 3751 1595 3823 oneribus,
1625 3754 1659 3815 et
1687 3765 1759 3813 onus

974 3853 1099 3913 bonore
1114 3866 1344 3927 compensans,
1358 3853 1391 3912 et
1401 3853 1518 3911 onerat
1532 3850 1725 3922 honoratos,
1735 3848 1761 3909 et

973 3950 1128 4011 oneratos
1144 3947 1297 4010 honorat.
1317 3951 1386 4009 Hac
1401 3948 1564 4025 siqnidem
1580 3949 1712 4010 ratione
1726 3946 1762 4008 fo·

973 4047 1048 4110 licis
1063 4047 1231 4109 memoriae
1248 4047 1460 4108 innocentius
1476 4049 1566 4123 Papa
1584 4046 1762 4123 praedeces·

973 4144 1761 4224 sornosterinductusspecialemgratiamquam

974 4245 1015 4307 ad
1035 4261 1211 4323 personam
1230 4243 1295 4305 bon
1311 4260 1408 4304 mem.
1425 4243 1587 4305 Gualterii
1607 4241 1761 4305 Lunensis

973 4343 1132 4422 episcopi,
1149 4343 1219 4404 suis
1233 4341 1443 4418 exigentibus
1460 4341 1600 4413 meritis,
1619 4344 1652 4404 et
1669 4358 1762 4419 prop·

974 4440 1025 4502 ter
1043 4442 1152 4517 ipsum
1171 4440 1213 4501 ad
1232 4439 1408 4501 ecclesiam
1428 4442 1617 4501 Lunensem
1635 4437 1763 4517 gerebat

974 4538 1158 4611 attendens,
1175 4540 1208 4600 et
1220 4537 1336 4600 volens
1352 4538 1457 4614 ipsius
1472 4538 1625 4601 ecclesiae
1638 4533 1762 4601 utilitati

974 4636 1160 4709 consulere,
1196 4637 1237 4699 de
1268 4637 1435 4698 communi
1462 4636 1604 4697 fratrum
1633 4634 1762 4699 consilio

973 4735 1211 4797 monasterium
1221 4734 1392 4804 Arelense,
1409 4735 1494 4812 qnod
1506 4735 1546 4795 ad
1558 4735 1762 4812 jurisdictio·

973 4849 1050 4895 nom
1064 4830 1370 4909 sedisapostolicae
1389 4832 1587 4909 pertinebat,
1605 4850 1683 4894 cum
1696 4846 1764 4911 per·

972 4931 1122 4996 tinentiis
1133 4931 1203 4991 suis
1213 4930 1352 5007 praefato
1363 4931 1530 5008 episcopo,
1542 4931 1576 4992 et
1590 4932 1761 5010 peripsum

974 5030 1128 5092 ecclesiae
1165 5029 1313 5090 Lunensi
1344 5029 1522 5100 concessit,
1551 5028 1762 5096 confirmarit,

973 5129 1089 5206 suique
1109 5128 1224 5205 scripti
1244 5128 1418 5204 priuilegio
1433 5128 1662 5189 communivit.
1681 5126 1764 5190 Unde

973 5227 1079 5300 nobis,
1102 5242 1177 5288 ven.
1196 5226 1231 5286 in
1253 5225 1383 5286 Christo
1404 5224 1506 5286 frater
1520 5225 1688 5303 episcope,
1710 5226 1767 5285 hu-

973 5325 1097 5386 militer
1116 5323 1323 5400 supplicasti,
1347 5324 1383 5385 nt
1402 5323 1651 5384 concessionem
1666 5324 1765 5401 ipsam

962 5422 1161 5501 ·Apostolico
1174 5422 1388 5497 dignaremur
1403 5421 1587 5482 munimine
1599 5422 1765 5483 roborare.

972 5523 1042 5584 Nos
1065 5521 1168 5597 igitur
1188 5519 1342 5597 precibus
1364 5520 1430 5582 tuis
1452 5519 1633 5596 benignum
1648 5520 1769 5597 imper·

972 5621 1091 5685 tientes
1115 5634 1299 5692 assensum,
1326 5619 1358 5682 et
1386 5618 1636 5682 concessionem
1664 5618 1768 5697 ipsam
