3794 6166
115 354 176 415 207

120 512 162 575 ad
178 511 310 591 plenam
330 526 446 589 pacem
465 509 522 572 aut
544 508 673 569 firmam
690 507 841 587 treugam
865 510 920 571 in-

119 610 321 675 violabiliter
332 607 630 680 observandumet
640 608 696 685 qui
707 608 918 685 acquiescere

120 706 204 771 forte
219 706 453 785 contompserit
467 723 527 783 per
541 707 917 769 excommunicationem

119 808 154 871 in
169 822 340 885 personas,
358 807 390 868 et
404 806 612 867 interdictum
626 806 660 866 iu
673 809 779 868 terras
795 806 917 867 arctIs-

119 904 202 967 sirrro
216 904 443 982 compellatur.
465 905 534 965 Nos
556 904 613 981 qui
626 904 667 964 ad
688 903 917 965 liberationem

119 1002 337 1065 Terrasidius
353 1002 482 1063 amianti
498 1001 664 1063 desiderio
679 1003 866 1079 aspiramus
879 1018 918 1063 ao

85 1124 88 1129 ·
120 1116 235 1179 pacem
259 1100 440 1175 diligimus,
461 1101 494 1161 et
515 1116 588 1161 eam
613 1100 813 1177 inquirimus
834 1116 917 1177 puro

121 1198 232 1272 eorda,
258 1200 325 1261 tam
345 1215 405 1275 pro
429 1198 661 1260 exhortatione
682 1198 775 1260 verbi
790 1198 916 1271 Crucis,

121 1312 221 1377 quam
237 1311 296 1373 pro
309 1296 401 1373 pacis
416 1312 476 1357 seu
491 1298 683 1373 treugarum
696 1296 819 1357 foedere
840 1312 920 1373 pro-

121 1394 295 1475 pagando,
316 1395 350 1457 et
370 1410 429 1471 pro
446 1394 523 1456 aliis
549 1412 623 1472 quae
645 1395 758 1456 limam
787 1409 920 1457 correc-

121 1492 224 1556 tionis
239 1495 433 1570 exposcunt,
457 1492 617 1555 mittimus
640 1494 682 1554 ad
697 1509 756 1555 ros
777 1510 921 1555 reuera-

122 1590 223 1655 bilem
242 1591 379 1654 fratrom
394 1594 543 1653 nostrum
568 1592 768 1667 trugurinum
793 1593 917 1654 Ostieu.

123 1690 442 1769 episcopurn,rirrrm
456 1690 569 1767 utique
584 1690 764 1751 secundum
780 1706 837 1752 cor
847 1706 921 1752 nos-

123 1790 224 1855 trum,
235 1790 302 1849 beo
315 1788 348 1850 et
357 1787 547 1849 horninibus
563 1790 746 1865 acceptum,
755 1788 920 1865 potentem

123 1886 160 1949 in
184 1901 284 1965 opero
308 1888 342 1947 ot
361 1900 524 1957 sermone,
536 1886 739 1963 praecipuum
763 1886 919 1948 Ecclesiae

122 1985 183 2049 Dei
198 1983 391 2058 membrum,
404 2000 500 2061 quem
513 1984 601 2045 inter
612 1984 696 2045 alios
709 1983 828 2046 fratres
841 2001 921 2046 nos-

122 2084 193 2149 tros
215 2082 352 2161 speciali
371 2081 592 2160 praerogativa
614 2082 783 2158 diligimus
803 2083 919 2144 cbari-

123 2180 214 2249 tatis,
237 2180 413 2244 commisso
430 2180 462 2241 ei
483 2179 579 2258 plene
598 2179 774 2256 legationis
796 2180 917 2253 officio,

124 2280 162 2343 ut
183 2278 319 2347 evellat,
340 2278 498 2350 destruat,
520 2278 661 2340 aedificet
679 2279 712 2340 et
731 2279 866 2356 plantet,
888 2280 921 2341 et

123 2376 254 2441 inserat
272 2392 345 2453 rprae
363 2376 398 2437 in
420 2391 501 2451 agro
520 2376 651 2437 Domini
675 2376 796 2439 viderit
825 2378 920 2438 inse-

124 2474 241 2539 randa.
250 2473 508 2536 Universitatenr
523 2474 635 2551 itaque
641 2476 787 2537 vestram
801 2490 919 2536 mone-

123 2588 199 2635 mus
213 2573 246 2636 et
267 2571 484 2634 exhortamur
511 2571 635 2634 attento
650 2588 710 2650 per
729 2572 918 2649 apostolica

125 2671 249 2749 scripta
275 2669 497 2747 praecipiendo
524 2670 729 2743 mandantes,
757 2671 920 2747 quatenus

125 2768 253 2849 ipsum,
274 2768 341 2829 imo
363 2768 470 2828 nosin
502 2768 575 2846 ipso
598 2768 809 2845 recipientes,
832 2768 921 2830 hila-

125 2866 209 2929 riter
229 2868 262 2928 at
281 2865 423 2941 benigno
449 2865 596 2937 monitis,
617 2865 749 2927 statutis
769 2867 801 2927 et
820 2882 919 2927 man-

124 2962 212 3027 datis
225 2962 330 3041 ipsius
343 2962 514 3025 humiliter
528 2963 717 3025 intendatis.
741 2966 809 3024 lt'os
831 2965 919 3025 enim

125 3062 323 3125 senteutiam
337 3076 436 3138 quam
451 3061 709 3123 incontumaces
724 3062 758 3123 et
778 3061 919 3123 rebelles

124 3158 259 3221 duxerit
278 3157 508 3235 proferendam
527 3158 684 3220 faciemus
700 3159 835 3221 auctore
849 3162 919 3221 Do-

124 3256 215 3319 mino
230 3254 467 3319 inviolabiliter
481 3256 664 3318 observari.
678 3259 797 3318 Datum
822 3258 922 3319 Lato-

123 3353 221 3427 rani,
253 3353 381 3415 docimo
412 3354 480 3415 kal.
508 3354 683 3430 fabruarii,
709 3356 920 3433 pontificatus

124 3451 230 3515 nostri
243 3468 331 3515 anuo
347 3453 466 3532 prirrro.

430 3685 624 3777 CLXVIII

150 3908 201 3969 dd
213 3910 365 3978 titillatorii
383 3910 416 3971 ct
431 3910 636 3972 corrrrrrtrrrrr
651 3914 901 3972 Frrsrrtaccrrscs

373 4014 515 4079 Cisfcrr.
529 4019 672 4079 ordinis

416 4197 450 4255 23
466 4198 527 4271 jun.
549 4199 628 4259 tarr.

150 4364 223 4431 [flod.
241 4364 289 4419 ur.
302 4368 373 4425 titt,
388 4382 415 4432 p.
427 4366 467 4417 to.
482 4367 538 4417 llss.
551 4368 730 4433 Bibliotlritpue
741 4368 893 4435 nationale]

124 4532 230 4597 Abbati
255 4542 283 4593 rt
302 4538 455 4595 contentu}
477 4536 705 4596 fusniacensibus
724 4540 920 4598 cisterciensis

159 4622 268 4682 ordinis
283 4625 410 4699 indulget
423 4633 454 4684 ut
470 4624 572 4684 testum
588 4626 774 4684 dedicationis
791 4630 920 4687 ecclesie

159 4728 222 4861 Iuoe
240 4715 349 4786 possint
366 4716 443 4774 adie
463 4714 552 4774 beati.
567 4716 651 4773 Bricii
667 4715 703 4773 ad
722 4717 809 4775 alium
824 4726 916 4776 trans·

170 4816 243 4861 erre.

164 5012 245 5072 Cum
265 5012 415 5074 ecclesiae
438 5018 559 5076 restrae
584 5014 748 5077 dedicatio
776 5017 812 5076 in
835 5015 918 5079 festo

122 5104 213 5169 beati
227 5110 361 5171 Martini
383 5112 602 5174 consessionis
619 5118 782 5186 occurrat,
804 5114 919 5175 nefrat

123 5204 308 5267 ofilciorum
320 5207 482 5277 confusio,
496 5211 548 5271 rel
564 5228 666 5272 unum
681 5214 815 5289 propter
827 5212 917 5272 aliud

123 5303 303 5376 omittatur,
311 5308 626 5382 praesentiumsobis
634 5310 832 5371 auctoritate
842 5325 919 5371 con·

122 5400 281 5473 cedimus,
293 5405 373 5464 utin
387 5407 568 5466 crastiuum
579 5406 666 5467 beati
677 5407 779 5469 Bricii
790 5408 918 5469 dedica·

121 5495 224 5558 tionis
237 5499 397 5562 solemnia
412 5503 598 5564 celebretis.
615 5506 733 5565 Datum
748 5506 915 5577 Laterani,

122 5608 147 5655 1
172 5592 332 5659 kalendas
361 5598 543 5673 februarii,
572 5602 784 5678 pontificatus
811 5604 916 5665 nostri

122 5702 211 5751 auno
222 5694 339 5770 primo.

742 344 918 411 HONORII
939 347 984 409 111
1005 349 1153 412 OPERA.

1294 520 1446 607 CLXIX

1085 675 1137 732 Ad
1151 675 1348 747 ‹rprarcoprrrrr
1360 676 1657 736 Carrrcracerrserrr.

1264 790 1299 845 aa
1316 787 1376 861 jan.
1398 790 1478 847 lali.

1005 909 1076 971 [Coti.
1090 911 1133 959 tat.
1146 911 1217 969 boat,
1231 928 1256 975 p.
1267 911 1306 961 ot.
1321 914 1378 963 diss.
1393 911 1573 977 Bibliottreque
1582 910 1735 977 rationale]

973 1027 1089 1085 liarrdat
1114 1034 1145 1084 ut
1171 1027 1218 1085 det
1244 1044 1361 1101 operam
1391 1028 1585 1087 reformationi
1609 1027 1759 1099 bobiensis,

1008 1116 1211 1181 liallodieusis,
1236 1117 1424 1188 Fidcrueusis,
1448 1120 1476 1177 S.
1496 1118 1620 1177 Androm
1642 1116 1679 1175 do
1699 1119 1758 1177 Cas·

1008 1206 1074 1262 tello
1087 1213 1115 1263 ct
1130 1208 1248 1264 aliorunr
1271 1209 1509 1267 monasteriorum
1533 1208 1607 1282 nigri
1619 1206 1727 1264 ordinis
1738 1207 1762 1264 ei

1009 1293 1074 1367 loge
1087 1294 1249 1353 tlioercsarra
1265 1296 1467 1369 subjectorum.

1014 1422 1081 1483 Etsi
1098 1438 1178 1483 cura
1198 1420 1374 1500 pastoralis
1395 1422 1496 1485 offrcii
1517 1424 1692 1485 teneamur
1711 1436 1764 1497 ge-

973 1535 1047 1581 rere
1074 1536 1174 1598 super
1197 1537 1321 1593 omnes,
1349 1523 1427 1600 quia
1453 1523 1565 1585 tamen
1588 1520 1630 1583 ad
1655 1518 1764 1596 explo-

974 1618 1078 1679 randa
1103 1619 1309 1695 singulorum
1337 1621 1474 1692 delicta,
1503 1621 1536 1681 et
1561 1635 1627 1679 una
1657 1632 1763 1679 omnes

974 1717 1186 1793 corrigendos
1213 1734 1370 1779 excessus
1392 1717 1592 1780 conditionis
1615 1716 1765 1777 bumana

975 1832 1041 1876 nou
1068 1815 1191 1877 suflicit
1215 1815 1455 1893 imperfectum,
1482 1816 1615 1893 expedit
1643 1815 1681 1876 ut
1706 1812 1766 1873 mi-

974 1914 1071 1976 nistri
1086 1914 1203 1984 nostri,
1216 1932 1298 1992 quos
1311 1915 1405 1992 quasi
1418 1915 1554 1990 angelos
1567 1912 1767 1975 destinamus

974 2012 1015 2073 ad
1030 2013 1103 2073 loca
1118 2029 1191 2090 quae
1207 2029 1272 2074 nou
1289 2030 1463 2092 possumus
1479 2012 1702 2090 personaliter
1715 2009 1767 2071 ri·

974 2111 1036 2173 sita
1042 2128 1077 2172 re
1092 2110 1346 2184 descendant,et
1360 2112 1495 2174 rideant
1509 2111 1621 2172 utrum
1635 2109 1767 2178 clamor,

974 2210 1032 2287 qui
1051 2209 1091 2271 de
1110 2210 1327 2287 perversitate
1349 2208 1554 2271 subditorrun
1570 2208 1611 2269 ad
1628 2223 1689 2268 nos
1706 2205 1770 2266 fre·

974 2302 1767 2385 quenterascendit,oprerecompleatur.Cumigi·

974 2410 1039 2481 tur,
1050 2408 1135 2469 sicut
1146 2407 1268 2469 uostris
1281 2407 1331 2468 est
1341 2405 1479 2467 auribus
1494 2404 1769 2475 intiruatum,Lo-

973 2505 1075 2577 bien,
1092 2505 1295 2577 biallodieu„
1312 2505 1480 2566 Fidemen.
1499 2502 1612 2564 Sancti
1628 2501 1767 2563 Andreae

974 2604 1014 2665 de
1032 2604 1176 2667 casterro
1191 2605 1224 2665 et
1238 2603 1305 2664 alia
1320 2602 1521 2664 monasteria
1536 2601 1626 2677 nigri
1643 2597 1768 2661 ordinis

972 2704 1040 2765 tam
1064 2702 1208 2764 ciuitatis
1237 2718 1335 2779 quam
1352 2701 1504 2762 dioecesis
1517 2697 1766 2760 Cameracensis

974 2801 1162 2862 dioecesana
1183 2800 1244 2862 tibi
1259 2801 1332 2875 lege
1356 2799 1514 2876 subjecta,
1532 2814 1591 2875 per
1605 2797 1768 2858 malitiam

973 2899 1242 2969 inhabitantium,
1269 2898 1302 2958 in
1326 2898 1450 2959 eisdem
1474 2898 1510 2957 in
1530 2894 1769 2972 temporalibus

975 2999 1007 3060 et
1030 2996 1260 3075 spiritualibus
1284 2996 1367 3058 adeo
1390 2996 1458 3056 sint
1480 2994 1640 3070 collapsa,
1657 2994 1694 3054 ut
1708 2991 1772 3053 nisi

975 3096 1023 3159 eis
1043 3111 1102 3174 per
1127 3094 1326 3171 apostolicae
1354 3093 1554 3172 provisionis
1585 3090 1771 3153 antidotum

974 3197 1199 3265 succurratur,
1206 3192 1264 3253 rix
1276 3192 1434 3269 adjicient
1446 3192 1482 3253 ut
1492 3206 1527 3251 se
1539 3190 1714 3267 resignent
1731 3188 1772 3250 ad

975 3292 1242 3354 reformationem
1255 3291 1413 3367 ipsorum,
1426 3289 1523 3367 juxta
1543 3288 1647 3348 officii
1668 3285 1774 3348 nostri

975 3390 1119 3453 debitum
1133 3406 1192 3451 uos
1206 3390 1334 3466 oportet
1348 3388 1489 3448 sollicite
1503 3402 1618 3447 curam
1630 3386 1776 3462 diligen-

975 3492 1040 3552 tem
1076 3504 1115 3550 ac
1150 3487 1326 3549 sollicitam
1358 3485 1565 3561 diligentiam
1600 3484 1773 3545 adhibere.

976 3589 1137 3663 Quocirca
1173 3584 1372 3646 fraternitati
1406 3586 1471 3645 tuae
1502 3598 1562 3660 per
1589 3583 1776 3660 apostolica

976 3688 1097 3763 scripta
1114 3685 1319 3754 mandamus,
1334 3684 1495 3759 quatenus
1510 3681 1676 3742 accedens
1700 3696 1778 3759 per-

976 3783 1183 3845 sorraliterad
1197 3780 1398 3844 monasteria
1409 3781 1591 3840 memorata
1604 3781 1637 3841 et
1647 3779 1777 3840 habens

975 3897 1044 3958 prro
1076 3881 1182 3940 oculis
1215 3880 1321 3940 solum
1355 3877 1530 3938 Dominum
1561 3878 1717 3953 corrigas
1745 3876 1778 3938 et

975 3979 1135 4041 reformes
1161 3978 1195 4037 iu
1227 3978 1308 4056 ipsis
1335 3977 1403 4036 tarn
1432 3978 1546 4036 nostra
1574 3976 1778 4037 auctoritate

975 4094 1073 4155 quam
1087 4080 1154 4147 tua,
1166 4092 1240 4153 quae
1253 4073 1467 4137 correctionis
1480 4073 1512 4134 et
1524 4072 1778 4135 reformationis

975 4176 1085 4237 officio
1111 4175 1244 4237 noteris
1274 4173 1424 4248 indigere
1453 4170 1732 4241 contradictores,
1749 4170 1777 4231 si

975 4275 1032 4352 qui
1046 4273 1169 4335 fuerint
1184 4273 1237 4333 rel
1252 4271 1394 4333 rebelles
1412 4284 1472 4347 per
1489 4285 1653 4330 censuras
1669 4269 1780 4330 eccle-

975 4372 1127 4434 siasticas
1160 4370 1382 4447 appellatione
1411 4367 1594 4445 postposita
1621 4383 1780 4444 compes-

975 4470 1090 4532 cendo,
1106 4470 1222 4529 Datum
1239 4466 1404 4538 Laterani,
1421 4468 1451 4525 X
1465 4464 1629 4525 kalendas
1645 4464 1779 4526 febmra-

974 4569 1028 4640 rii,
1046 4567 1255 4644 pontificatus
1268 4565 1373 4626 nostri
1387 4578 1474 4624 anno
1489 4561 1610 4639 primo.

1299 4698 1430 4785 CLXX

972 4848 1025 4906 Ad
1042 4848 1216 4906 „idcircone
1231 4846 1523 4917 crrartprscopurrt
1535 4843 1773 4904 Lrtrrdcrrscrrr.

1261 4966 1297 5023 23
1312 4966 1373 5038 jan.
1399 4964 1478 5022 tart.

1051 5083 1153 5147 [Subrn.
1167 5082 1274 5132 Historie
1284 5082 1312 5129 af
1327 5079 1480 5135 Danemark,
1497 5083 1515 5127 t.
1527 5078 1570 5137 IX,
1583 5092 1608 5143 p.
1623 5078 1697 5145 tls]

972 5216 1108 5277 Concedit
1132 5225 1162 5273 ut
1185 5215 1222 5273 de
1240 5229 1419 5288 quocumque
1442 5213 1643 5285 religiosorum
1674 5213 1778 5272 ordino

1008 5314 1136 5363 assumat
1151 5305 1335 5372 monachum,
1347 5303 1517 5361 carrorricurn
1532 5303 1774 5372 relcourersum,

1007 5410 1079 5466 qurrs
1112 5396 1140 5450 in
1176 5410 1235 5451 sua
1258 5393 1456 5450 familiaritatis
1480 5392 1624 5448 consortio
1647 5392 1775 5449 rotinere

1008 5494 1106 5556 possrt.

1013 5604 1055 5663 t't
1081 5618 1124 5662 ex
1152 5602 1305 5663 corrsictu
1331 5601 1562 5677 religiosorum
1591 5614 1706 5659 mores
1739 5600 1775 5663 et

972 5699 1050 5762 ritce
1063 5698 1257 5770 formentur,
1270 5699 1360 5760 uiros
1374 5697 1550 5774 religiosos
1563 5698 1596 5759 et
1609 5696 1772 5775 prendas
