3802 6166
119 278 180 341 289
756 270 986 335 EPISTOLAE.
1009 271 1089 333 LIB.
1112 264 1140 333 Ι.
1711 272 1773 335 290
1880 296 1898 311 -·

123 435 210 517 quod
223 433 504 515 quumdudumte
518 432 560 496 ab
578 432 774 497 haereditate
791 432 920 496 tuain-
974 431 1040 495 riri
1057 433 1098 494 Η.
1120 430 1215 494 ducis
1243 430 1372 495 Sitesiae
1394 431 1588 510 conquestio
1614 434 1771 511 patefecit

119 536 211 615 juste
226 534 410 613 depulsum,
436 548 476 595 ac
496 532 658 595 bellorum
674 532 767 595 clade
781 547 922 611 quassa·
976 532 1062 609 quod
1081 547 1183 609 quum
1207 531 1330 593 dudum
1348 529 1493 593 nobilem
1516 532 1625 594 virum
1637 536 1691 595 W.
1706 533 1772 597 du-

122 637 204 708 tum,
222 635 257 695 in
271 635 395 695 terram
408 648 502 694 suam
514 634 583 695 tum
598 632 742 709 pietatis,
756 632 827 693 tum
842 646 923 692 con·
976 645 1047 691 cem
1068 629 1108 691 de
1127 630 1221 692 Kalis
1236 629 1277 691 ab
1294 629 1487 693 haereditate
1502 646 1563 693 sna
1582 632 1705 711 injuste
1720 635 1775 697 de·

123 731 921 809 sanguinitatisintuiturecepissetcastrumque
977 727 1119 806 pulsum,
1143 744 1182 790 ao
1206 728 1371 791 bellorum
1399 728 1493 791 clade
1520 732 1712 808 quassatum
1735 732 1773 795 in

123 847 220 894 suum
245 831 286 891 de
311 829 407 891 Kalis
426 828 491 891 tibi·
505 845 564 907 pro
584 828 661 891 vitae
682 829 749 890 tuae
773 826 922 890 subsidio
957 814 1102 889 ¹terram
1117 842 1210 888 suam
1225 827 1295 889 tum
1314 827 1456 905 pietatis,
1475 828 1544 890 tum
1571 832 1776 909 consangui-

122 928 341 1007 nssignasset,
369 928 518 1006 praestito
545 942 565 988 a
591 927 624 989 te
650 927 808 1005 primitus
823 928 923 1004 jura·
978 926 1092 989 nitatis
1107 926 1229 989 intuitu
1244 925 1436 1003 recepisset,
1454 928 1664 1007 castrumque
1677 947 1774 993 suum
1832 988 1836 993 .

122 1030 245 1100 mento,
273 1026 360 1104 quod
393 1028 467 1104 post
500 1026 788 1102 recuperationem
823 1025 923 1087 terreo
979 1024 1019 1087 de
1041 1025 1135 1086 Kalis
1158 1023 1221 1085 sibi
1241 1040 1300 1101 pro
1321 1024 1398 1087 sitae
1423 1041 1493 1085 suae
1520 1025 1667 1089 subsidio
1692 1030 1776 1091 assi·

123 1130 202 1193 tuae.
220 1126 353 1188 fortuna
382 1125 443 1187 tibi
466 1140 624 1203 prospere
646 1124 826 1195 arridente,
849 1140 925 1187 oas—
978 1121 1276 1200 guassetpraestito
1284 1122 1403 1200 abipso
1411 1123 1565 1200 primitus
1571 1126 1773 1202 juramento,

124 1228 213 1289 trum
236 1224 318 1285 illud
341 1222 405 1284 sibi
430 1223 623 1285 restitueres
645 1222 718 1283 sine
746 1238 864 1284 mora:
888 1225 925 1284 tu
979 1221 1065 1299 qnod
1080 1221 1155 1297 post
1177 1220 1462 1298 recuperationem
1486 1222 1585 1284 terrae
1609 1239 1690 1295 suae,
1706 1225 1777 1288 ior-

127 1322 322 1400 reouperata
346 1320 553 1398 postmodum
572 1319 664 1383 terra
686 1320 756 1392 tua,
780 1321 925 1383 castrum
978 1321 1060 1382 tuna
1075 1319 1139 1380 sibi
1158 1334 1315 1397 prospere
1336 1319 1515 1393 arridente,
1530 1322 1674 1384 castrum
1692 1322 1776 1387 illud

126 1420 322 1499 praedictum
352 1420 470 1481 contra
502 1418 673 1497 proprium
699 1420 926 1495 jnramentum
981 1418 1044 1479 sibi
1060 1418 1248 1479 restitueret
1262 1417 1334 1478 sino
1349 1433 1441 1479 mora
1457 1439 1464 1478 ε
1481 1419 1563 1495 ipse,
1580 1422 1777 1499 recuperata
1889 1458 1894 1465 ·

127 1519 290 1591 detinens,
307 1516 349 1579 ad
363 1518 396 1579 te
406 1517 530 1578 asseris
545 1517 723 1594 pertinere,
737 1532 777 1578 nc
789 1516 824 1577 in
836 1516 928 1594 peri·
981 1516 1189 1593 postmodum
1213 1517 1302 1577 terra
1322 1531 1397 1587 sua,
1421 1518 1568 1578 castrum
1583 1519 1777 1595 praedictum

129 1617 242 1679 culum
266 1616 386 1678 animae
422 1616 489 1677 tuae
525 1614 664 1677 reddere
692 1614 925 1676 contradicis:
982 1616 1097 1676 contra
1113 1613 1283 1692 proprium
1307 1613 1458 1675 detinens
1478 1617 1717 1691 juramentum,
1734 1618 1777 1680 ad

130 1715 289 1793 quasdam
313 1712 413 1776 etiam
439 1728 494 1775 res
514 1712 700 1774 immobiles
723 1713 927 1791 pertinentes
945 1753 948 1757 -
982 1729 1017 1774 se
1034 1712 1155 1774 asserit
1166 1711 1344 1789 pertinere,
1361 1727 1400 1772 ac
1415 1712 1450 1772 in
1461 1713 1779 1789 periculumanimae

129 1814 170 1876 ad
184 1815 331 1875 castrum
343 1810 511 1873 alienasse
528 1811 651 1873 diceris
664 1811 700 1872 in
714 1811 820 1889 ipsius
833 1812 927 1873 ducis
982 1827 1051 1872 suae
1081 1809 1220 1872 reddere
1248 1809 1455 1871 contradicit.
1488 1812 1653 1882 Quasdam
1678 1814 1779 1877 etiam

130 1910 401 1990 praejudiciumet
408 1925 599 1987 gravamen,
612 1912 708 1987 cujus
716 1909 928 1971 alienationis
982 1926 1036 1971 res
1051 1908 1235 1969 immobiles
1257 1908 1460 1985 pertinentes
1475 1908 1516 1970 ad
1532 1911 1677 1972 castrum
1690 1911 1778 1975 alie-

130 2011 337 2072 oontractum
350 2007 551 2071 venerabilis
571 2006 674 2069 irater
690 2008 803 2069 noster
817 2011 928 2069 Gnez-
984 2023 1081 2070 nasse
1097 2007 1219 2069 dicitur
1233 2006 1268 2066 in
1282 2005 1388 2083 ipsius
1399 2006 1491 2068 ducis
1504 2009 1734 2086 praeJudicium
1746 2012 1781 2074 et

129 2108 246 2170 nensis
272 2107 543 2184 archiepiscopus
562 2108 678 2168 contra
693 2105 798 2183 ipsius
814 2106 930 2183 probi·
983 2121 1175 2183 gravamen,
1205 2107 1301 2182 cnjus
1331 2104 1545 2167 alienationis
1558 2116 1560 2120 “
1573 2109 1779 2171 contractum

130 2206 291 2267 bitionem
304 2204 414 2265 minus
426 2204 517 2266 licite
527 2203 690 2265 asseritur
700 2203 927 2265 confirmasse.
983 2203 1185 2266 venerabilis
1199 2203 1301 2265 irater
1315 2205 1428 2265 noster
1438 2205 1640 2267 Gneznensis
1653 2208 1782 2269 arclile·

132 2304 216 2376 Quia
235 2318 317 2365 vero
338 2302 374 2363 in
391 2302 483 2363 nullo
509 2300 569 2363 tibi
590 2303 806 2370 accresceret,
829 2301 929 2362 immo
984 2303 1139 2381 piscopos
1155 2304 1270 2364 contra
1280 2301 1386 2379 ipsius
1397 2301 1654 2379 prohibitionem
1668 2305 1780 2368 minus

132 2401 314 2480 plurimum
333 2400 509 2477 deperiret,
533 2400 573 2472 si,
599 2399 764 2476 praetextu
787 2398 930 2477 alicujus
985 2401 1074 2463 licite
1096 2400 1257 2461 asseritur
1276 2399 1504 2461 confirmasse.
1534 2402 1619 2474 Quia
1639 2420 1720 2466 vero
1743 2405 1780 2467 in

133 2499 296 2562 commodi
311 2497 514 2575 temporalis,
531 2499 652 2559 animae
667 2499 733 2559 tuae
748 2496 930 2559 incurreris
986 2499 1076 2561 nullo
1092 2497 1157 2560 sibi
1176 2498 1392 2570 accresceret,
1409 2498 1509 2561 immo
1526 2501 1705 2577 plurimum
1723 2502 1783 2567 de·

132 2598 379 2669 detrimentum,
414 2596 621 2659 nobilitatem
644 2598 735 2658 tuam
759 2612 930 2657 monemus
985 2598 1119 2676 periret,
1136 2596 1175 2669 si,
1185 2597 1347 2674 praetextu
1362 2596 1504 2675 alicujus
1522 2601 1685 2661 commodi
1697 2601 1784 2663 tem-

134 2698 169 2759 et
182 2697 400 2759 exhortamur
423 2696 558 2767 attente,
582 2710 643 2772 per
664 2694 853 2772 apostolica
870 2693 931 2755 tibi
985 2696 1122 2774 poralis,
1148 2695 1268 2756 animae
1290 2710 1359 2755 suae
1391 2694 1577 2758 incurreret
1602 2698 1784 2761 detrimen-

136 2795 259 2872 scripta
279 2793 462 2866 monentes,
493 2794 667 2870 quatenns,
696 2808 737 2854 ne
756 2792 844 2853 idem
864 2792 932 2852 dux
985 2795 1066 2866 tum,
1084 2794 1192 2857 eidem
1207 2792 1283 2854 duci
1302 2793 1425 2855 nostris
1446 2792 1567 2855 litteris
1583 2796 1733 2859 dedimus
1746 2799 1785 2861 in

137 2893 214 2956 inde
251 2893 402 2954 incurrat
442 2890 701 2963 incommodum,
728 2890 815 2951 unde
838 2890 933 2953 vide-
987 2893 1162 2965 mandatis,
1178 2893 1214 2954 ut
1228 2905 1270 2952 ne
1287 2890 1374 2952 idem
1394 2890 1462 2952 dux
1475 2892 1554 2954 inde
1566 2893 1717 2960 incurrat
1729 2896 1785 2958 in-

136 2994 192 3053 tur
211 2989 384 3069 praemium
403 2989 576 3061 meruisse,
597 2987 770 3066 praelatum
786 2989 932 3050 castrum
987 2991 1204 3062 commodum,
1227 2989 1264 3050 in
1287 3005 1351 3066 quo
1375 2989 1506 3051 videtur
1520 2992 1694 3068 praemium
1712 3010 1785 3057 me-

135 3106 212 3152 cum
233 3088 386 3151 omnibus
414 3086 624 3166 pertinentiis
648 3086 718 3147 suis
742 3086 805 3147 sibi
832 3085 934 3148 resti·
986 3091 1111 3164 ruisse;
1135 3089 1280 3149 castrum
1302 3103 1377 3148 curn
1397 3087 1549 3148 omnibns
1570 3092 1781 3166 pertinentiis

134 3190 232 3262 tuas,
262 3189 299 3249 ut
330 3186 466 3249 teneris.
493 3183 662 3262 Alioquin,
687 3183 766 3261 quia
793 3182 827 3244 in
856 3186 933 3262 juro
987 3184 1782 3268 suissibirestituatuttenetnr.Alioquin,quod

136 3302 199 3348 suo
234 3285 343 3346 eidem
379 3284 454 3345 duci
488 3283 605 3345 deesse
648 3297 716 3343 non
744 3297 931 3359 possumus,
989 3286 1110 3363 injure
1134 3299 1195 3344 suo
1222 3282 1329 3343 eidem
1351 3281 1425 3343 duci
1451 3282 1566 3345 deesse
1588 3301 1794 3363 nonpossu-·

136 3385 223 3446 siout
257 3382 358 3445 etiam
395 3397 456 3442 nec
486 3379 655 3452 debemus,
691 3379 821 3441 dilectis
854 3379 933 3440 tiliis
989 3382 1173 3455 mus,sicut
1192 3381 1293 3441 etiam
1311 3394 1377 3440 non
1400 3379 1568 3455 debemus,
1592 3382 1786 3447 discretioni

136 3481 314 3544 scolastico
334 3477 615 3549 wratislaviensi,
632 3478 665 3539 et
684 3476 932 3549 archidiacono,
988 3483 1108 3542 restrae
1130 3493 1189 3556 per
1211 3477 1401 3555 Apostolica
1423 3478 1547 3555 scripta
1577 3481 1784 3557 mandamus,

136 3584 170 3644 et
206 3580 304 3642 Slavo
340 3578 501 3640 canonico
525 3574 800 3638 cracoviensibus
819 3574 934 3636 damus
989 3579 1162 3658 quatenus,
1177 3574 1326 3637 sillictus
1346 3575 1414 3636 dux
1428 3576 1619 3639 mandatum
1636 3581 1787 3644 nostrum
1878 3616 1881 3621 -

136 3678 261 3741 nostris
286 3678 407 3740 litteris
440 3676 475 3736 in
498 3674 680 3744 mandatis,
709 3675 745 3736 ut
769 3676 802 3736 te
830 3673 872 3735 ad
900 3672 934 3734 id
989 3675 1176 3753 neglexerit
1194 3673 1387 3750 adimplere,
1414 3690 1474 3735 ros
1499 3691 1574 3737 eum
1603 3676 1644 3737 ad
1674 3677 1706 3738 id
1726 3694 1786 3757 per

137 3793 198 3856 per
222 3791 397 3839 censuram
421 3773 693 3845 ecclesiasticam,
711 3771 935 3850 appellatione
990 3791 1164 3838 censuram
1186 3770 1458 3843 ecclesiasticam,
1482 3774 1705 3851 appellatione
1726 3792 1785 3838 re-

136 3874 421 3951 remota,jnstitia
447 3870 613 3933 mediante
635 3870 845 3949 compellant.
866 3872 935 3931 Da·
991 3874 1090 3943 mota,
1108 3871 1239 3950 justitia
1266 3868 1443 3942 mediante,
1472 3872 1608 3951 cogatis.
1635 3874 1727 3946 Quod
1756 3875 1787 3939 si

136 3975 207 4036 tum
220 3972 385 4044 Laterani,
401 3973 478 4033 Vlll
493 3968 654 4031 kalendas
665 3968 789 4042 martii,
801 3967 937 4046 pontitl-
991 3987 1116 4044 omnes,
1131 3970 1195 4031 duo
1212 3969 1602 4043 vestrum,etc...Datum
1617 3972 1785 4047 Laterani,
1890 4004 1900 4043 -,

136 4072 232 4133 catus
246 4069 354 4133 nostri
369 4084 457 4131 anno
472 4067 590 4145 primo.
990 4072 1066 4134 Vlll
1079 4067 1239 4132 kalendas
1255 4067 1367 4128 martii
1378 4083 1466 4129 anno
1479 4068 1597 4145 primo.

440 4254 642 4343 CCXXXV
1276 4287 1498 4375 ccxxxvi

139 4441 192 4501 Ad
214 4435 431 4499 scolasticum
461 4433 797 4504 wratislaviensem,
822 4433 939 4494 orclat-

180 4538 363 4597 dioconum
380 4534 414 4595 ct
428 4534 570 4595 Stantem
588 4533 792 4592 correntes-m
808 4533 937 4593 Craco-
1081 4514 1133 4575 Ad
1146 4510 1400 4573 lliOllstSlel'l'ilm
1412 4514 1445 4572 F
1443 4512 1533 4573 oretis
1546 4514 1696 4574 Ebruldi.

180 4636 327 4695 virtues.
1276 4668 1313 4727 tt
1332 4667 1401 4726 iebr.
1424 4669 1503 4728 lili.

425 4789 460 4846 22
479 4785 550 4845 febr.
573 4788 654 4844 1217.
1025 4795 1139 4860 [Niqnct
1149 4792 1259 4845 Histoire
1274 4792 1305 4842 dc
1319 4790 1414 4842 idcirc
1425 4792 1456 4843 dc
1465 4790 1639 4852 Fonuorantt,
1652 4809 1677 4860 p.
1690 4794 1758 4863 tm]

204 4905 334 4972 [Thmffl’
347 4906 512 4955 ³¹⁰¹¹⁰¹¹¹⁰¹¹²³
523 4900 648 4964 p⁰¹⁰¹¹iae’
660 4906 681 4952 t.
694 4900 714 4961 ¹'
725 4915 751 4966 p.
764 4900 789 4961 ³'
800 4911 828 4951 ¹²⁰
839 4900 876 4964 ⁷⁴]
994 4929 1167 4991 blonasterio
1182 4928 1279 4987 Fontis
1297 4925 1412 4987 Ebruldi
1433 4926 1570 5001 redditus,
1592 4932 1790 5003 possessiones

139 5041 288 5103 lodicibus
301 5037 462 5107 mandatur,
481 5043 514 5095 ut
532 5034 635 5094 ducem
659 5034 694 5093 de
710 5035 790 5094 lintis
804 5034 841 5093 ad
855 5035 938 5093 resti·
1030 5034 1065 5078 ⁸0
1078 5018 1234 5088 libertate&
1246 5033 1317 5091 (1⁰0⁸
1331 5016 1424 5075 eidem
1434 5017 1519 5075 0¹²¹?ae
1534 5032 1621 5077 mem·
1632 5021 1792 5083 bichardus

179 5130 315 5189 ruendum
333 5136 458 5186 castrum
477 5126 514 5183 (ιθ
539 5126 619 5184 Kartg
641 5124 707 5183 duci
733 5124 841 5184 stlespae
859 5139 939 5183 eom.
1028 5125 1082 5168 rex
1094 5108 1206 5182 anglise
1224 5108 1270 5181 pia
1291 5106 1460 5166 liberalitate
1474 5107 1607 5181 contulit,
1622 5113 1790 5172 anctoritate

179 5219 295 5294 pellant.
1030 5198 1193 5273 Apostolica
1208 5195 1367 5255 contii-mat.

183 5343 352 5409 Honorius
369 5342 544 5422 episcopus
564 5342 652 5404 etc...
671 5341 801 5404 dilectis
823 5341 940 5404 tiliis...
1035 5343 1140 5408 iustis
1162 5341 1344 5420 petentium
1372 5341 1547 5405 desideriis
1574 5343 1710 5422 dignum
1740 5350 1793 5411 est

143 5444 320 5508 scolastico
339 5440 622 5512 Wratizlaviensi,
649 5440 682 5502 et
706 5439 942 5503 archidiacono
997 5458 1058 5506 nos
1072 5441 1203 5504 facilem
1216 5440 1365 5520 praebere
1379 5457 1566 5515 assensum,
1583 5445 1616 5505 et
1627 5444 1703 5507 vota
1718 5462 1793 5523 quae

143 5546 178 5607 et
203 5544 303 5605 Slavo
328 5539 489 5602 canonico
523 5537 812 5610 cracoviensibus,
847 5537 942 5600 salu·
998 5540 1177 5604 arationis
1198 5539 1331 5601 tramite
1354 5555 1422 5602 non
1445 5540 1648 5612 discordant,
1671 5542 1792 5607 effectu

143 5641 319 5716 temeto...
335 5638 494 5717 Exposita
508 5637 605 5701 nobis
619 5636 731 5699 dilecti
747 5636 807 5699 illii
822 5636 943 5700 nobilis
997 5640 1218 5720 prosequente
1240 5638 1416 5718 complere.
1443 5640 1634 5718 [tapropten
1663 5640 1793 5707 sirecte

293 5812 408 5860 naraon.
428 5812 503 5858 sorr
522 5800 559 5859 ll.
1556 5799 1598 5855 ld.
