3802 6166
123 290 182 354 185
409 290 496 354 xvi.
511 319 553 337 -
566 291 611 354 IN
633 290 762 355 FESTO
784 291 1040 357 sanctonum
1059 292 1238 358 ieiunis
1259 294 1312 357 iti·
1333 294 1471 359 PAULI.
1604 346 1607 351 .
1706 299 1770 364 iso

120 450 240 514 lestem
267 450 446 526 civitatem,
463 470 537 531 quae
556 450 656 517 sidet·
669 469 784 518 seram
805 468 919 532 pacem
972 455 1025 517 ter
1050 453 1185 518 suerunt
1209 455 1329 533 vigiles
1356 456 1411 519 die
1436 457 1603 535 noctuque
1625 474 1685 537 pro
1705 459 1772 525 tide
1860 494 1863 499 ·

120 566 196 627 quae
215 552 305 611 Deus
317 552 378 622 est,
396 551 432 612 in
447 567 511 629 qua
528 552 584 631 qui
602 551 739 626 habitat,
761 552 797 613 in
816 553 918 614 mter·
973 553 1108 625 Christi,
1122 554 1222 616 etiarn
1241 555 1411 617 Julianum
1427 555 1586 619 Ecclesiae
1606 558 1667 620 Dei
1688 574 1771 634 per·

119 663 200 708 num
231 664 298 708 non
325 648 587 711 commovebitur
609 665 670 728 ρον
685 650 820 728 aliquod
841 664 917 711 ma·
973 653 1158 713 secutorem
1173 652 1353 729 vigilando,
1371 653 1427 731 qui
1443 653 1565 716 multas
1587 655 1772 733 etmagnas

119 743 200 805 lum.
217 747 255 805 ln
277 745 338 806 Dei
352 747 552 822 cognitione,
568 748 646 825 quia
666 748 701 809 in
724 747 848 809 sanctis
868 748 919 809 est
972 747 1204 811 tribulationes
1229 764 1289 827 pro
1321 749 1385 812 tide
1413 752 1446 813 et
1474 752 1665 814 testimonio
1690 755 1771 815 Jesu

120 841 396 919 comprehensiva
409 844 564 921 cognitio,
582 861 642 923 per
658 861 757 922 quam
777 860 920 921 cognos-
974 846 1095 909 Christi
1111 847 1145 908 in
1159 846 1355 909 hocmundo
1366 847 1533 911 abeodem
1544 849 1680 912 Juliano
1693 865 1773 928 per·

120 941 200 1001 cunt
212 940 299 1002 sicut
313 941 346 1002 et
358 942 481 1017 cogniti
502 944 590 1016 sunt,
604 942 755 1005 videntes
776 958 842 1004 non
859 957 919 1020 per
973 945 1061 1022 pessi
1083 946 1170 1006 sunt.
1197 945 1291 1007 Unde
1310 946 1400 1007 canit
1415 946 1565 1008 Ecclesia
1589 967 1598 1007 s
1619 963 1637 1007 a
1656 947 1771 1011 Multis

120 1037 333 1114 speculumin
348 1040 534 1115 aenigmate,
553 1040 612 1102 sed
627 1040 712 1103 facie
727 1041 768 1102 ad
786 1040 915 1112 faciem,
973 1042 1204 1105 tribulationes
1222 1044 1399 1120 justorum,
1422 1044 1456 1104 et
1479 1044 1519 1105 de
1543 1043 1596 1105 his
1616 1044 1772 1106 omnibus

120 1135 316 1197 ihinitatem
332 1137 367 1197 in
383 1138 527 1210 Unitate,
545 1141 577 1200 et
588 1139 754 1202 Unitatem
766 1139 802 1199 in
812 1139 919 1199 Triui·
973 1139 1129 1202 liberabit
1142 1155 1199 1202 eos
1214 1141 1384 1203 Dominus.
1398 1159 1417 1201 ν
1430 1142 1608 1218 Sanejusti
1621 1141 1772 1205 tribulati

120 1233 199 1305 tate,
216 1232 364 1308 legentes
379 1234 415 1295 in
430 1234 515 1296 libro
534 1236 632 1308 vitae,
656 1236 691 1298 in
717 1252 781 1315 quo
804 1252 917 1319 omnes
973 1238 1052 1299 sunt
1063 1238 1162 1299 corde
1176 1254 1236 1316 per
1248 1239 1403 1301 tristitias
1413 1240 1446 1301 et
1456 1239 1605 1314 dolores;
1619 1239 1772 1301 tribulati

121 1330 273 1391 thesauri
287 1332 459 1408 sapientiae
475 1335 508 1395 et
521 1333 670 1395 scientiae
686 1335 764 1395 sunt
776 1334 919 1395 abscon·
973 1336 1050 1397 sunt
1064 1351 1122 1396 ore
1136 1351 1196 1414 per
1210 1338 1428 1398 contumelias
1439 1338 1472 1398 et
1486 1339 1632 1399 terrores
1644 1359 1653 1413 3
1667 1337 1772 1399 tribu·

122 1428 194 1490 diti.
207 1430 255 1490 De
270 1445 334 1504 qua
350 1430 538 1505 cognitione
546 1432 669 1493 veritas
684 1432 733 1493 ait
748 1453 755 1492 :
771 1436 856 1494 Haec
867 1434 919 1494 est
972 1433 1032 1494 lati
1043 1435 1121 1495 sunt
1132 1448 1232 1510 opere
1247 1450 1307 1511 per
1318 1434 1491 1509 angustias
1505 1436 1538 1497 et
1550 1434 1697 1509 labores3
1712 1448 1773 1512 per

120 1526 195 1587 etta
208 1528 344 1587 calerna
358 1528 397 1588 ut
411 1530 616 1603 cognosceret
630 1529 663 1590 te
674 1535 784 1591 sotum
795 1545 918 1591 oerum
973 1529 1104 1592 dolores
1119 1531 1328 1593 contritionis
1342 1533 1376 1593 et
1389 1531 1547 1593 tristitias
1565 1533 1771 1609 compassio-

121 1626 243 1694 Deum,
267 1624 301 1684 et
329 1639 430 1698 qrrem
449 1627 578 1687 misisti
600 1629 719 1688 lesum
743 1628 918 1689 Christum
972 1627 1040 1703 uis;
1063 1644 1122 1706 per
1143 1631 1289 1691 terrores
1311 1628 1579 1691 comminationis
1594 1630 1628 1691 et
1648 1629 1770 1691 contu·-

123 1718 231 1798 (Joan.
265 1737 355 1792 xvii,
392 1721 438 1801 3).
473 1726 522 1786 Ex
554 1724 617 1785 hac
643 1724 918 1802 comprehensiva
973 1726 1090 1787 melias
1113 1726 1300 1800 irrisionis3
1324 1743 1385 1804 per
1408 1725 1556 1788 laborem
1580 1726 1769 1788 afflictionis

124 1818 313 1894 cognitione
321 1819 470 1897 procedit
478 1838 605 1883 summa
614 1822 747 1885 dilectio
756 1838 917 1901 perquam
972 1824 1006 1885 et
1024 1825 1195 1900 angustias
1208 1824 1385 1901 passionis.
1402 1827 1467 1885 Per
1481 1824 1553 1886 haec
1566 1825 1681 1901 peccat
1695 1823 1772 1901 quis

125 1916 231 1977 sancti
251 1916 394 1993 diligunt
407 1920 522 1980 Deum.
538 1919 632 1980 Unde
647 1921 752 1981 isaias
771 1921 812 1982 de
830 1919 917 1985 bono
973 1920 1115 1998 perhaec
1129 1924 1162 1983 et
1174 1922 1363 2000 torquatum
1379 1937 1555 1999 peccamus
1570 1937 1630 1999 per
1641 1921 1723 1983 vitia
1738 1923 1773 1984 et

121 2013 193 2075 siro
211 2035 219 2073 ε
240 2017 368 2091 Regem
383 2019 420 2077 trs
434 2019 632 2079 decorasse
650 2020 811 2080 videbunt
831 2023 919 2082 oculi
972 2019 1166 2094 torquemur
1175 2033 1236 2097 per
1249 2018 1319 2079 illa.
1333 2018 1419 2079 Nam
1432 2018 1588 2095 superbia
1598 2016 1704 2090 inflat,
1718 2017 1772 2080 ira

122 2114 196 2183 ejus
226 2109 288 2190 (is.
318 2128 439 2185 xxxiii,
479 2114 540 2185 17).
577 2117 700 2191 Regem
735 2117 919 2178 nominavit
973 2115 1123 2190 dilaniat,
1136 2118 1270 2179 luxuria
1280 2117 1444 2195 inquinat,
1454 2117 1597 2178 avaritia
1608 2114 1770 2189 stimulat,

123 2208 289 2269 Christum
320 2226 417 2288 quem
442 2211 531 2272 oculi
560 2212 667 2274 nostri
698 2212 856 2275 videbunt
883 2214 918 2275 in
972 2213 1099 2275 invidia
1122 2215 1259 2276 cruciat.
1289 2217 1336 2276 De
1361 2214 1632 2277 tribulationibus
1660 2213 1771 2275 cordis

124 2306 242 2368 decore
272 2323 349 2380 suo,
375 2309 470 2381 idest,
494 2309 530 2369 in
559 2310 710 2373 claritate
733 2311 917 2374 divinitatis
973 2310 1054 2372 dicit
1076 2313 1247 2390 Scriptura
1267 2315 1509 2384 :Secrtstcium
1530 2316 1602 2373 Deo
1621 2312 1770 2385 spiritus

124 2420 204 2466 suae.
221 2406 261 2465 Et
282 2403 344 2467 Job
364 2426 371 2465 ε
392 2410 436 2467 In
449 2422 555 2469 carrae
573 2423 652 2469 mea
670 2410 788 2470 videbo
809 2414 917 2472 Deum
972 2409 1770 2482 contribulatus,coreontrltumethumtltotum

123 2504 339 2565 salvotorem
351 2519 504 2566 recuro...
518 2503 550 2584 (J
552 2503 604 2566 ob.
619 2521 691 2579 xix,
706 2505 772 2585 26).
973 2510 1065 2568 Deras
1074 2521 1143 2568 nora
1159 2508 1294 2582 spermit
1311 2504 1380 2585 (Ps.
1393 2508 1443 2578 50,
1456 2505 1520 2585 18).
1532 2507 1571 2567 at
1586 2505 1766 2583 Apostolus

162 2602 243 2663 item
262 2623 269 2661 ε
288 2603 446 2663 Isttsu'nt
465 2606 535 2664 otri
551 2606 812 2678 mtsertcordtae,
834 2621 918 2680 quo-
972 2604 1044 2666 ait:
1061 2606 1367 2678 Quisimtmnutur,
1384 2605 1418 2666 et
1433 2618 1496 2680 epo
1510 2605 1769 2676 morrtsflrmori

121 2715 201 2760 rum
217 2700 369 2772 jmtmae
390 2702 592 2762 oblivionem
617 2716 686 2763 nora
710 2706 920 2778 acceperunt
973 2705 1056 2768 Quis
1089 2703 1347 2765 scartdullzatur
1380 2702 1414 2763 et
1449 2715 1511 2777 epo
1545 2716 1615 2763 sort
1653 2703 1772 2764 ανον)

126 2795 238 2876 (Eccii.
268 2813 361 2870 xciv,
387 2797 450 2871 10).
473 2799 592 2859 Tribus
621 2799 727 2860 modis
751 2801 919 2878 accipiunt
974 2797 1020 2878 (11
1033 2801 1106 2860 Cor.
1123 2814 1170 2872 xi,
1182 2797 1249 2878 29).

125 2894 325 2956 oblivionem
336 2895 475 2973 justitiae
486 2896 668 2969 hominum,
683 2898 848 2971 videlicet,
859 2915 919 2974 per
1012 2899 1059 2957 De
1079 2896 1351 2959 tribulationibus
1371 2896 1439 2959 oris
1461 2897 1509 2959 ait
1529 2897 1689 2960 Dominus
1710 2911 1772 2974 per

126 3009 246 3055 vanam
261 2993 413 3069 gloriam,
427 3008 488 3071 per
499 2994 680 3071 nequitiam
696 2997 729 3057 et
751 3012 811 3073 per
828 2996 919 3058 desi·
972 2995 1152 3056 Jeremiam
1167 2996 1362 3073 prophetam
1379 3016 1386 3055 :
1404 2997 1635 3058 contemnentis
1649 2995 1682 3058 et
1701 2996 1770 3058 ter·

127 3091 225 3152 diam.
256 3093 396 3168 Propter
421 3091 645 3168 prolixitatem
670 3093 852 3155 omittimus
875 3110 918 3156 ne
972 3095 1772 3168 rorespossmsumaoemetnomamsmeoum
1837 3100 1865 3129 ·'

126 3206 232 3252 sermo
257 3190 408 3268 prolixus
422 3193 558 3266 generet
571 3190 751 3254 fastidium.
768 3193 825 3255 isti
841 3195 919 3255 sunt
973 3191 1024 3252 est
1039 3192 1216 3266 lampacem
1242 3192 1382 3254 bedotor
1405 3192 1508 3265 sortis
1533 3189 1614 3270 (Jer.
1627 3206 1686 3261 xx,
1704 3189 1769 3270 11).

126 3289 212 3350 enim
224 3288 607 3366 adquorumclangorem
615 3290 919 3353 muriJerichocor-
973 3289 1013 3349 Et
1021 3287 1102 3349 alibi
1119 3310 1127 3350 z
1144 3291 1336 3363 omnesqui
1350 3290 1509 3350 videbunt
1524 3303 1591 3360 me,
1607 3303 1773 3362 asperna-

124 3389 276 3458 ruerunt,
298 3386 353 3463 qui
372 3402 432 3446 sua
450 3386 687 3463 praedicatione
711 3388 918 3450 Gallicanum
973 3387 1100 3448 daretur
1112 3401 1179 3458 rese,
1200 3386 1302 3447 domati
1319 3386 1401 3447 sumt
1421 3388 1519 3446 tediis
1537 3385 1570 3446 et
1585 3386 1772 3447 amoverunt

126 3484 307 3562 principem
320 3483 362 3543 ab
379 3499 493 3546 errore
503 3483 546 3545 ad
558 3486 743 3558 veritatem,
754 3487 918 3547 etauitiis
973 3484 1076 3557 cupiat
1099 3482 1168 3562 (Ps.
1181 3482 1287 3561 21,8).
1302 3484 1349 3542 Ι)ο
1368 3482 1639 3544 tribulationibus
1658 3482 1771 3558 operis

125 3583 165 3643 ad
174 3583 317 3644 virtutes
332 3583 577 3644 converterunt.
590 3583 649 3644 isti
662 3584 740 3644 sunt
749 3583 867 3660 vigiles
878 3586 918 3645 de
973 3579 1009 3640 in
1020 3594 1162 3657 persona
1170 3582 1354 3655 martyrum
1364 3578 1630 3640 dicitPsalmista
1642 3601 1649 3640 ι
1661 3583 1773 3657 Prop-

126 3679 245 3758 quibus
259 3695 381 3756 sponsa
391 3679 471 3741 dicit
485 3679 520 3740 in
533 3680 677 3741 canticis
690 3683 920 3743 :Invenerunt
975 3678 1030 3739 ter
1044 3677 1077 3739 te
1084 3677 1198 3739 morte
1207 3679 1379 3750 afficimur
1386 3677 1458 3738 tota
1467 3679 1533 3748 dte,
1543 3677 1772 3740 exterminati

124 3793 179 3839 me
188 3781 309 3854 verme
323 3781 382 3851 qui
393 3779 627 3839 crestodichant
638 3778 826 3851 civitatem,
836 3794 921 3853 pau-
973 3790 1095 3837 sumus
1125 3775 1165 3836 ut
1196 3788 1278 3837 oves
1303 3776 1482 3836 oeetsiorets
1517 3773 1588 3853 (Ps.
1613 3776 1672 3846 43,
1699 3773 1766 3856 22).

125 3880 226 3937 talem
235 3890 315 3936 mam
325 3876 595 3950 pertransissem
609 3889 678 3949 eos,
690 3879 808 3938 traversi
819 3891 921 3950 quem
976 3873 1077 3946 Quasi
1093 3872 1243 3935 dicerent
1261 3893 1268 3933 :
1285 3875 1310 3933 0
1326 3875 1424 3944 Deus,
1441 3871 1497 3950 qui
1513 3872 1642 3934 occulta
1660 3872 1770 3935 cordis

125 3974 234 4049 diligit
243 3976 363 4033 anima
373 3988 451 4034 rraeu
462 3971 568 4052 (Cant
577 3988 627 4045 111,
635 3971 735 4052 3).Ι)ο
746 3972 865 4052 quibus
873 3974 921 4036 ait
974 3972 1073 4043 nosti,
1087 3971 1264 4049 propterte
1275 3986 1342 4032 uon
1357 3986 1416 4048 pro
1427 3970 1622 4032 criminibus
1634 3971 1768 4043 nostris,

125 4071 284 4131 Dominus
296 4085 355 4146 ρον
367 4070 487 4130 isaiam
501 4071 830 4147 prophetamsuper
842 4087 921 4132 mm
976 4069 1034 4130 sed
1047 4071 1083 4130 ut
1097 4071 1154 4130 tua
1169 4068 1252 4130 tides
1265 4068 1302 4129 in
1316 4067 1469 4144 gentibus
1489 4070 1660 4143 augeatur,
1676 4084 1769 4131 mor·

124 4182 183 4229 ros
197 4168 274 4229 tuos
281 4170 484 4239 Jerusalem,
496 4169 657 4229 corastttui
671 4170 838 4241 custodes·
850 4170 920 4230 tota
975 4168 1152 4239 tilicamur,
1168 4166 1266 4238 idest,
1283 4167 1381 4228 morti
1396 4166 1548 4243 dispositi
1569 4182 1683 4227 sumus
1700 4168 1771 4229 tota

126 4265 920 4328 dteettotoreoctenontacebuntleudaretiermes
976 4265 1040 4336 die,
1059 4265 1155 4337 idest,
1176 4263 1284 4339 longis
1300 4263 1522 4341 passionibus,
1540 4265 1696 4326 aestimati
1713 4282 1772 4327 su·

125 4367 263 4425 Domini
286 4360 349 4442 (is.
372 4377 454 4434 ixii,
477 4360 522 4440 6).
552 4363 621 4424 Nos
649 4363 749 4425 etiam
777 4363 918 4440 praelati,
976 4378 1049 4424 mus
1064 4364 1100 4424 ut
1113 4377 1192 4423 oves
1207 4361 1386 4424 occisionis
1404 4362 1476 4423 sine
1492 4361 1604 4439 aliqua
1625 4362 1773 4423 relucta·

126 4477 240 4522 sumus
251 4460 403 4521 custodes
418 4476 599 4532 murorum,
617 4462 651 4522 et
669 4460 742 4522 ideo
764 4459 921 4522 debemus
975 4462 1066 4524 tione
1081 4461 1194 4522 occisi.
1208 4462 1255 4521 De
1270 4459 1324 4521 his
1338 4459 1451 4521 taliter
1470 4461 1591 4521 occisis
1612 4461 1771 4537 scriptum
1869 4460 1881 4491 ⁸

127 4575 226 4637 super
240 4573 353 4619 muros
365 4558 457 4636 ipsos
469 4557 647 4619 instantius
655 4558 807 4633 uigilare,
821 4558 900 4637 quia
912 4580 919 4620 :
976 4562 1026 4622 est
1042 4580 1049 4619 ε
1072 4561 1141 4621 Vtri
1154 4558 1237 4619 sunt
1246 4560 1350 4620 oculis
1361 4558 1597 4633 insipientium
1609 4559 1771 4627 mortitii

125 4658 256 4719 Beatus
289 4659 343 4718 tlte
372 4671 508 4728 servus,
541 4671 643 4730 pacem
676 4671 755 4717 eum
786 4657 923 4719 verterit
974 4660 1093 4720 aretem
1115 4660 1153 4718 is
1171 4670 1257 4732 pace
1285 4653 1377 4734 (Sap.
1402 4670 1453 4728 111,
1477 4652 1523 4732 2).
1546 4654 1585 4715 st
1616 4655 1769 4716 iterum:

125 4757 294 4816 Durnium
315 4757 401 4827 ejus,
421 4753 595 4815 invenerit
611 4755 811 4831 credentem
826 4753 920 4833 (Luc.
977 4758 1216 4818 Transiolmus
1245 4767 1312 4828 per
1344 4756 1460 4828 ionem
1494 4752 1528 4812 et
1561 4765 1699 4825 aquarn,
1736 4754 1771 4816 et

125 4850 919 4931 xri,37).N0spraelati,sumusturresmurorum,
976 4853 1129 4916 ademisti
1149 4867 1212 4913 reos
1235 4854 1272 4911 tn
1293 4851 1520 4924 refrigerium
1545 4846 1613 4927 (Ps.
1637 4849 1688 4918 65,
1705 4848 1768 4929 12).

126 4950 204 5027 quia
220 4950 311 5027 ipsos
330 4963 442 5010 muros
464 4950 580 5010 eontra
601 4948 777 5010 haereticos
792 4951 922 5012 munire
979 4951 1067 5027 ignis
1086 4948 1252 5025 siguificat
1264 4944 1524 5019 tribulationem,
1547 4961 1634 5024 aqua
1656 4947 1772 5010 mundi
1826 4996 1830 5001 .

125 5046 922 5124 debemus,quiapraelatiEcclesiaeecclesiastica
977 5047 1240 5117 delectationem,
1270 5042 1348 5120 quia
1375 5041 1545 5105 tribulatio
1571 5044 1659 5107 sicut
1682 5044 1771 5121 ignis

126 5146 336 5205 sacramenta
351 5142 471 5205 debent
487 5142 632 5205 viriliter
648 5141 833 5205 defensare.
857 5143 921 5205 Sed
977 5146 1102 5218 exurit,
1131 5145 1165 5206 et
1191 5140 1366 5205 delectatio
1392 5140 1479 5203 sicut
1502 5156 1590 5220 aqua
1613 5142 1773 5206 velociter
1828 5154 1831 5159 ·

126 5257 316 5313 caveamus,
326 5256 388 5303 nos
396 5240 536 5319 praelati,
549 5257 591 5302 ne
606 5241 663 5318 qui
678 5240 834 5303 debemus
849 5257 923 5304 esse
976 5245 1107 5307 transit.

126 5338 402 5402 custodescontra
410 5338 644 5410 hostessimus
655 5339 764 5416 potius
775 5340 922 5403 latrones
1016 5342 1110 5406 Beati
1121 5338 1773 5419 martyresioannesetPaulustrausie-

126 5436 924 5516 ergacives,neipsaciaitasmeritoconqueratur
977 5442 1056 5504 runt
1069 5455 1129 5518 per
1148 5439 1272 5515 ignem,
1291 5436 1370 5515 quia
1393 5435 1557 5498 tormenta
1577 5436 1772 5498 carnificum
1870 5472 1876 5483 ·

126 5538 161 5599 et
172 5535 262 5598 dicat
277 5556 285 5595 :
300 5536 502 5597 invenerunt
515 5550 569 5596 me
581 5533 737 5611 vigiles...
978 5538 1143 5618 patienter
1179 5533 1420 5598 sustinuerunt.
1456 5532 1674 5594 Transierunt
1712 5549 1773 5610 per

167 5633 228 5697 isli
243 5634 409 5712 martyres
428 5635 575 5695 ioannes
596 5633 629 5694 et
647 5633 772 5696 Paulus
792 5634 925 5697 veraci·
979 5651 1112 5716 aquam,
1119 5633 1198 5713 quia
1206 5632 1445 5697 delectamenta
1460 5629 1560 5708 huJ'us
1570 5629 1684 5692 mundi
1696 5645 1774 5694 con·
