3802 6166
61 332 123 393 rsa
221 286 224 291 ¹

62 491 210 568 sigillum
227 507 323 552 suum
336 490 500 568 apposuit.
513 490 623 552 Abbas
633 494 667 553 et
679 492 862 553 conventus

62 591 171 651 sancti
188 589 359 667 Stephani,
376 589 521 650 decanus
545 590 577 651 et
592 590 771 665 capitulum
787 605 862 665 cap·

61 688 171 765 pellae,
184 688 220 749 ut
234 687 297 749 hoc
312 687 421 749 ratum
433 688 469 749 in
489 688 656 766 posterum
670 687 859 759 haberetur,

62 787 175 863 sigilla
191 802 251 846 sua
274 784 427 846 similiter
441 787 596 862 praesenti
616 786 740 863 scripto
757 801 862 862 appo-

62 885 213 965 suerunt.
241 886 357 945 actum
373 900 460 945 anno
476 886 593 961 gratiae
608 882 784 945 millesimo
799 883 861 943 du-

62 982 245 1044 centesimo
281 982 407 1042 decimo
439 983 590 1059 septimo,
618 998 731 1043 mense
759 982 858 1043 maie.

62 1079 156 1141 Nulli
168 1095 258 1154 ergo,
271 1080 346 1150 etc„
362 1096 465 1156 usque
478 1101 485 1139 :
498 1082 619 1141 nostrae
630 1079 858 1141 confirmatio-

62 1178 117 1239 nis
132 1176 325 1252 intringere,
342 1177 395 1238 vel
411 1177 454 1248 ei,
469 1179 531 1238 etc.
546 1193 650 1255 usque
661 1198 668 1237 :
681 1176 857 1238 contraire.

64 1275 101 1336 Si
129 1275 201 1352 quis
223 1274 345 1347 autem,
374 1277 450 1343 etc„
479 1291 582 1352 usque
604 1296 612 1336 :
636 1275 857 1337 incursurum.

63 1373 183 1432 Datum
199 1371 368 1431 Ferentini
383 1371 481 1432 tertio
496 1371 570 1431 idus
586 1371 729 1448 augusti,
744 1371 858 1448 ponti-

63 1468 182 1529 ficatus
197 1467 303 1529 nostri
316 1483 404 1529 anno
415 1467 571 1529 secundo.

58 1803 112 1862 Ad
123 1799 278 1860 abbatem
290 1800 324 1860 et
342 1801 547 1861 conterent-tam
570 1800 682 1862 soracti
710 1802 858 1877 Betttpat

343 1900 573 1959 Divioaercrts.

324 2030 356 2087 ΙΙ
372 2036 486 2103 august.
509 2030 588 2088 1217.

272 2133 653 2219 mmmmfflm]

90 2271 248 2329 Confirmet
267 2270 474 2327 ahsolutionem
491 2272 651 2328 innocentii
666 2273 717 2341 ΙΙΙ,
735 2285 822 2345 super

213 2358 363 2432 cujusdem
379 2359 513 2417 monachi
530 2360 703 2432 receptione.

96 2486 277 2559 Honorius,
294 2487 370 2559 etc,
382 2486 491 2549 abbati
500 2487 533 2548 et
541 2487 718 2549 conventui
728 2503 858 2549 monas·

54 2586 134 2647 terii
158 2584 263 2646 sancti
298 2585 440 2661 Benigni
469 2586 643 2648 Divionen.
672 2585 854 2663 lingonen.

57 2682 223 2754 dioecesis,
240 2682 393 2750 salutem,
410 2684 473 2745 etc.

24 2820 28 2831 -
98 2784 137 2841 ln
160 2781 281 2843 litteris
303 2780 505 2842 venerabilis
529 2780 643 2844 fratris
670 2783 773 2845 nostri
779 2827 852 2845 ......

60 2879 206 2957 episcopi
227 2879 410 2955 lingonen.
428 2880 659 2957 prospeximus
679 2882 852 2954 contineri,

58 2976 145 3053 quod
174 2994 273 3054 quum
310 2976 417 3038 felicis
446 2979 614 3040 memoriae
643 2980 854 3042 Innocentius

56 3090 156 3152 papa,
185 3074 411 3152 praedecessor
438 3077 561 3147 noster,
587 3076 665 3137 olim
692 3077 756 3138 sibi
785 3079 854 3138 suis

55 3173 202 3235 dedisset
215 3173 334 3235 litteris
350 3173 383 3234 in
408 3174 583 3246 mandatis,
601 3176 636 3236 ut
659 3174 688 3234 si
716 3175 853 3238 consta-

56 3274 108 3332 ret
122 3271 230 3332 eidem
245 3272 395 3349 quaedam
412 3289 484 3350 quae
496 3273 610 3335 contra
622 3275 661 3335 U.
675 3273 715 3334 de
728 3275 852 3351 Dreig„

55 3370 136 3431 tunc
169 3371 367 3432 monachum
394 3372 552 3443 vestrum,
581 3372 750 3449 proposita
776 3371 853 3434 iue-

55 3469 125 3529 rint
144 3484 222 3556 vera
245 3483 329 3542 esse,
344 3468 452 3545 ipsum
472 3485 491 3530 a
514 3470 717 3531 monasterio
743 3472 853 3532 vestro

55 3567 188 3644 penitus
216 3568 396 3640 amoveret,
423 3568 490 3629 tam
519 3584 539 3628 a
568 3567 675 3645 capite
707 3584 805 3645 quam
834 3584 853 3630 a

55 3664 225 3737 membris,
241 3666 275 3726 et
288 3666 420 3727 curaret
434 3665 469 3725 in
485 3666 551 3727 alio
572 3665 717 3744 ejusdem
744 3666 855 3728 obser·

55 3763 180 3825 nuntiae
195 3765 397 3826 monasterio
412 3764 571 3826 collocari
599 3786 607 3825 ε
626 3765 697 3842 ipse
725 3765 852 3843 objecta

57 3862 166 3923 eidem
192 3877 251 3939 per
275 3861 438 3935 abbatem,
461 3862 605 3940 priorem
633 3865 667 3925 et
693 3864 853 3941 quosdam

55 3960 237 4022 monachos
263 3960 366 4038 ipsius
393 3960 458 4022 loci
486 3962 618 4039 juratos
646 3963 853 4039 comperiens

55 4073 130 4119 esse
145 4074 236 4129 vera,
249 4059 357 4135 ipsum
375 4059 499 4120 amovit
520 4075 538 4120 a
559 4060 696 4136 praefato
716 4077 852 4123 monas-

54 4156 140 4217 terio
156 4158 223 4217 tam
239 4173 257 4217 a
273 4156 491 4234 capitequam
521 4172 540 4218 a
569 4158 737 4230 memhris,
754 4161 853 4236 juxta

56 4254 196 4315 formam
210 4255 244 4315 in
257 4254 377 4316 litteris
392 4254 539 4332 ejusdem
552 4256 657 4318 nostri
674 4256 854 4332 praedeces-

56 4353 143 4413 soris
172 4368 376 4429 expressam,
407 4356 440 4414 et
468 4353 500 4414 ei
519 4353 596 4415 licet
624 4354 773 4431 recipere
792 4371 851 4418 re-

56 4449 183 4521 nuenti,
200 4450 309 4511 locum
336 4449 371 4510 iu
399 4450 466 4511 alio
490 4450 636 4528 ejusdem
672 4450 852 4515 observan-

55 4546 111 4608 tiae
126 4546 327 4607 monasterio
342 4561 378 4608 se
400 4545 517 4608 obtulit
539 4547 767 4624 provisurum
793 4567 854 4611 cu-

51 4644 108 4720 jus
135 4645 334 4704 amotionem
365 4644 452 4705 idem
488 4645 713 4722 praedecessor
739 4652 853 4710 noster

54 4741 263 4818 postmodum
278 4742 384 4802 ratam
395 4742 531 4814 habens,
545 4758 605 4804 vos
621 4759 851 4824 superrecep-

54 4838 145 4899 tione
161 4837 265 4914 ipsius
281 4838 321 4900 ab
337 4839 484 4916 ejusdem
510 4841 669 4917 petitione
698 4842 849 4916 absolvit,

90 4968 133 5039 (ll
153 4969 225 5038 Quid
238 4972 274 5027 sit
287 4970 426 5028 absolutio
440 4986 527 5045 super
546 4974 715 5100 receptione
732 4990 767 5032 ex
789 4977 852 5049 ipso

54 5048 190 5098 contextu
206 5049 298 5113 potest
316 5043 446 5116 intelligi.
468 5046 535 5100 Post
560 5059 611 5117 pro
623 5046 766 5105 essionem
792 5048 853 5105 reli·

54 5114 179 5239 prosam.
197 5111 223 5168 id
240 5119 284 5168 est
296 5120 359 5184 post
372 5122 435 5170 vota
462 5115 578 5181 emissa,
611 5114 729 5174 facultas
758 5121 849 5191 possi·

73 5183 210 5309 endiffm
226 5185 329 5255 utrique
345 5185 458 5241 tollitur.
479 5187 580 5243 Omnis
607 5187 693 5259 igitur
712 5191 853 5261 regularis

55 5270 149 5311 nonst

56 5327 100 5383 rit.
116 5324 249 5395 Aliunde,
266 5328 470 5383 ntottastrriutn
488 5343 537 5400 per
550 5330 741 5400 receptionem
761 5347 853 5407 cutus·

54 5396 120 5453 darn
137 5397 354 5468 ligaturarum
378 5399 511 5455 alimenta
534 5400 659 5456 vicissim
672 5408 700 5457 et
720 5403 785 5460 vitre
800 5420 849 5461 ne·

54 5470 180 5525 cessaria
209 5467 311 5524 debeat
344 5469 371 5524 ei
405 5471 452 5540 qui
485 5471 653 5543 religionem
682 5474 850 5545 ingreditur.

56 5540 153 5606 Porro,
168 5540 193 5595 is
220 5540 271 5610 qui
295 5538 455 5597 nechabet
480 5555 533 5597 nec
561 5542 666 5599 habere
689 5553 738 5601 aut
759 5546 849 5630 possi·

55 5610 124 5666 dore
152 5616 255 5682 potest,
290 5612 317 5665 in
343 5626 375 5667 se
392 5610 545 5668 transferre
571 5613 667 5670 dehita
688 5626 795 5690 nequit,
824 5625 853 5675 et

54 5682 260 5739 monasterium
277 5681 368 5755 ipsum
381 5682 557 5741 exsolvendo
570 5685 726 5746 obnoxium
741 5688 853 5749 videtin

173 5256 320 5326 lacquirit,
337 5263 367 5312 ut
400 5257 488 5323 aiunt,
504 5256 737 5316 sedmouasterio
753 5263 850 5343 ecqtti·

684 330 913 393 Erls't'OLAE.
937 330 1015 391 ΜΒ.
1038 330 1080 392 11.

1652 332 1713 393 teo

917 489 1003 552 sicut
1015 505 1059 552 ex
1073 490 1167 567 parte
1181 488 1291 551 vestra
1307 488 1369 552 luit
1382 489 1586 567 propositum
1601 503 1714 552 coram

916 587 1023 660 nobis,
1052 588 1145 650 etin
1172 587 1320 664 ejusdem
1345 587 1565 650 absolutionis
1592 589 1713 651 litteris

916 685 1037 748 dicitur
1058 686 1232 748 contineri.
1261 689 1366 758 Quum
1394 686 1496 762 igitur
1516 685 1612 748 nobis
1634 703 1716 765 snp-

915 782 1118 860 plicaveritis
1161 783 1332 845 humiliter
1383 784 1416 845 et
1456 784 1636 857 instanter,
1678 786 1714 847 ut

915 880 1018 957 quieti
1033 882 1227 943 monasterii
1247 882 1362 954 vestri,
1380 882 1433 942 cui
1459 898 1502 943 ex
1524 884 1715 960 receptione

915 978 1006 1040 illius
1020 980 1089 1041 tum
1103 980 1348 1056 proptermulta
1361 979 1482 1051 dehita,
1494 997 1566 1058 quae
1576 983 1710 1044 incaute

915 1077 1091 1150 contraxit,
1108 1080 1177 1139 tum
1202 1079 1336 1154 propter
1351 1094 1470 1139 causas
1494 1079 1580 1139 alias
1607 1096 1712 1157 grave

914 1173 1122 1252 dispendium
1135 1176 1335 1247 immineret,
1350 1176 1525 1254 providere
1536 1193 1636 1255 super
1649 1179 1714 1241 hoc

914 1273 1175 1334 misericorditer
1215 1273 1450 1350 dignaremur3
1489 1290 1550 1335 nos
1592 1277 1713 1337 vestris

909 1371 1009 1448 justis
1055 1371 1207 1447 precibus
1254 1371 1427 1444 inclinati,
1471 1371 1713 1436 absolutionem

914 1469 1018 1546 ipsius
1041 1469 1297 1547 praedecessoris
1319 1470 1425 1531 nostri
1448 1470 1554 1532 eidem
1578 1487 1715 1533 monas·
1766 1468 1771 1479 '

913 1567 997 1628 torio
1020 1566 1131 1629 vestro
1158 1566 1291 1639 lactum,
1322 1568 1409 1630 sicut
1431 1566 1465 1628 in
1492 1571 1564 1646 ejus
1592 1569 1714 1632 litteris

913 1665 1111 1736 continetur,
1123 1665 1321 1727 arroteritate
1336 1666 1525 1743 apostolica
1536 1668 1714 1730 confirma·

912 1777 996 1834 mus,
1014 1765 1047 1824 et
1061 1763 1216 1839 praesenti
1232 1763 1347 1840 scripti
1362 1763 1548 1840 patrocinio
1564 1781 1714 1828 commu-

913 1860 1033 1922 nimus.
1054 1860 1146 1921 Nulli
1161 1877 1252 1937 ergo,
1269 1863 1344 1933 etc,
1361 1877 1468 1937 risorie
1483 1867 1605 1924 nostrae
1626 1880 1711 1926 con-

912 1958 1110 2021 firmationis
1137 1959 1331 2036 intringere,
1355 1961 1408 2022 vel
1436 1961 1479 2033 ei,
1503 1962 1579 2035 etc,
1602 1978 1711 2037 tapete

912 2058 1089 2119 contraire.
1103 2058 1137 2119 Si
1152 2059 1226 2135 quis
1241 2060 1363 2131 etitem,
1380 2060 1455 2131 etc,
1468 2074 1575 2135 usque
1590 2060 1710 2122 incur·
1753 2116 1761 2131 ,

912 2172 1038 2217 surum.
1051 2158 1170 2218 Datum
1183 2157 1354 2218 Ferentini
1365 2157 1462 2219 tertio
1478 2157 1552 2219 idus
1563 2160 1708 2236 augusti,

912 2253 1122 2330 pontificatus
1141 2255 1246 2317 nostri
1262 2270 1350 2316 anno
1365 2255 1511 2318 secundo
1526 2254 1586 2336 (Ι).

952 2452 989 2512 Iu
1028 2451 1181 2513 eumdem
1217 2451 1286 2513 sere
1319 2452 1451 2513 modum
1488 2453 1647 2530 scriptum
1675 2453 1713 2516 ut

910 2563 1011 2625 supra
1036 2548 1221 2611 venerabili
1248 2549 1383 2611 tratri...
1411 2550 1577 2628 episcopo,
1603 2552 1636 2614 et
1656 2552 1711 2613 di-

911 2646 1007 2709 lectis
1042 2647 1120 2708 tiliis
1151 2647 1311 2723 magistro
1343 2650 1383 2710 U.
1413 2648 1453 2709 de
1480 2650 1649 2719 Bormont,
1679 2650 1713 2713 et

910 2745 946 2805 Ο.
961 2742 1002 2804 de
1014 2745 1198 2805 Mormento
1212 2745 1383 2807 canonicis
1403 2746 1586 2822 Lingonen.
1603 2762 1711 2822 ueqrtc

910 2840 1109 2902 continetur.
1127 2840 1270 2918 Ideoque
1295 2841 1489 2903 discretioni
1505 2844 1624 2905 vestrae
1651 2859 1711 2921 per

909 2938 1099 3015 apostolica
1139 2939 1262 3016 scripta
1309 2941 1505 3001 mandamus
1545 2942 1709 3018 quatenus

909 3035 1146 3097 monasterium
1164 3036 1272 3112 ipsum
1297 3053 1363 3098 non
1392 3038 1590 3114 permittatis
1610 3054 1711 3116 super

909 3132 1098 3209 receptione
1113 3134 1220 3210 ipsius
1235 3133 1275 3195 de
1291 3136 1411 3196 caetero
1424 3134 1569 3211 fatigari,
1592 3137 1709 3198 molos-

908 3232 1032 3293 tatores
1047 3234 1119 3309 ejus
1132 3231 1296 3293 indebitos
1311 3248 1452 3294 censura
1468 3233 1707 3308 ecclesiastica,

908 3328 1037 3390 sublato
1080 3329 1311 3407 appellationis
1349 3330 1518 3393 obstaculo
1556 3348 1710 3409 compes·

908 3425 1225 3498 cendo,invocantes
1240 3429 1268 3488 si
1293 3444 1375 3504 opus
1404 3428 1506 3491 suerit
1532 3428 1707 3491 brachium

908 3524 1080 3585 saeculare.
1091 3524 1182 3596 Quod
1199 3526 1228 3585 si
1243 3542 1309 3586 non
1323 3542 1447 3599 omnes,
1461 3528 1536 3601 etc„
1552 3528 1589 3590 tu
1606 3527 1709 3591 irater

908 3622 1072 3699 episcope,
1087 3623 1149 3684 etc.
1165 3625 1284 3686 Datum
1298 3627 1334 3686 ut
1354 3640 1466 3702 supra.

920 3937 972 3997 Ad
985 3937 1191 3998 coercentem
1206 3939 1411 3999 atorrostertt
1424 3940 1554 4000 sanctae
1567 3942 1693 4001 Marica

1176 4036 1445 4110 aporire-atensis.

1206 4158 1238 4215 ΙΙ
1251 4173 1318 4232 aug.
1332 4158 1410 4216 titt.

908 4270 1059 4335 [Bullatium
1072 4272 1232 4330 Vaticanum,
1251 4279 1271 4322 t.
1282 4273 1302 4330 l,
1314 4289 1339 4337 p.
1360 4273 1413 4324 tort.
1432 4274 1469 4324 Ex
1486 4274 1596 4327 archivis
1621 4282 1703 4341 apost.

1141 4351 1168 4401 in
1177 4354 1273 4415 Regest.
1287 4352 1388 4416 epistol.
1401 4353 1471 4419 tte]

907 4457 1135 4517 Controversiam
1153 4457 1225 4514 iuter
1241 4465 1414 4515 conventum
1425 4461 1705 4518 monasteriisanctoe

942 4546 1038 4603 llariae
1053 4546 1267 4619 'tyburtinensis
1277 4554 1305 4604 et
1317 4548 1471 4605 canonicos
1485 4548 1610 4607 basiliere
1625 4550 1702 4623 prin-

942 4635 1013 4708 cipis
1039 4635 1242 4708 Apostolorum
1267 4651 1352 4708 super
1391 4638 1574 4710 possessione
1614 4639 1704 4712 ipsius

942 4733 1108 4790 monasterii
1123 4732 1270 4807 vigentem
1285 4734 1401 4791 dirimit.

945 4851 1113 4913 Honorius
1153 4851 1339 4929 episcopus,
1376 4868 1492 4913 servus
1532 4868 1703 4939 septorum

906 4982 999 5040 donec
1012 4998 1098 5055 super
1113 4985 1276 5055 receptione
1286 4998 1343 5039 non
1359 4982 1523 5041 absolvitur.
1541 4987 1601 5042 llac
1617 4984 1701 5045 abso·

907 5055 1012 5111 tutione
1031 5055 1125 5111 ontnis
1149 5054 1269 5127 juridica
1297 5055 1396 5111 relatio
1418 5056 1557 5128 rumpitur
1582 5072 1646 5131 quaa
1667 5074 1704 5117 ex

907 5123 1151 5198 professioneipsn
1173 5124 1306 5181 monachi
1320 5124 1502 5197 procedebat.

941 5196 1103 5253 Notandum
1117 5204 1252 5269 praeterea
1277 5195 1312 5253 de
1335 5196 1475 5269 eiectione
1495 5198 1702 5258 monachornm

907 5267 1029 5338 emplius
1050 5268 1092 5323 vel
1107 5268 1240 5324 statuisse
1248 5267 1293 5323 vel
1301 5266 1465 5325 delinivisse
1474 5270 1619 5327 Urbanum
1637 5274 1703 5331 thl

907 5345 934 5393 et
950 5339 1146 5395 itinerantium
1160 5340 1214 5396 xil
1238 5354 1285 5411 per
1305 5354 1356 5396 soa
1381 5337 1506 5396 decreta.
1528 5342 1596 5398 llaec
1619 5341 1702 5401 docet

908 5410 1015 5465 Ferrari
1031 5409 1066 5466 de
1081 5410 1180 5481 ejecto.
1203 5409 1295 5481 rprtoad
1309 5409 1467 5467 dominium
1490 5418 1518 5468 et
1540 5410 1703 5471 facultatem

908 5480 1069 5552 possidendi
1103 5497 1110 5537 :
1133 5502 1144 5531 ι
1168 5481 1281 5554 tilectus
1296 5496 1329 5537 ac
1350 5482 1420 5539 uirit·
1439 5481 1532 5539 adhuc
1550 5483 1624 5540 bona
1642 5500 1704 5542 nte·

907 5553 1031 5607 austerio
1064 5553 1108 5611 vel
1132 5552 1261 5635 religioni
1288 5496 1362 5609 unpe
1383 5561 1426 5610 est
1452 5554 1568 5627 ejectus.
1606 5558 1704 5615 Potest

908 5629 1002 5679 tamen
1017 5621 1053 5678 de
1073 5623 1218 5695 acquisitis
1232 5622 1383 5697 disponere
1405 5632 1487 5695 prout
1505 5631 1596 5683 status
1614 5628 1705 5701 exigit

907 5693 997 5765 prend
1014 5695 1081 5761 cito
1099 5694 1268 5754 mortorio.
1289 5696 1352 5761 Non
1374 5702 1468 5771 potest
1485 5702 1581 5755 autern
1610 5696 1705 5759 iacere
