3794 6166
19 244 217 345 'aaa

121 437 225 505 nonis
240 434 435 515 scrupulum
460 430 663 495 relabantur.
689 430 795 502 Quium
818 428 923 505 igitur

121 538 274 619 quaestio,
283 552 359 615 quae
370 534 459 595 inter
468 547 527 593 ros
538 546 583 591 ex
592 532 687 607 parte
699 544 766 589 una
776 530 810 589 et
818 542 923 589 rene-

120 636 261 701 rabilem
272 634 408 697 tratrem
420 630 612 691 nostrum...
625 627 817 705 episcopum
835 624 921 687 Lin-

119 750 241 813 gonen.
266 733 307 795 de
328 746 468 791 assensu
494 726 632 805 capimli
659 726 711 787 sui
735 742 778 787 ex
801 724 920 795 altera,

121 848 223 911 super
252 828 471 906 subjectione,
499 842 598 903 quam
626 824 713 885 idem
746 824 922 901 episcopua

120 930 274 1007 exigebat
299 944 319 989 a
342 928 454 987 vestro
482 924 696 993 monasterio,
717 921 920 989 vertebatur,

119 1030 286 1095 mediante
302 1023 486 1087 venerabili
499 1022 603 1083 tratre
624 1024 739 1083 nostro
758 1020 919 1083 albanen.

26 1126 30 1133 ’
117 1130 274 1207 episcopo
285 1125 351 1185 sibi
363 1123 465 1185 abbas
480 1138 519 1182 ac
538 1124 569 1183 l.
590 1120 753 1181 monacho
776 1134 922 1181 eonsen-

118 1228 172 1291 tus
186 1224 335 1303 ejusdem
352 1220 558 1283 monasterii.
574 1223 606 1280 el
622 1218 782 1293 magistro
804 1220 858 1277 n'.
880 1218 922 1279 de

119 1325 279 1387 Bornmt
306 1321 385 1381 dicti
420 1320 605 1393 Lirraonen.
635 1316 919 1393 procuratoribus,

117 1422 271 1487 auditore
283 1434 454 1487 concesso,
468 1420 541 1493 post
553 1414 675 1475 multas
686 1414 921 1476 altercationes

116 1520 159 1583 de
191 1520 348 1581 mandato
382 1516 479 1577 bonas
525 1512 696 1575 memoriae
733 1513 919 1575 innocentii

116 1634 213 1699 papae
228 1613 487 1695 praedecessoris·
500 1612 606 1673 nostri
627 1612 687 1672 tali
709 1610 809 1672 suerit
829 1628 922 1673 corn-

116 1716 285 1799 positlone
299 1713 421 1790 sopita,
437 1712 473 1772 ul
497 1709 653 1771 videlicet
675 1725 741 1769 non
769 1708 921 1771 obstante

117 1814 295 1886 sententia,
312 1827 449 1889 quiam...
467 1807 571 1869 abbas
590 1808 699 1869 sancti
725 1808 873 1869 Memmii
887 1812 923 1871 et

116 1912 309 1991 earniudices
337 1912 410 1987 ejus
443 1906 683 1967 cathalaunen.
712 1905 854 1981 delegati
878 1905 921 1965 ab

117 2011 235 2077 wem
270 2008 517 2087 praedecessore
549 2008 664 2066 nostro
698 2006 815 2066 contra
849 2004 923 2065 dic-

119 2111 188 2174 tum
200 2103 922 2183 monasteriumprolulerunt:monasterium

119 2210 229 2287 ipsum
267 2222 369 2285 super
412 2207 507 2281 quus
549 2202 702 2265 libertate
745 2202 921 2280 privilegia

120 2310 346 2371 Romanorum
372 2304 571 2365 l'ontilicurn
597 2302 730 2363 luerunt
758 2300 921 2372 exhibita,

121 2408 189 2469 tarn
209 2420 322 2467 coram
352 2402 510 2481 praedicto
534 2400 782 2479 predecessore
808 2402 923 2460 nostro

121 2520 220 2585 qnam
255 2502 357 2565 etiam
403 2516 516 2562 coram
558 2500 709 2561 auditore
747 2497 922 2575 predicto,

121 2603 164 2665 ab
185 2602 276 2665 omni
299 2600 536 2679 jurisdictione
565 2598 747 2673 Lingonen.
775 2596 922 2672 episcopi

122 2704 282 2781 quantum
304 2699 346 2761 ad
377 2698 488 2774 capnt,
507 2695 662 2756 vilelicet
684 2694 923 2755 monasterium

124 2800 262 2861 omnino
285 2798 427 2859 liberum
440 2797 473 2856 et
487 2796 676 2869 exemptum
695 2791 758 2853 soli
773 2794 923 2853 Romano

125 2896 283 2961 l’onlitlei
311 2894 345 2953 in
370 2890 610 2968 temporalibus
635 2894 669 2951 et
694 2888 926 2966 spiritualibus

125 2996 170 3057 ait
195 2993 394 3070 subjectum3
421 2990 467 3051 ita
493 2990 603 3051 tamen
627 2987 713 3066 quod
738 2988 836 3050 annis
854 2988 926 3048 sin-

125 3092 214 3167 pnlis
247 3092 282 3153 in
315 3089 498 3153 erastinum
531 3087 780 3149 Purillcationis
813 3089 925 3148 Matre

124 3192 243 3257 Mariae
260 3190 324 3269 ipsi
341 3190 523 3263 Lingonen.
547 3188 703 3265 episeopo
729 3202 770 3249 ao
790 3202 926 3248 succes-

125 3291 257 3353 sorrtms
283 3290 352 3349 suis
371 3304 489 3350 norem
517 3286 619 3347 libras
644 3288 784 3347 monetae
809 3285 926 3347 luvio-

125 3408 200 3453 nen.
214 3390 346 3452 nornine
358 3386 611 3465 procurationis,
630 3388 664 3446 nt
673 3386 806 3463 justitia
827 3385 926 3447 uobis

128 3488 326 3551 eslriboatur
341 3490 455 3547 contra
476 3486 706 3546 malefactores
717 3487 845 3546 uestros
855 3485 927 3562 ple-

127 3588 203 3651 nius
218 3589 250 3648 et
264 3586 447 3665 promptius
458 3584 499 3646 ab
510 3584 634 3645 elatem
648 3582 926 3655 exsoluat,donee

126 3689 253 3749 barrium
284 3684 432 3745 redditus
461 3683 524 3759 ipsi
554 3683 719 3759 episcopo,
748 3681 800 3742 rel
824 3682 925 3742 alicui

127 3799 358 3845 salmossornm
388 3798 523 3841 sianum
554 3780 596 3841 ab
622 3780 695 3856 ipso
724 3779 926 3840 nronasterio

127 3882 228 3947 liuerit
241 3881 374 3953 assirim
381 3882 462 3951 [111113
474 3878 560 3939 unde
573 3877 679 3939 dictas
695 3894 812 3937 notem
824 3876 926 3938 libras

126 3982 254 4053 integre
270 3980 379 4039 calleat
395 3977 565 4053 percipere
580 3975 765 4047 annuatim,
777 3974 830 4035 vel
842 3975 927 4035 alios

127 4092 381 4139 etlrrnrnnsensu
405 4071 542 4149 capituli
567 4071 750 4145 Lingonen.
778 4072 927 4148 plenarie

127 4174 344 4243 sartislaclnm,
369 4184 531 4247 expresso
561 4170 596 4229 ul
620 4168 648 4228 si
677 4167 765 4229 dicta
795 4172 927 4231 monela

127 4274 214 4337 fructa
231 4272 329 4334 vilior
352 4286 410 4331 sou
427 4267 537 4330 carior
560 4283 694 4329 cursum
724 4267 928 4345 relinqueret

128 4376 334 4443 caelimontium,
361 4370 401 4432 ad
432 4369 582 4432 valorem
608 4367 642 4427 in
670 4383 735 4444 qua
764 4367 836 4428 erat
855 4366 927 4443 ipsa

128 4474 261 4533 melilota
285 4475 431 4546 tempore
456 4464 706 4543 compositionis
737 4464 927 4541 hujusmodi

128 4572 241 4633 (lorsam
269 4572 302 4630 et
334 4568 406 4629 octo
433 4564 581 4625 denariis
601 4563 747 4641 ejusdem
774 4564 925 4635 monetae,

128 4669 285 4733 videlieet
306 4683 364 4745 pro
391 4663 565 4725 ‹lirodeeim
581 4661 773 4723 l’rurinion.
789 4664 925 4722 Trecen.

129 4767 341 4844 elnnputalis,
357 4764 414 4826 ilat
427 4762 548 4823 solutio
566 4760 713 4838 peccuniae
725 4760 926 4821 memoratae.

130 4868 199 4927 Nos
215 4866 332 4927 vestris
351 4861 503 4941 precibus
532 4859 683 4921 inclinati
695 4858 735 4919 aad
758 4858 929 4935 exemplar

131 4964 281 5041 ejusdem
306 4959 561 5039 praedecessoris
583 4957 687 5019 nostri
712 4957 927 5034 compositio-

131 5077 208 5125 nem
221 5062 370 5121 eamdem
386 5058 583 5120 anctoritate
597 5056 784 5133 apostolica
802 5056 928 5117 contir-

132 5176 260 5223 1na1nus
274 5161 306 5220 et
320 5157 493 5235 presentis
507 5156 621 5233 scripti
638 5155 822 5232 patrocinio
839 5170 931 5216 com-

132 5258 310 5322 munimus.
325 5255 417 5317 Nulli
427 5272 517 5330 argo,
531 5257 606 5327 etc„
621 5255 742 5316 nostra
753 5252 931 5314 conllrma-

130 5355 244 5427 tionis,
260 5355 323 5416 etc.
339 5354 373 5414 si
390 5353 463 5430 quuis
479 5355 600 5423 ailitem,
617 5353 679 5413 etc.
697 5354 814 5413 Datum
832 5352 931 5411 Late-

130 5455 206 5519 rani
222 5452 319 5514 nonis
327 5451 476 5530 januarii
489 5452 699 5528 pontificatus
718 5450 823 5513 nostri
843 5464 930 5511 anno

134 5552 292 5617 sectando.

743 266 918 329 noxolnl
941 266 987 327 111
1010 265 1159 327 OPERA.

1340 434 1444 523 0111

1002 580 1057 641 Ad
1070 580 1295 653 aldefonsum
1306 578 1626 653 Ponupaaemenz·
1642 594 1751 655 repam

1271 702 1304 759 ll
1318 700 1384 773 ian.
1398 700 1489 759 lala.

977 816 1128 881 Jltullariurn
1141 818 1296 867 numanum.
1313 814 1355 865 ed.
1374 816 1504 867 Taurini.
1516 822 1539 865 t.
1554 816 1598 867 m.
1608 831 1633 881 p.
1644 816 1686 866 22⁹1
1705 834 1727 867 r..
1736 820 1774 885 l!·.[

976 934 1160 1008 Portugallie
1173 948 1235 1003 rex,
1248 934 1371 1005 ejusque
1384 932 1537 1003 haeredes,
1554 944 1584 991 et
1606 950 1718 1008 ramum
1736 950 1776 993 sna

1011 1024 1185 1095 apostolice
1206 1022 1289 1081 sadis
1305 1022 1496 1095 protectione
1510 1025 1713 1097 mmipiunnn.
1727 1042 1776 1082 mn

1012 1114 1154 1171 solutione
1162 1128 1267 1170 census
1276 1111 1401 1171 duarum
1414 1127 1593 1171 marcarum
1608 1115 1777 1188 aurinbrgnls

1012 1217 1106 1259 arinis.

1015 1321 1184 1382 Honorius
1199 1321 1376 1399 episcopus
1395 1336 1521 1381 servus
1538 1324 1776 1383 servornnn'ae‘„

976 1419 1150 1479 carissimo
1172 1420 1207 1481 in
1227 1418 1360 1479 Christo
1373 1418 1448 1479 lilio
1464 1418 1656 1481 aldetonsi·
1674 1420 1776 1481 drussi

976 1517 1224 1593 Porlngallensi
1249 1518 1333 1595 regi,
1361 1520 1510 1597 ejusque
1540 1518 1777 1581 haeredibusir

976 1618 1187 1693 perpetuum,
1219 1616 1361 1677 salntem
1387 1620 1421 1679 et
1443 1618 1674 1695 apostolicam
1696 1619 1780 1680 bene·

977 1714 1168 1776 dictionem.

1016 1811 1203 1875 Manifestis
1219 1812 1396 1892 probatum
1405 1816 1458 1875 est
1470 1817 1697 1891 argumentis.
1710 1816 1777 1893 quad

975 1926 1035 1989 per
1048 1910 1188 1973 sudores
1203 1911 1354 1983 bellicos,
1371 1914 1406 1973 et
1420 1914 1620 1975 certamina
1641 1914 1779 1975 militam

975 2009 1188 2072 inimieorum
1216 2010 1394 2072 christiani
1424 2011 1585 2073 nominis
1611 2012 1779 2089 intrepidus

976 2109 1176 2186 extirpator,
1215 2111 1249 2170 et
1288 2112 1500 2187 propagator
1535 2110 1685 2187 diligens
1718 2110 1779 2171 fidei

976 2206 1182 2279 christiana,
1205 2208 1293 2269 sicut
1319 2207 1430 2269 bonus
1455 2208 1778 2287 filius,elprince1s

977 2306 1164 2367 catholicus
1188 2306 1385 2368 multimoda
1408 2306 1582 2385 obsequia
1607 2310 1707 2370 matii
1728 2312 1780 2369 tua

977 2405 1202 2466 sacrosanctae
1229 2404 1387 2466 Ecclesiae
1415 2405 1635 2482 impendisti,
1665 2408 1779 2482 dignun

977 2502 1137 2563 memoria
1170 2518 1310 2573 nomen,
1340 2502 1374 2563 et
1401 2504 1605 2581 exemplum
1639 2504 1781 2565 innlmde

978 2600 1120 2676 posteris
1144 2601 1394 2679 derelinquens.
1415 2602 1574 2678 AEquum
1605 2608 1658 2665 est
1676 2608 1778 2664 auten.

978 2700 1014 2759 ut
1035 2714 1120 2777 quos
1133 2698 1174 2760 ad
1195 2700 1357 2775 regimen,
1382 2698 1416 2760 et
1443 2700 1598 2763 salutem
1623 2702 1731 2779 populi
1747 2698 1779 2760 ab

979 2798 1047 2859 alto
1073 2798 1278 2875 dispensatio
1299 2797 1449 2859 coelestis
1467 2799 1590 2876 elegit,
1606 2800 1779 2877 Apostolica

981 2894 1084 2957 Sedes
1098 2896 1277 2957 allectione
1290 2896 1423 2957 sincera
1443 2896 1581 2974 diligat,
1600 2902 1634 2960 et
1647 2900 1684 2960 in
1694 2898 1780 2976 jmtis

980 2992 1402 3071 postulationibusstudeat
1414 2994 1608 3057 efficaciter
1619 2996 1775 3058 exaudire.

980 3093 1124 3153 Proinde
1135 3108 1196 3153 nos
1206 3092 1611 3170 attendentespersonam
1621 3098 1776 3172 tuampru

980 3190 1092 3251 denlia
1120 3192 1285 3262 ornatam,
1307 3191 1442 3267 justitia
1471 3193 1671 3269 praeditam,
1694 3198 1777 3269 atqle

980 3288 1020 3349 ad
1037 3289 1151 3366 populi
1166 3290 1315 3366 regimen
1330 3288 1498 3361 idoneam,
1515 3306 1607 3355 eam.
1617 3291 1658 3352 ad
1673 3306 1774 3351 exeru-

982 3387 1056 3465 plar
1071 3387 1177 3448 lelicis
1193 3387 1437 3449 recordationis
1451 3388 1653 3453 Alexandri.
1670 3396 1701 3450 et
1714 3389 1774 3448 ule

982 3486 1102 3547 mentis
1118 3486 1401 3563 praalecessorum
1417 3492 1626 3557 nostrorum,
1650 3485 1774 3548 Pontii·

982 3601 1056 3646 cum
1077 3587 1313 3656 Romanorum,
1331 3584 1393 3645 snb
1408 3584 1497 3647 beati
1520 3587 1614 3646 Petri
1631 3590 1663 3648 et
1677 3588 1772 3645 nostra

982 3683 1186 3759 protectione
1203 3684 1610 3759 suscipimusetregnum
1621 3680 1773 3756 Parta-gal·

982 3780 1035 3840 liae
1051 3798 1125 3841 cum
1138 3782 1329 3857 integritate
1346 3780 1487 3842 honoris
1515 3783 1615 3858 regni
1631 3788 1662 3843 et
1678 3779 1772 3855 digni·

981 3880 1059 3951 tate,
1075 3897 1149 3956 ‹111ae
1161 3880 1203 3941 ad
1213 3896 1308 3957 reges
1323 3878 1478 3957 pertinet,
1492 3896 1626 3941 necnon
1636 3884 1666 3941 el
1677 3876 1769 3940 onraia

981 3977 1065 4050 loca,
1092 3995 1166 4055 (plne
1192 3995 1268 4039 cnm
1296 3978 1427 4040 auxilio
1441 3979 1592 4039 coeleslis
1610 3979 1720 4054 gratiae
1737 3973 1768 4032 de

983 4079 1224 4137 Saracenorum
1241 4076 1394 4137 manibus
1416 4075 1595 4152 eripueris,
1613 4077 1647 4137 in
1665 4072 1766 4152 quibus

977 4177 1033 4251 jus
1061 4175 1124 4235 sibi
1154 4191 1219 4235 non
1247 4177 1386 4251 possunt
1413 4172 1593 4235 christiani
1623 4171 1768 4251 principes

982 4272 1210 4350 circumpositi
1241 4274 1437 4345 vendicare,
1473 4273 1687 4333 Excellentiae
1716 4272 1769 4329 tue

982 4370 1204 4443 concedimus,
1222 4371 1255 4432 et
1276 4371 1477 4433 auctoritate
1495 4371 1687 4447 ,apostolica
1702 4380 1768 4427 con-

983 4470 1164 4530 tirmamus.
1181 4470 1222 4531 ut
1238 4473 1348 4532 autem
1364 4470 1404 4530 ad
1421 4469 1645 4539 devotionem,
1667 4470 1697 4528 el
1718 4460 1766 4522 ‹lb-

983 4567 1133 4643 sequium
1154 4567 1242 4628 benti
1260 4569 1350 4629 Petri
1375 4567 1604 4644 apostolorum
1630 4557 1766 4643 primnis<

983 4666 1015 4725 et
1030 4667 1250 4728 sacrosanctae
1268 4669 1426 4728 Romame
1437 4665 1597 4726 Ecclesiae.
1610 4665 1767 4725 vellemn-

983 4762 1049 4823 tius
1068 4765 1275 4836 accendaris,
1293 4765 1364 4825 haec
1380 4766 1453 4841 ipsa
1468 4763 1619 4841 praelatis
1641 4753 1764 4823 hareli-

983 4861 1044 4921 bus
1056 4861 1121 4922 tuis
1137 4862 1293 4925 duximus
1307 4862 1530 4933 concedenda,
1547 4877 1672 4939 eosque
1689 4863 1767 4931 sapor

984 4960 1037 5029 iis,
1064 4976 1137 5036 qliae
1165 4978 1322 5022 concessu
1344 4963 1433 5032 sunt,
1459 4962 1527 5021 Deo
1552 4960 1705 5036 propilio,
1723 4963 1767 5031 pol

985 5058 1132 5133 injuncto
1153 5058 1249 5120 nobis
1264 5059 1477 5136 Apostolatns
1498 5056 1611 5118 officio
1632 5051 1769 5116 delenle-

985 5173 1067 5216 mus.
1098 5159 1167 5217 'l'na
1193 5158 1303 5234 itaque
1320 5156 1482 5227 intererit,
1510 5154 1557 5216 fili
1574 5153 1767 5216 charissime,

985 5255 1031 5315 ita
1042 5254 1131 5315 circa
1147 5255 1362 5326 bonorumet
1374 5253 1568 5330 obsequium
1585 5254 1702 5317 matris
1718 5254 1767 5310 tur

986 5354 1207 5414 sacrosanctae
1221 5355 1380 5414 Romana
1396 5350 1554 5414 Ecclesiae
1568 5350 1736 5418 humilem,
1748 5340 1772 5400 tl

986 5450 1138 5511 devotum
1161 5451 1315 5523 existere,
1342 5452 1375 5513 et
1398 5451 1446 5511 sic
1473 5451 1505 5511 te
1529 5449 1639 5527 ipsum
1662 5448 1696 5511 in
1716 5447 1772 5522 ejus

986 5549 1298 5626 opportunitatibus,
1330 5550 1362 5610 et
1388 5547 1567 5609 dilatandis
1592 5546 1773 5608 christiana

988 5646 1064 5709 lidei
1093 5645 1213 5709 tinibus
1242 5662 1410 5719 exercere,
1429 5646 1465 5709 ut
1479 5645 1520 5706 de
1534 5645 1601 5706 tam
1624 5632 1773 5706 derotoet
