3802 6166
741 253 916 315 ttouotttt
938 254 984 315 111
1004 254 1154 317 OPERA.

119 252 182 315 tiS‘t
1714 254 1772 315 688

120 416 224 476 Deum
248 414 282 475 et
295 415 332 475 B.
345 414 523 490 Augustini
538 412 699 489 regulam,
713 412 921 492 providerint
1013 416 1082 491 ligo
1094 414 1307 489 Octavianus,
1321 416 1379 479 SS.
1390 414 1501 493 Sergii
1510 414 1678 479 etBacchi
1688 414 1770 478 diac.

119 510 321 588 eligendum.
341 509 524 573 Libertates
539 526 680 589 quoque,
706 517 740 573 et
763 512 921 572 immuni·
973 514 1063 575 card.

119 610 207 673 tates
236 610 411 686 antiquas,
437 611 470 671 et
492 608 709 671 rationabiles
736 613 918 672 consuetu·
1013 613 1081 687 Ego
1092 611 1283 687 Gregorius,
1306 614 1339 673 S.
1360 611 1528 673 Theodori
1540 611 1629 673 diac.
1643 612 1733 672 card.

120 708 216 770 dines
234 707 435 770 monasterio
454 708 565 769 vestro
580 722 772 777 concessas,
792 711 825 770 et
839 708 921 769 hac·
1014 712 1082 785 ligo
1110 710 1309 782 Rainerius,
1338 711 1371 770 S.
1396 709 1514 772 Mariae
1535 710 1571 771 in
1600 709 1773 771 cosmedin

120 810 217 869 tenus
241 806 454 872 observatas,
476 808 567 866 ratas
593 805 771 879 habemus,
800 808 833 867 et
861 822 919 868 eas
974 807 1058 869 diac.
1075 808 1165 869 card.

121 904 289 983 perpetuis
314 903 518 979 temporibus
550 904 697 965 illibatas
724 919 921 981 permanere
1013 908 1082 981 Ego
1096 908 1276 976 Romanus,
1295 908 1327 967 S.
1345 904 1463 981 Angeli
1480 905 1566 967 diac.
1581 905 1674 967 card.

120 1002 301 1071 sancimus,
317 1000 419 1062 salvis
439 1001 570 1063 statutis
586 1001 723 1062 Concilii
741 1001 917 1077 generalis.
1014 1004 1081 1078 Ego
1098 1002 1296 1079 Stephanus,
1312 1005 1345 1063 S.
1362 1003 1511 1065 Adriani.
1529 1003 1617 1064 diac.
1630 1003 1722 1063 card.

120 1098 336 1161 becernimns
348 1116 438 1175 ergo,
454 1100 489 1160 ut
504 1100 732 1160 rrnlliomnino
748 1099 918 1159 hominnm
1016 1102 1084 1176 Ego
1112 1100 1388 1174 ildebrandinus,
1421 1103 1452 1161 S.
1486 1100 1658 1163 Eustachii
1688 1101 1772 1162 diac.

120 1196 402 1274 liceatpraelatum
413 1198 921 1274 monasterinmtemerepertur-
974 1198 1063 1260 card.

119 1292 211 1365 bare,
237 1296 295 1355 aut
327 1297 399 1371 ejtrs
424 1296 651 1371 possessiones
688 1294 841 1362 atrierre,
866 1294 919 1355 vel
1016 1295 1770 1373 EgoAEgidius,SSCosmaeetDamianidiac.

120 1391 249 1453 ablatas
271 1392 426 1463 retinere,
444 1392 605 1463 minuere,
631 1408 690 1452 seu
719 1392 920 1469 qrribuslibet
974 1394 1064 1456 card.

119 1490 353 1551 vexationibus
380 1489 531 1565 fatigare,
565 1491 620 1551 sed
650 1491 761 1551 omnia
790 1491 919 1565 integra
1015 1492 1087 1553 Dat.
1097 1492 1253 1554 Laterani
1265 1508 1325 1568 per
1336 1492 1631 1554 manumltainerii
1642 1494 1676 1552 S.
1690 1494 1728 1554 lt.
1738 1494 1770 1551 li.

119 1591 371 1651 conserventur.
389 1603 514 1658 eorum,
531 1603 590 1663 pro
604 1604 743 1663 quorum
759 1587 921 1663 gnberna-
974 1589 1241 1651 vicecancellarii
1252 1592 1297 1651 lll
1308 1590 1375 1652 hal.
1390 1591 1517 1668 aprilis
1527 1591 1710 1651 indictione
1719 1593 1772 1659 t'l,

119 1685 211 1748 tione
224 1688 257 1746 et
271 1685 511 1746 sustentatione
527 1699 685 1745 concessa
701 1688 787 1755 sunt,
805 1685 920 1746 usibus
974 1689 1218 1751 incarnationis
1226 1690 1406 1750 Dominicae
1415 1706 1468 1750 an.
1479 1690 1683 1751 Mccxvttt.
1698 1706 1772 1764 pon·

121 1781 320 1843 omnimodis
342 1782 525 1859 protutura,
548 1782 639 1842 salva
665 1783 760 1843 Sedis
774 1785 919 1859 aposto·
975 1788 1118 1849 titlcatus
1142 1802 1222 1848 vero
1242 1786 1367 1847 domini
1382 1788 1522 1849 Honoril
1538 1789 1603 1848 PP.
1621 1788 1667 1847 lll
1687 1802 1772 1846 anno

121 1881 197 1941 licae
221 1881 428 1947 auctoritate,
447 1881 480 1940 et
494 1880 673 1941 dioecesani
693 1881 840 1958 episcopi
863 1897 922 1942 ca-
976 1883 1133 1945 secuudo.
1155 1886 1244 1944 Bene
1259 1884 1380 1945 valete.

120 1978 242 2039 nonica
261 1978 405 2053 ,iustitia
438 1978 472 2038 Si
497 1994 561 2053 qua
585 1978 689 2053 igitur
710 1978 745 2038 in
774 1977 919 2040 futurum

121 2075 577 2137 ecclesiasticasaecularisve
594 2091 746 2151 persona,
764 2077 850 2138 lianc
865 2093 924 2139 no-

123 2174 200 2235 strae
222 2173 468 2234 constitutionis
490 2174 645 2249 paginam
669 2174 789 2247 sciens,
805 2177 920 2237 contra

121 2287 195 2333 eam
209 2272 334 2332 temere
355 2271 470 2332 venire
487 2272 675 2342 tentaverit,
693 2273 837 2334 secundo
852 2276 922 2335 ter-

120 2369 428 2440 tiovecommonita‚
444 2369 509 2428 nisi
522 2369 650 2429 reatum
664 2387 761 2431 snum
774 2387 920 2445 congrua

124 2466 351 2529 satisfactione
380 2467 580 2537 correxerit,
611 2468 782 2544 potestatis
810 2468 920 2530 hono-

122 2565 236 2641 risque
264 2564 317 2625 sui
347 2566 460 2626 careat
489 2564 672 2641 dignitate,
703 2582 859 2643 reamque
885 2583 921 2628 se

67 2646 73 2663 '
122 2662 236 2724 divino
245 2662 373 2740 iudicio
387 2663 531 2724 existere
542 2663 582 2723 de
597 2665 784 2740 perpetrata
796 2664 922 2741 iniqui-

121 2762 191 2823 tate
205 2762 393 2834 cognoscat,
421 2764 454 2822 et
476 2777 496 2821 a
516 2762 742 2823 sacratissimo
770 2776 919 2839 corpore,

122 2873 163 2919 ac
189 2860 353 2933 sangnine
381 2858 439 2919 liei
472 2861 505 2920 et
535 2859 665 2919 Domini
692 2859 920 2936 Redemptoris

122 2956 228 3017 nostri
253 2958 333 3018 Jesu
354 2956 476 3017 Christi
494 2956 603 3016 aliena
617 2956 685 3028 liat,
700 2959 797 3033 atque
812 2957 848 3017 in
861 2973 922 3018 ex-

123 3054 397 3115 tremoenamine
418 3054 567 3116 districte
594 3054 765 3131 subjaceat
789 3054 919 3117 ultioni.

123 3151 258 3213 Cunctis
274 3154 382 3213 autem
398 3152 505 3212 eidem
525 3152 598 3213 loco
612 3168 672 3212 sua
683 3155 761 3229 jura
777 3168 917 3215 servan-

1272 2099 1481 2187 CLXXXII

988 2264 1040 2322 Ad
1056 2261 1192 2323 abbam
1212 2261 1325 2323 salicti
1345 2261 1503 2322 Mottbtoe
1527 2263 1758 2331 Trevirorum

1003 2360 1122 2420 Sartcti
1132 2362 1219 2433 Apri
1231 2360 1395 2421 diademis
1409 2359 1496 2419 etde
1514 2361 1663 2432 Vtttorio,
1677 2358 1739 2419 ete.

1250 2506 1286 2565 30
1298 2513 1380 2565 mart.
1399 2506 1478 2565 lilS.

1067 2632 1218 2698 [haudque
1229 2630 1322 2682 tanat.
1335 2630 1522 2688 Cistercienses,
1535 2632 1578 2690 tv,
1588 2646 1616 2695 p.
1628 2630 1682 2695 θλ]

976 2762 1017 2817 lie
1038 2759 1210 2825 visitatione,
1233 2756 1435 2815 reformatione
1458 2765 1487 2813 et
1507 2756 1688 2814 correctione
1711 2771 1770 2814 mo·

1011 2848 1200 2905 austeriorum
1214 2847 1369 2919 provincia
1381 2846 1569 2913 trevirensis,
1581 2860 1647 2917 quse
1657 2846 1685 2901 in
1699 2855 1768 2903 tem·

1011 2936 1156 3009 poralibus
1170 2942 1200 2993 et
1213 2934 1406 3007 spiritualibus
1421 2934 1575 3007 plurimum
1604 2944 1689 2992 erant
1713 2934 1769 2992 cul·

1011 3027 1102 3099 lapsa.

1016 3152 1086 3213 Etsi
1117 3166 1231 3213 curam
1257 3151 1433 3228 pastoralis
1466 3150 1569 3210 oflicii
1598 3151 1772 3212 teneamur

122 3249 222 3321 tibus,
250 3250 294 3310 sit
321 3265 388 3326 pax
407 3250 536 3310 Domini
564 3251 666 3311 nostri
692 3253 771 3313 Jesu
787 3250 919 3322 Christi,
976 3266 1206 3328 gereresuper
1221 3252 1342 3322 omnia,
1360 3250 1438 3327 quia
1461 3250 1574 3310 tamen
1591 3250 1635 3309 ad
1655 3250 1769 3325 explo-

124 3349 287 3425 quatenus
301 3350 335 3408 et
350 3347 404 3407 hio
419 3346 561 3407 fructum
579 3345 675 3408 bonae
688 3348 831 3409 actionis
846 3364 924 3425 per·
977 3348 1081 3409 randa
1094 3364 1312 3427 personarum
1335 3347 1467 3418 delicta,
1491 3350 1525 3409 et
1540 3362 1609 3408 una
1623 3347 1767 3408 omnium

122 3446 259 3523 cipriani,
275 3448 309 3506 et
322 3446 408 3522 apud
429 3444 613 3506 districtum
624 3445 770 3521 judicem
785 3448 922 3529 praemia
977 3446 1190 3522 corrigendos
1206 3462 1374 3515 excessus,
1400 3445 1601 3507 conditionis
1618 3446 1770 3505 humanae

123 3546 256 3605 aeternae
272 3544 364 3620 pacis
377 3544 561 3605 inveniant.
575 3548 690 3604 Amen.
705 3548 821 3605 Amen.
977 3544 1224 3605 corrtradicente
1238 3546 1367 3615 natura,
1383 3546 1532 3604 nostrum
1547 3543 1686 3603 minime
1700 3540 1770 3602 sul-

164 3640 292 3702 Perilce
304 3657 439 3719 gressus
456 3656 546 3701 meos
562 3641 596 3700 in
609 3642 736 3702 semitis
751 3642 829 3703 tuis.

164 3742 232 3815 Ego
256 3739 434 3811 Honorius,
457 3738 636 3800 Catholicae
651 3740 810 3801 Ecclesiae
829 3740 922 3816 epis-

124 3853 237 3915 copus.

164 3938 232 4011 Ego
244 3935 413 4007 Nicotaus,
432 3937 609 3997 Tusculan.
624 3936 811 4012 episcopus.

166 4034 233 4107 ligo
253 4032 371 4102 (tuido,
396 4034 591 4093 Praenestin.
617 4033 802 4108 episcopus.

166 4131 234 4205 Ego
271 4129 475 4205 Hugolinus,
508 4130 633 4190 ostien.
665 4130 698 4191 et
728 4130 922 4191 Welletren.

125 4226 312 4303 episcopus.

167 4328 234 4401 Ego
248 4325 415 4399 Pelagine,
432 4325 548 4386 Alban.
566 4326 752 4403 episcopus.

166 4426 232 4499 Ego
248 4425 376 4494 Petrus,
400 4423 555 4484 Sabinen.
573 4424 759 4499 episcopus.

164 4523 232 4597 Ego
257 4522 333 4591 Leo,
359 4520 408 4583 tit.
440 4523 472 4581 S.
499 4521 614 4581 Crucis
643 4521 678 4581 in
716 4518 925 4580 Hierusalem

125 4619 297 4697 presbyter
317 4619 407 4680 card.

166 4720 234 4793 Ego
260 4719 390 4788 Petrus
417 4718 450 4778 S.
468 4716 685 4777 Pudenttanae
701 4714 752 4777 tit.
778 4713 926 4774 Pastoris

127 4814 298 4893 presbyter
312 4816 402 4875 card.

170 4916 236 4989 Ego
251 4912 426 4983 Robertus,
448 4912 498 4975 tit.
528 4914 561 4973 S.
585 4910 743 4988 Stephani
773 4909 805 4969 in
825 4908 927 4970 Coelio

126 5015 238 5071 rnortte
250 5010 420 5087 presbyter
430 5010 520 5070 card.

169 5110 237 5183 Ego
253 5108 451 5185 Stephanus,
466 5106 614 5168 basilicae
634 5103 807 5171 duodecim
822 5108 929 5182 Apos-

128 5206 271 5267 tolorum
287 5205 458 5282 presbyter
477 5204 567 5266 card.

170 5306 238 5379 Ego
262 5304 456 5378 Gregorius,
484 5304 517 5364 S.
547 5302 733 5364 anastasiae
758 5298 930 5378 presbyter

129 5401 220 5465 card.

173 5502 239 5576 Ege
269 5499 433 5568 Thomas,
461 5500 511 5560 tit.
541 5502 575 5559 S.
603 5498 735 5561 Sabinae
759 5496 931 5577 presbyter

131 5598 221 5659 ttatrtl.

978 3641 1047 3701 licit
1061 3640 1306 3718 imperfectum
1322 3656 1427 3716 nuper
1437 3640 1499 3701 luit
1512 3640 1546 3700 in
1561 3640 1712 3701 Concilio
1722 3654 1772 3715 ge·

979 3739 1085 3800 nerali
1098 3738 1230 3815 provisa
1246 3738 1485 3799 deliberatione
1502 3740 1674 3809 statutum,
1692 3742 1728 3799 ut
1739 3738 1769 3797 in

978 3837 1119 3909 singulis
1151 3837 1275 3912 regnis,
1303 3836 1356 3897 vel
1380 3836 1578 3913 provinciis,
1605 3835 1770 3898 celebrato

978 3934 1123 4010 capitulo
1142 3931 1309 4004 abbatum,
1334 3936 1433 4010 atque
1453 3934 1613 4010 priorum,
1637 3934 1695 4012 qni
1708 3948 1768 3994 non

979 4034 1223 4093 consueverunt
1237 4031 1304 4093 tale
1319 4031 1500 4107 capitulum
1515 4030 1699 4101 celebrare,
1717 4046 1769 4107 per

979 4132 1121 4207 quletuor
1148 4128 1294 4197 abbates,
1317 4128 1373 4205 quui
1397 4127 1516 4189 debent
1537 4128 1686 4204 capitulo
1709 4126 1768 4205 ipsi

981 4242 1123 4304 praeesse
1139 4248 1147 4286 ε
1163 4227 1340 4303 religiosae,
1355 4228 1388 4287 et
1404 4226 1655 4302 circumspectae
1670 4227 1704 4287 in
1717 4240 1770 4286 eo-

980 4325 1053 4384 dem
1070 4323 1214 4401 capitulo
1230 4324 1425 4385 ordinentur
1437 4339 1601 4400 personae,
1626 4340 1701 4401 quae
1719 4338 1773 4401 per

981 4422 1130 4497 singulas
1144 4422 1295 4484 abbatias
1319 4422 1466 4498 ejusdem
1488 4421 1596 4497 regni,
1620 4437 1683 4482 seu
1698 4436 1771 4498 pro-

981 4519 1099 4580 vinciae
1111 4520 1178 4581 tam
1194 4518 1442 4589 monachorum,
1460 4534 1559 4595 quam
1569 4519 1770 4585 monialium,

981 4617 1054 4677 vice
1064 4619 1185 4678 nostrae
1195 4616 1340 4678 osticium
1353 4616 1554 4677 visitationis
1571 4616 1771 4694 impendant.

981 4716 1061 4775 Cum
1072 4714 1399 4791 igitursicutnostris
1410 4714 1547 4775 auribus
1557 4715 1610 4775 est
1619 4714 1771 4781 delatum,

982 4828 1040 4872 vos
1055 4812 1112 4888 qui
1127 4812 1207 4873 estis
1223 4812 1258 4872 in
1273 4810 1443 4888 provincia
1467 4812 1675 4880 Trevirensi,
1697 4814 1731 4871 ut
1741 4810 1771 4869 in

981 4910 1172 4989 hujusmodi
1186 4909 1331 4987 capitulo
1348 4908 1584 4987 praesideretis,
1609 4910 1707 4972 electi
1723 4924 1774 4968 su-

982 5023 1042 5083 per
1056 5007 1130 5079 hoc,
1147 5008 1295 5085 ejusdem
1321 5008 1442 5067 statuta
1469 5007 1611 5067 Concilii
1636 5007 1773 5069 transire

983 5105 1163 5166 videamini
1180 5106 1396 5181 negligenter,
1412 5121 1486 5165 cum
1501 5104 1542 5166 ad
1567 5105 1774 5167 reformatio-

984 5219 1060 5263 nern
1086 5204 1363 5265 monasteriorum
1394 5203 1544 5279 eiusdem
1577 5204 1772 5279 provincia.

984 5317 1057 5377 qnae
1073 5301 1107 5361 in
1117 5300 1366 5378 temporalibus,
1381 5301 1414 5361 et
1428 5299 1665 5376 spiritualibus
1678 5299 1775 5378 pluri·

985 5414 1073 5458 mum
1106 5402 1184 5459 sunt
1205 5399 1363 5475 collapsa,
1399 5397 1524 5458 nullam
1559 5397 1776 5459 adhibueritis

984 5496 1092 5556 adbuc
1116 5512 1242 5566 curam,
1269 5497 1304 5557 ut
1329 5495 1503 5570 religionis
1530 5495 1682 5567 lucerna,
1710 5507 1775 5571 qvia

985 5594 1075 5655 velut
1094 5595 1239 5656 extincta
1258 5596 1328 5669 jam
1356 5592 1494 5668 fumigat
1515 5594 1549 5653 in
1566 5594 1693 5655 eisdem
1709 5608 1776 5653 rno-
