3802 6166
201 162 261 274 ree
818 204 992 264 lloxoltli
1017 204 1060 263 ΙΙΙ
1083 205 1230 264 orum.
1797 211 1845 268 itti

200 373 363 435 ricensem
388 367 690 446 archiepiscopum,
716 380 813 441 quem
839 364 999 425 Dominus
1053 363 1188 439 guinem
1212 363 1335 425 Christi
1359 379 1507 437 sumens,
1528 364 1567 426 in
1586 365 1848 445 scandalumpe-

201 472 313 541 claris,
330 468 521 545 sioutplene
535 464 694 535 constitit,
706 462 878 524 miraculis
898 462 999 523 illus·
1054 462 1208 538 pulorum
1222 460 1321 539 pedes
1343 462 1403 523 tibi
1422 461 1554 525 iaciens
1578 464 1743 525 osculari
1759 468 1850 537 Quas

201 570 304 632 travit
322 567 511 628 sanctorum
536 562 688 637 catalogo
711 560 998 639 adscripserimus,
1055 558 1130 619 dam
1144 575 1275 636 quoque
1289 560 1473 622 sententias
1485 576 1548 638 pro
1563 561 1712 638 praeiato
1723 565 1774 632 8.,
1784 579 1850 623 auc-

203 681 376 728 monemue
389 660 795 723 universitatemvestram
810 658 845 720 iu
860 660 1000 720 Domino
1054 657 1188 718 toritate
1207 657 1516 745 sedisapostolicae
1530 660 1781 738 promulgatas.
1803 679 1848 737 pro

201 765 426 831 ethortamur,
442 761 605 836 quatenus
621 760 694 835 ejus
715 756 803 834 apud
818 759 919 819 Deum
936 772 1000 833 pa·
1055 755 1121 815 tuae
1141 754 1323 817 voluntatis
1345 756 1486 820 arbitrio
1508 759 1693 830 nuntiasti,
1714 759 1849 820 eumden

201 860 343 924 trocinia
357 858 485 920 devotis
505 855 669 918 mentibus
682 855 878 932 imploretis.
894 856 1000 927 Quum
1055 856 1092 915 Β.
1105 853 1178 914 sine
1188 869 1292 915 causa
1303 854 1495 917 rationabili
1506 857 1850 929 excommunicasset

202 961 313 1021 autem
328 960 401 1035 ejus
416 953 606 1017 venerabile
622 969 743 1031 corpus
754 953 799 1017 sit
811 953 852 1015 de
864 953 950 1021 loco,
966 953 1000 1013 iu
1056 951 1127 1012 suis
1155 951 1303 1027 spolians
1328 952 1520 1025 beneflciis,
1554 970 1597 1016 ac
1623 954 1747 1017 eadem
1770 954 1851 1016 alteri

202 1072 267 1135 quo
292 1055 355 1128 est,
382 1054 424 1114 ad
450 1053 553 1114 alium
575 1050 859 1122 transferendum,
880 1066 941 1112 nos
960 1050 1001 1111 de
1056 1049 1230 1112 conserens
1246 1051 1283 1111 in
1297 1050 1403 1128 ipsius
1417 1054 1450 1113 et
1462 1053 1595 1129 praelati
1612 1053 1769 1131 episcopi
1782 1070 1851 1130 pre-

200 1153 374 1216 beatorum
397 1151 487 1213 Petri
502 1150 535 1212 et
559 1149 667 1221 Pauli,
689 1151 723 1210 et
736 1149 843 1226 ipsius
862 1147 1001 1225 gloriosi
1052 1147 1217 1225 iudicium
1242 1150 1276 1212 et
1297 1164 1490 1226 gravamen,
1513 1150 1723 1228 exponendo
1745 1151 1851 1211 nihilo

201 1249 402 1314 contessoris
431 1247 558 1309 meritis
591 1246 805 1319 confidentes,
835 1245 1001 1308 universis
1056 1245 1166 1307 miuus
1187 1245 1275 1308 bona
1298 1246 1445 1324 ejusdem
1467 1251 1504 1309 B.
1520 1249 1558 1309 iu
1581 1248 1852 1327 direptionemet

201 1348 259 1426 qui
274 1347 315 1409 ad
328 1344 570 1409 solemnitatem
582 1346 654 1422 ejus
664 1343 737 1421 ipso
750 1343 804 1404 die
814 1359 879 1420 quo
890 1343 1003 1405 trans-
1056 1345 1201 1421 predam
1211 1344 1355 1422 principi
1364 1345 1531 1408 saeculari.
1544 1349 1657 1408 Porro
1671 1346 1851 1408 iamiliatua

200 1444 337 1512 seretur,
354 1443 406 1505 vel
421 1443 521 1505 etiam
541 1440 630 1503 inira
644 1443 778 1502 octavas
802 1456 877 1502 cum
899 1440 1003 1501 devo-
1055 1441 1223 1503 transiens
1235 1458 1294 1520 per
1304 1442 1530 1520 episcopatum
1543 1445 1753 1506 Plocensem
1764 1444 1852 1522 ipsius

201 1543 292 1604 tione
320 1540 548 1612 convenerint,
573 1541 613 1601 40
632 1538 703 1600 dies
721 1537 923 1616 poenitenliae
943 1538 1000 1598 in·
1056 1537 1197 1600 clericos
1209 1555 1353 1615 gravare
1363 1541 1618 1618 praesumpserit
1632 1540 1852 1618 multipliciter

197 1639 324 1717 iunctae
338 1638 540 1700 relaxamus.
555 1635 715 1698 Omnibus
730 1635 786 1714 qui
800 1635 843 1697 ad
853 1635 1001 1712 ejusdem
1057 1636 1090 1696 in
1110 1637 1281 1714 expensis,
1298 1653 1341 1699 ne
1361 1637 1422 1700 tihi
1440 1639 1531 1701 esset
1551 1638 1750 1711 dissimilis,
1771 1638 1852 1716 quia

201 1735 431 1797 translationis
466 1734 520 1796 die
553 1736 747 1795 reverenter
781 1733 999 1806 accesserint,
1057 1735 1198 1812 quodam
1212 1734 1425 1811 suffraganeo
1446 1739 1515 1809 tuo,
1531 1753 1634 1815 quem
1658 1737 1805 1799 veniens
1824 1737 1854 1798 ad

202 1834 351 1895 eamdem
367 1831 606 1908 indulgentiam
628 1830 861 1893 concedentes.
1057 1833 1247 1904 concilium,
1271 1833 1306 1894 iu
1331 1833 1504 1911 provincia
1526 1836 1585 1896 tua
1605 1834 1793 1895 dimiseras
1808 1850 1854 1911 pre

243 1932 361 1991 Datum
383 1931 495 1990 Romae
517 1929 603 2005 apud
627 1931 660 1988 S.
680 1929 814 1990 Petrum
833 1930 908 1990 XVI
932 1927 1000 1990 kal.
1057 1929 1254 1993 exhibendis
1276 1931 1515 1993 ecclesiasticis
1530 1933 1774 2004 sacramentis,
1790 1948 1855 1993 ceu·

200 2027 288 2106 julii,
303 2026 515 2104 pontificatus
530 2026 640 2088 nostri
653 2041 743 2087 anuo
756 2027 913 2088 secundo.
1057 2031 1127 2089 tum
1141 2044 1282 2101 marcas,
1301 2028 1388 2091 sicut
1399 2029 1501 2091 iidem
1515 2032 1763 2105 procuratores
1776 2045 1856 2091 asse-

1057 2128 1146 2198 runt,
1171 2126 1353 2189 extorsisti.
1370 2126 1584 2188 Postmodum
1601 2129 1736 2199 autem,
1759 2127 1855 2188 officio

512 2211 696 2299 CCXCVI
1058 2223 1234 2300 legationis
1262 2226 1445 2301 assumpto,
1477 2239 1700 2302 percussores
1727 2225 1855 2286 clerico-

216 2356 269 2416 Ad
279 2356 474 2415 dietericum
485 2357 731 2429 areliteplscop.
746 2358 990 2416 Griesnciascm.
1058 2338 1143 2392 ‘⁰¹¹¹’
1155 2321 1248 2383 ”⁰¹¹³
1260 2322 1369 2433 wis
1382 2322 1542 2431 {muriam
1555 2320 1794 2384 fflfi⁸s³⁰fi⁰¹¹⁰
1805 2322 1855 2383 ¹¹¹¹·

488 2476 521 2533 ¹⁶
539 2474 611 2548 ru
637 2476 717 2535 ¹²¹⁸·
1057 2418 1853 2596 illdlilillllhtltstldti

280 2589 406 2653 mm*
422 2590 534 2641 honum.
550 2590 673 2647 ΝΜ·
687 2596 707 2640 ‘·
719 2591 738 2648 ¹·
752 2607 778 2656 Ρ·
790 2591 815 2645 ⁸·
828 2607 853 2641 ¹¹¹
867 2591 917 2657 η]
1058 2615 1228 2677 dioecesim
1251 2631 1326 2677 cum
1349 2615 1521 2679 eliraeuato
1557 2563 1777 2677 evectionum
1802 2631 1853 2675 nu·

202 2696 239 2756 Ut
253 2695 289 2753 dd
301 2698 507 2754 correctionem
527 2696 661 2755 dioecediss
679 2698 826 2756 Plofflllslss
845 2699 1003 2758 Secundum
1059 2729 1161 2785 mero,
1176 2713 1308 2775 (gentum
1326 2730 1366 2775 ac
1383 2696 1496 2775 decom
1515 2729 1682 2791 equorum
1696 2712 1852 2782 videlicet,

364 2786 519 2843 ⁰⁸¹¹⁰¹¹¹⁰⁸⁸
532 2792 696 2843 ⁸³⁰⁰l⁰⁰⁶⁸
709 2786 853 2859 ⁹¹⁰⁰&st
1058 2813 1092 2875 et
1106 2810 1357 2890 obsequentium
1382 2810 1597 2873 muistuuns
1617 2811 1785 2883 introisti,
1803 2809 1854 2871 ne

243 2911 410 2972 Honorius
430 2912 618 2989 episcopus,
634 2912 709 2981 etc,
733 2911 918 2975 venerabili
937 2914 1005 2975 ira·
1059 2926 1122 2987 que
1135 2925 1261 2971 moram
1276 2909 1403 2971 faciens
1418 2908 1616 2985 longiorem,
1632 2925 1698 2971 nec
1711 2924 1855 2970 necessa·

202 3007 283 3068 tri...
309 3007 559 3086 archiepiscopo
583 3009 780 3083 Gnesneusi,
804 3012 1004 3089 apostolicas
1059 3008 1155 3081 riam,
1176 3007 1235 3070 sed
1258 3007 1465 3078 damnosam,
1479 3006 1629 3084 ejusdem
1645 3006 1793 3070 clericos
1809 3022 1855 3068 θὶ-

204 3105 300 3166 Sedis
316 3104 436 3182 legato,
453 3105 606 3179 salutem,
621 3109 683 3169 etc.
1060 3104 1174 3183 pensis
1199 3105 1351 3182 gravasti
1382 3104 1563 3181 superfluis
1598 3104 1691 3167 ultra
1721 3104 1854 3167 modum

241 3203 444 3265 accedentes
458 3204 499 3265 ad
514 3205 739 3281 apostolicam
758 3206 875 3268 sedem
891 3207 1003 3270 dilecti
1060 3204 1208 3280 ejusdem
1229 3202 1382 3265 dioecesis
1395 3202 1535 3264 clericos
1550 3218 1654 3282 super
1674 3203 1856 3281 pluralitate

203 3301 263 3362 dlii
277 3304 313 3362 B.
330 3305 364 3363 et
378 3304 415 3364 R.
431 3304 664 3379 procuratores
675 3305 876 3367 venerabilis
892 3304 1004 3368 fratris
1059 3302 1307 3372 beneficiorum,
1330 3317 1404 3379 quae
1423 3301 1643 3364 obtinuerunt
1661 3304 1744 3364 ante
1768 3316 1857 3378 gene·

203 3400 347 3461 nostri...
363 3400 523 3477 episcopi.
546 3400 580 3462 et
593 3401 789 3463 dilectorum
805 3403 1001 3465 illiorum...
1059 3402 1130 3462 rale
1141 3400 1336 3471 Concilium,
1348 3400 1567 3462 molestando.
1583 3401 1736 3478 Cumque
1750 3401 1785 3463 iu
1799 3400 1858 3461 Plo

201 3498 319 3559 decani
346 3499 378 3559 et
399 3497 537 3574 capituli
557 3499 727 3560 Plocensis
747 3516 860 3562 coram
883 3501 1004 3564 dilecto
1059 3499 1151 3562 censi
1166 3498 1309 3561 ecclesia
1332 3498 1496 3575 synodum
1508 3497 1688 3559 celebrans
1707 3499 1758 3559 nil
1774 3498 1859 3559 inve·

202 3595 272 3656 tllio
310 3598 422 3657 nostro
452 3598 582 3658 Sanctae
613 3598 729 3659 Marias
761 3597 797 3659 in
827 3600 1003 3661 cosmedin
1059 3598 1168 3659 ivisses
1189 3597 1224 3657 in
1248 3595 1350 3666 clero,
1373 3596 1426 3657 vel
1443 3595 1599 3672 episcopo
1614 3595 1857 3672 corrigendiuu,

202 3693 342 3754 diacono
368 3693 541 3765 cardinali,
566 3693 627 3756 tibi
651 3698 685 3757 et
709 3696 840 3758 dilectis
858 3697 937 3761 tiliis
940 3742 1002 3759 .....
1059 3696 1153 3768 duos,
1178 3694 1440 3756 enitesceret
1463 3695 1530 3764 W„
1553 3692 1698 3754 clericos
1722 3692 1856 3770 elegisti.

202 3791 328 3852 decano
353 3793 423 3853 et...
439 3791 676 3855 archidiacono
690 3794 909 3867 hanoiciensi,
927 3811 1005 3872 pro-
1058 3794 1115 3872 qui
1129 3794 1287 3869 tanquam
1311 3791 1473 3869 speciales
1496 3791 1678 3852 criminum
1701 3791 1859 3853 delatores

203 3888 411 3950 curatoribus
429 3890 496 3950 tuis
510 3905 529 3950 a
545 3889 640 3951 nobis
659 3891 811 3954 auditore
831 3909 1001 3966 concesso,
1059 3907 1216 3952 excessus
1229 3889 1399 3951 deterrent
1409 3889 1557 3966 episcopi
1571 3891 1674 3967 atque
1685 3890 1783 3961 cleri,
1799 3888 1859 3966 qui·

203 3988 350 4061 graviter
373 3989 450 4048 sunt
477 3989 649 4064 conquesti
672 3989 784 4067 :quod
801 3992 837 4051 tu
861 3990 902 4052 ab
924 3992 1003 4053 olim
1057 3990 1121 4051 hus
1158 3988 1278 4050 frivola
1309 3986 1581 4066 proponentibus,
1614 3987 1704 4064 quod
1737 4004 1801 4065 per
1826 4002 1859 4048 ea

203 4085 397 4145 Plocensem
420 4085 596 4146 ecclesiam
621 4086 786 4164 incoepisti
806 4090 1003 4167 multiplici·
1058 4089 1174 4149 contra
1196 4084 1388 4161 episcopum
1415 4082 1594 4162 procedere
1619 4100 1688 4145 non
1716 4084 1858 4154 valebas,

201 4182 254 4241 ter
262 4180 450 4253 molestare,
462 4181 567 4259 ipsius
578 4184 726 4261 episcopi
735 4185 876 4247 clericos
890 4203 1003 4249 coram
1059 4183 1238 4246 secundum
1254 4181 1358 4243 animi
1370 4183 1418 4243 tui
1430 4184 1554 4244 motum
1564 4181 1653 4242 viam
1667 4181 1858 4260 excogitasti

202 4279 236 4340 te
249 4279 380 4353 litigare
402 4280 617 4357 compellens,
632 4284 865 4360 propterquod
880 4285 1004 4346 dudum
1058 4284 1176 4356 aliam;
1192 4279 1300 4343 subito
1317 4281 1419 4342 testes
1434 4280 1559 4358 septem
1575 4278 1708 4355 eligens
1720 4280 1858 4359 synoda·

201 4377 266 4438 luit
279 4377 320 4438 ad
338 4378 454 4438 Sedem
469 4379 693 4456 Apostolicam
708 4383 921 4458 appellatum,
939 4384 1003 4460 ipsi
1058 4382 1118 4454 les,
1145 4378 1413 4442 connumerando
1433 4379 1522 4440 inter
1544 4377 1636 4454 ipsos
1656 4378 1744 4439 duos
1767 4378 1858 4441 cleri·

203 4475 358 4551 episcopo
380 4475 599 4548 interdicens,
617 4493 659 4538 ue
677 4479 711 4538 in
737 4481 861 4556 nuptiis
883 4481 1003 4542 nobilis
1059 4496 1115 4542 cos
1136 4477 1356 4555 supradictos,
1377 4475 1410 4537 et
1436 4474 1540 4536 alium
1559 4475 1740 4552 quemdam
1757 4479 1795 4538 P.
1810 4492 1858 4536 no

202 4573 267 4632 viri
282 4572 424 4633 conradi
440 4573 534 4635 ducis
559 4576 718 4637 Mazoviae
740 4577 936 4652 parochiani
951 4579 1003 4639 sui
1059 4580 1159 4648 mine,
1183 4576 1240 4654 qui
1264 4573 1484 4650 abepiscopo
1513 4573 1546 4633 et
1575 4573 1727 4650 capitulo
1757 4573 1857 4635 tuerat

202 4670 339 4729 missam
362 4670 596 4746 sponsaliciam
625 4673 827 4744 celebraret,
849 4691 889 4736 ac
913 4680 1005 4737 sata·
1059 4675 1309 4744 condemnatus,
1322 4687 1361 4732 eo
1377 4670 1463 4748 quod
1476 4669 1652 4747 quemdam
1669 4687 1770 4733 suum
1786 4688 1856 4733 con-

202 4783 283 4839 gens
296 4768 471 4843 quamdam
483 4768 627 4830 insulam
640 4771 681 4831 ad
696 4772 889 4833 Plocensem
900 4775 1005 4835 eccle·
1058 4773 1256 4834 canonicum
1278 4770 1429 4832 traxerat
1447 4767 1489 4829 ad
1504 4767 1672 4844 judicium
1689 4769 1853 4837 saeculare,

203 4864 286 4924 siam
298 4865 743 4943 pertinentem...praeposito
757 4870 1003 4933 monialiumde
1059 4887 1118 4948 per
1143 4885 1225 4947 quos
1246 4866 1404 4930 credebas
1421 4866 1514 4928 tuum
1532 4865 1739 4928 desiderium
1764 4867 1855 4928 adin·

203 4961 301 5022 Plocc
332 4961 499 5032 conterre,
530 4965 709 5026 Plocenses
735 4968 914 5029 canonicos
944 4986 1004 5048 pro
1058 4969 1160 5046 plere,
1189 4967 1303 5043 sicque
1332 4965 1368 5025 in
1400 4964 1490 5025 nullo
1522 4965 1658 5024 servata
1697 4964 1854 5042 generalis

203 5073 253 5128 ec,
271 5060 356 5134 quod
381 5059 441 5122 tihi
463 5060 620 5123 nolebant
645 5065 858 5141 acquiescere
879 5067 915 5127 in
941 5067 1003 5128 hac
1059 5066 1199 5128 concilii
1220 5064 1325 5125 torma
1346 5062 1435 5123 edita
1457 5076 1559 5138 super
1580 5063 1792 5139 corrigendis
1809 5079 1854 5123 ei·

202 5157 307 5230 parte,
322 5157 480 5231 gravibus
495 5159 630 5237 injuriis
644 5162 838 5225 fatiscendo.
852 5164 900 5224 ad
918 5165 1001 5236 haec,
1058 5163 1205 5226 cassibus
1222 5161 1438 5231 subditorum,
1455 5176 1556 5236 quum
1571 5174 1634 5221 nec
1649 5164 1853 5223 accusatores

203 5268 302 5328 quum
315 5254 419 5328 ipsam
435 5258 566 5318 accedis
578 5259 766 5331 ecclesiam,
776 5261 932 5323 thronum
944 5264 1003 5325 tibi
1057 5261 1290 5332 inscriberent,
1316 5274 1378 5319 uec
1401 5258 1668 5330 denuntiatores,
1690 5260 1852 5337 praemissa

200 5350 285 5410 sacis
303 5351 387 5425 erigi
412 5354 565 5414 altiorem
585 5371 660 5417 curu
676 5358 872 5420 clericorum
894 5361 1002 5437 ipsius
1058 5360 1232 5422 caritativa
1247 5357 1439 5428 monitione,
1452 5355 1557 5435 aliqui
1571 5359 1786 5435 apparerent,
1802 5370 1852 5416 nec

201 5447 351 5510 ecclesiae
364 5449 522 5522 gravibus
538 5452 708 5515 laboribus
723 5458 756 5517 et
773 5459 940 5534 expensis,
966 5460 1002 5520 in
1057 5460 1184 5521 clamor
1205 5455 1375 5519 credibilis
1395 5455 1613 5527 ascendisset,
1638 5472 1744 5534 quare
1759 5454 1799 5517 ad
1813 5455 1852 5515 in

202 5561 266 5622 qua
280 5543 398 5607 sedens
412 5545 597 5612 oblationes
609 5551 785 5628 recipis,et
799 5555 899 5616 etiam
922 5572 1003 5618 san·
1057 5557 1272 5633 quis-itionem
1299 5552 1476 5614 criminum
1491 5554 1523 5614 te
1548 5552 1755 5616 descendere
1767 5567 1851 5629 oper·
