3802 6166
132 285 191 347 293
575 282 691 344 XXVI.
705 312 746 328 -
760 283 804 344 IN
827 280 956 345 FESTO
980 283 1129 347 SANcrl
1150 284 1330 348 NIGOLAI.
1716 291 1775 353 294

131 441 313 505 hominum.
331 440 427 514 Quia,
439 439 524 503 sicut
536 440 618 502 odor
629 440 769 503 haustus
784 456 843 519 per
853 457 929 505 cor-
1019 443 1093 505 Jam
1121 443 1224 520 igitur
1247 443 1390 506 vestitur
1419 442 1536 517 altare,
1561 447 1694 524 qrrando
1716 462 1774 511 cor

130 556 192 618 pus
204 538 351 601 animam
361 536 465 601 allicit
476 554 542 600 non
557 553 688 616 corpus,
702 540 749 602 ita
762 540 928 604 amoriste
981 541 1139 602 mundum
1153 541 1249 602 bonis
1265 542 1420 619 operibus
1432 544 1624 607 adornatur.
1640 547 1685 606 De
1700 545 1777 622 qui·
1890 600 1893 609 .

130 636 295 715 exipsius
319 637 448 698 naturae
474 636 703 711 similitudine,
725 638 849 716 absque
870 655 927 716 spe
981 637 1041 699 bus
1057 640 1212 700 Salomon
1225 639 1777 716 ait10mnttemporevestianento

129 733 448 811 recompensationis
460 735 658 797 naturaliter
674 751 804 798 omnem
819 736 929 798 homi·
981 736 1041 798 tua
1054 737 1125 797 slat
1145 739 1290 798 candido
1314 735 1429 816 (llccli.
1447 754 1494 810 rx,
1515 737 1561 818 8),
1575 739 1662 802 idest
1673 755 1775 816 opera

131 847 207 894 nem
232 832 354 908 diligit.
378 831 440 905 Qui
454 846 497 893 ex
516 833 655 894 occultis
675 835 804 897 naturae
816 850 929 897 reces-
980 832 1037 894 tua
1064 833 1133 895 sint
1155 834 1290 895 munda.
1321 837 1434 913 ltaque
1453 851 1554 913 super
1581 834 1645 898 hoc
1669 837 1775 899 altare

131 930 221 991 sibus
244 930 385 992 veniens
408 929 441 991 et
459 930 580 993 animae
604 947 640 993 se
659 931 826 1007 ingerens,
842 932 927 992 nihil
981 928 1067 1006 quod
1095 929 1158 992 hoc
1182 929 1298 992 ordine
1324 935 1548 1003 consecratur,
1573 931 1774 995 sacrificium

131 1028 312 1088 humanum
348 1025 390 1088 ab
426 1042 466 1088 ea
501 1029 626 1105 patitur
661 1045 734 1091 esse
768 1029 925 1091 alienum.
981 1026 1120 1089 otientur
1135 1028 1316 1102 Altissimo,
1341 1029 1424 1091 illud
1447 1030 1613 1103 videlicet,
1642 1031 1682 1092 de
1711 1047 1775 1107 quo

129 1124 264 1187 Auditui
278 1126 491 1202 comparatur
506 1141 601 1188 amor
616 1127 799 1203 spiritualis
814 1127 928 1188 inimi·
981 1125 1148 1215 Propheta
1176 1125 1223 1187 ait
1244 1125 1279 1187 in
1304 1127 1432 1202 psalmo
1449 1143 1457 1188 :
1472 1129 1690 1200 Sacrificium
1704 1132 1776 1191 Deo

132 1239 254 1285 corum.
282 1223 345 1284 Sed
368 1223 456 1301 quia,
482 1223 568 1286 sicut
588 1225 719 1286 auditus
741 1225 825 1286 nihil
839 1225 928 1287 inte-
980 1223 1775 1304 spirituscoutrtbulatms(Ps.50,19).Etmallo:

132 1320 212 1388 rius,
227 1319 323 1388 idest,
334 1319 424 1383 intra
432 1336 552 1398 corpus
560 1324 727 1398 operatur,
739 1322 768 1383 si
778 1323 927 1385 exterius
981 1323 1127 1383 Immotc
1153 1325 1222 1383 Deo
1240 1323 1453 1395 sacrifictum
1466 1326 1614 1385 laudis„
1632 1320 1702 1401 (Ps.
1720 1324 1774 1396 le,

133 1417 273 1495 quodam
297 1417 394 1479 modo
418 1434 517 1480 aures
541 1419 679 1496 pulsans
694 1419 838 1482 animam
860 1437 926 1483 non
982 1415 1046 1497 14).
1076 1417 1236 1482 Exhibete
1262 1434 1341 1495 ergo
1368 1434 1508 1497 corpora
1542 1420 1655 1483 vestra
1678 1420 1777 1499 juxta

133 1516 248 1577 evocat
271 1516 308 1577 ut
322 1516 419 1579 exeat
433 1516 466 1578 et
480 1517 648 1590 exaudiat,
666 1517 714 1579 sio
728 1519 762 1580 et
780 1533 926 1580 amorem
981 1514 1173 1590 Apostolum
1186 1515 1329 1577 hostiam
1343 1516 1520 1589 viventem,
1531 1518 1692 1586 sanctam,
1707 1519 1775 1579 Deo

130 1615 255 1690 justum
284 1612 319 1674 in
341 1613 440 1676 corde
459 1614 551 1676 nulla
572 1615 623 1677 vis
645 1618 774 1679 naturae
801 1616 926 1679 nullius
980 1612 1176 1688 placentem,
1204 1615 1241 1676 ut
1273 1614 1317 1676 sit
1351 1614 1550 1676 rationabile
1581 1614 1777 1692 obsequium
1887 1648 1892 1667 ·

133 1710 274 1788 alicujus
287 1711 542 1773 necessitudinis
553 1713 851 1787 suscitataffectus,
868 1715 926 1776 sed
980 1711 1143 1783 restrum,
1173 1711 1410 1774 mortificantes
1449 1712 1485 1773 in
1522 1711 1629 1773 altare
1667 1711 1777 1774 cordis

133 1808 203 1869 sola
227 1807 415 1871 obedientia
438 1825 511 1887 quae
539 1826 600 1888 per
619 1810 769 1873 auditum
798 1811 928 1888 signill-
980 1806 1127 1869 membra
1141 1808 1263 1881 nmina,
1277 1824 1350 1887 <1¹1ae
1366 1810 1444 1873 nuni
1456 1824 1557 1886 super
1567 1809 1703 1881 iniiam,
1724 1809 1779 1871 Vi·

133 1906 237 1968 catur.
253 1906 349 1968 Visui
366 1907 577 1984 comparatur
591 1923 686 1970 amor
705 1909 849 1983 divinus,
866 1911 927 1973 Dei
980 1904 1108 1978 delicet,
1127 1905 1381 1980 immunditiam,
1395 1905 1579 1980 libidinem,
1595 1906 1775 1984 mmmmm·

132 2002 268 2076 scilicet,
285 2004 363 2081 quia
376 2003 462 2067 sicut
471 2004 563 2067 visus
574 2006 769 2085 principalis
784 2008 837 2069 est
850 2023 927 2070 sen·
980 2001 1123 2064 centiam
1157 2003 1281 2065 malam
1327 2004 1361 2067 et
1400 2004 1577 2067 avaritiam
1613 2006 1776 2082 quatenns

132 2117 198 2173 sus,
210 2100 259 2162 sic
272 2100 485 2164 interamnae
497 2102 690 2166 affectiones
704 2105 926 2183 principatum
980 2099 1101 2161 mundo
1126 2100 1224 2162 corde
1247 2102 1280 2165 et
1303 2102 1394 2165 casto
1409 2117 1557 2180 corpore
1579 2101 1776 2165 sacrificetis
1841 2166 1844 2171 .

131 2197 255 2261 obtinet
269 2214 364 2260 amor
377 2199 520 2261 divinus.
541 2201 581 2262 m
595 2202 682 2264 sicut
695 2217 716 2263 a
729 2202 805 2266 risu
824 2203 928 2266 coelo-
979 2197 1118 2261 Dnmino
1132 2199 1363 2279 vosmetipsos·

130 2311 203 2356 rum
224 2295 338 2358 caeteri
360 2311 478 2358 sensus
497 2313 612 2360 omnes
628 2299 742 2362 videre
757 2299 922 2373 dicuntur,

130 2392 272 2454 dicimus
286 2393 374 2454 enim
394 2393 496 2470 tange
506 2396 540 2457 et
559 2395 645 2468 vide,
658 2397 736 2460 audi
748 2397 878 2471 atride,
893 2400 926 2461 at
1308 2419 1437 2507 XXVI

130 2490 177 2550 sic
186 2489 228 2551 de
238 2490 379 2563 caeteris,
389 2490 438 2553 sic
447 2491 489 2552 ab
501 2508 614 2554 amore
624 2492 737 2555 divino
747 2494 868 2557 caetera
878 2494 926 2556 di·

129 2587 249 2650 cuntur
258 2588 376 2661 amari,
386 2605 459 2665 quae
469 2588 554 2652 bene
566 2590 732 2664 amantur,
745 2607 820 2654 cum
831 2607 926 2654 cons·
1100 2604 1146 2666 m
1167 2606 1296 2667 ppspo
1319 2607 1469 2669 sppc‘fl
1489 2607 1669 2669 Nmom,

130 2685 176 2747 tet
195 2684 281 2746 nihil
300 2685 420 2749 debere
439 2685 546 2748 amari
570 2687 636 2748 nisi
657 2690 793 2765 propter
807 2691 922 2763 Deum,

130 2797 189 2844 nec
204 2782 312 2844 amari
322 2799 392 2845 rem
405 2800 479 2861 quae
494 2786 628 2862 propter
642 2784 732 2847 aliud
746 2785 823 2863 quid
836 2802 925 2849 ama·
1018 2781 1097 2843 Stat
1107 2785 1213 2844 lumbi
1223 2784 1333 2846 castrt
1342 2785 1522 2858 praeelecta·
1532 2781 1625 2862 (Luc.
1634 2800 1698 2857 xu,
1706 2782 1774 2864 35).

129 2880 194 2952 tur,
212 2880 271 2941 sed
282 2879 315 2941 id
331 2881 441 2957 potius
454 2882 587 2959 propter
601 2881 687 2959 quod
701 2886 842 2945 amatur.
1020 2879 1174 2941 Salvator
1188 2880 1302 2942 noster
1322 2881 1474 2959 praecipit
1497 2881 1603 2954 nohis,
1615 2881 1701 2944 sicut
1714 2897 1772 2944 re-

166 2978 381 3040 confirmatio
407 2993 487 3040 vero
517 2977 604 3041 lacta
628 2979 668 3042 de
696 2981 876 3044 chrismate
904 2998 923 3043 a
977 2975 1054 3039 tulit
1076 2977 1286 3054 evangelium
1308 2978 1393 3056 quod
1409 2978 1559 3052 audistis,
1577 2982 1613 3041 ut
1626 2980 1774 3057 praecin-

129 3075 288 3137 Pontillce
310 3075 346 3137 in
371 3074 480 3138 fronte
498 3075 630 3154 lapidis,
659 3077 826 3154 significat
844 3094 925 3141 eon·
977 3088 1094 3149 gamus
1107 3074 1385 3149 lumbosnostros‚
1398 3077 1607 3153 etportemus
1619 3077 1774 3139 lucernas

130 3171 360 3246 firmationem,
376 3189 450 3251 quae
465 3173 612 3250 quotidie
627 3174 697 3236 fita
713 3177 834 3238 sancto
848 3178 925 3254 spi.
977 3168 1132 3231 ardentes
1158 3170 1196 3231 in
1223 3170 1377 3232 manibus
1410 3172 1545 3233 nostris.
1577 3172 1661 3233 Sunt
1685 3172 1775 3233 enim

95 3266 100 3273 '
129 3269 193 3331 ritu
222 3285 282 3347 per
309 3269 506 3333 charitatem
539 3271 574 3333 in
596 3271 701 3336 altare
729 3273 851 3347 cordis,
888 3277 925 3338 ut
978 3266 1042 3327 inin
1067 3282 1141 3345 (111ω
1155 3267 1287 3345 nfinitus
1302 3268 1469 3329 hnminmn
1485 3268 1680 3341 dissolvunt,
1695 3269 1773 3330 nni·

128 3367 219 3428 nulla
233 3366 407 3429 tribulatio
422 3383 480 3429 cor
491 3369 670 3431 nostruma
686 3371 848 3433 charitate
863 3373 923 3433 Dei
977 3379 1064 3431 mam
1090 3380 1172 3426 cum·
1186 3380 1325 3443 corpore
1350 3366 1450 3426 simul
1472 3367 1611 3428 interire
1632 3366 1772 3430 faciunt.

127 3465 236 3527 valeat
261 3480 430 3543 separare.
456 3467 549 3529 Unde
569 3467 698 3530 dicebat
718 3468 920 3546 Apostolus:
976 3462 1055 3522 Hmc
1077 3476 1157 3523 nem
1180 3464 1256 3525 snni
1274 3479 1283 3523 τ
1299 3463 1453 3534 avaritia,
1480 3462 1624 3535 inmitia,
1651 3478 1774 3540 sulim*-

128 3563 208 3629 nae
230 3577 295 3625 nos
325 3565 548 3638 separabile
581 3566 751 3627 chemate
775 3568 923 3629 christia
976 3557 1046 3633 bia;
1077 3559 1220 3621 avaritia
1248 3574 1412 3636 generans
1437 3559 1611 3632 invidiam,
1638 3560 1773 3623 luxuria

129 3661 400 3732 melodimate
433 3662 595 3737 accusata
609 3666 624 3725 t
711 3660 823 3742 (Rom.
848 3669 920 3748 vm,
976 3654 1147 3732 proterens
1174 3656 1427 3730 immunditiam,
1455 3657 1610 3734 superbia
1635 3657 1772 3736 pariens

126 3757 175 3826 ³7,
183 3754 251 3836 39).
975 3753 1188 3831 injustitiam3
1205 3755 1347 3816 avaritia
1369 3755 1505 3816 trahens
1524 3755 1692 3817 hominem
1706 3772 1772 3818 ax-

163 3853 244 3915 Post
262 3853 451 3916 unctionem
466 3854 578 3917 adolet
597 3856 781 3919 incensum.
803 3859 922 3921 lncan—
975 3852 1026 3911 im
1039 3867 1086 3924 sn,
1100 3851 1235 3914 lnxnnia
1256 3867 1409 3930 premens
1437 3869 1514 3914 enm
1538 3852 1626 3916 inim
1644 3870 1692 3928 se,
1710 3871 1772 3916 sn-

126 3966 197 4012 sum
211 3951 379 4027 significat
399 3950 594 4015 arationem.
607 3954 687 4016 lude
702 3957 753 4017 est
772 3955 860 4033 quod
885 3956 920 4017 in
975 3948 1089 4025 perhia
1112 3950 1248 4028 rapiens
1270 3966 1346 4013 eum
1360 3965 1461 4029 supra
1476 3966 1529 4026 se;
1545 3951 1641 4013 extra
1656 3968 1692 4013 se
1713 3967 1774 4030 per

125 4049 226 4110 missa
237 4048 402 4112 adomnes
413 4048 561 4112 defertur
571 4050 754 4125 incensum,
766 4055 802 4116 ut
810 4053 923 4123 osten-
975 4046 1216 4123 evagationem,
1236 4047 1324 4110 infra
1339 4063 1376 4110 se
1390 4063 1452 4126 pen
1461 4047 1692 4128 pollutionem,
1709 4066 1771 4111 su·

125 4144 233 4219 datur,
252 4146 339 4223 quod
358 4147 466 4210 oratio
481 4163 501 4209 a
515 4149 687 4212 sacerdote
708 4150 795 4213 tacta
818 4151 922 4229 perti-
974 4160 1033 4221 pra
1061 4162 1098 4208 se
1123 4161 1183 4223 per
1207 4145 1395 4209 elationem·
1426 4147 1510 4209 Sunt
1537 4146 1603 4209 tria
1631 4164 1770 4212 numero

124 4243 203 4305 neat
216 4243 258 4304 ad
272 4258 400 4305 omnes.
417 4244 511 4307 Unde
523 4246 699 4309 Psalmista
716 4249 922 4325 :ornamur
973 4242 1080 4304 tribus
1112 4243 1280 4322 praedictis
1313 4244 1585 4307 dissolutionibus
1620 4246 1771 4323 opposita

123 4343 168 4401 cd
181 4341 382 4412 thomtnc,
396 4344 509 4405 oratio
521 4359 610 4415 meo,
634 4347 724 4406 sicut
742 4349 922 4408 incensum
974 4339 1081 4404 fronte
1096 4342 1275 4415 contraria,
1291 4358 1365 4421 quae
1391 4342 1470 4421 quia
1485 4359 1546 4405 nos
1568 4343 1724 4405 cohibent
1738 4345 1771 4407 et

123 4440 160 4499 tn
176 4439 359 4513 conspectu
373 4439 442 4502 tuo.
459 4440 499 4501 Et
507 4439 630 4503 ibidem
651 4443 788 4504 :Intret
808 4444 920 4506 oratio
973 4439 1188 4516 restringunt,
1211 4440 1306 4519 quasi
1328 4439 1479 4518 qrraedam
1502 4441 1673 4513 cinctoria,
1700 4440 1766 4502 dici

122 4550 200 4597 aneu
213 4535 305 4597 stetu
320 4539 499 4600 incensum
512 4542 550 4600 tn
563 4541 745 4615 conspectu
763 4541 832 4613 tuo,
850 4545 921 4603 Do-
974 4539 1120 4614 possunt.
1129 4539 1209 4600 Haec
1217 4554 1298 4602 vero
1308 4539 1387 4600 sunt
1397 4538 1556 4603 memoria
1568 4538 1684 4601 mortis
1697 4553 1768 4600 cor·

121 4629 299 4713 mineffs.
314 4622 416 4711 87,'³;
442 4635 919 4716 140,2).1nquinqueautsm
973 4649 1094 4711 poreae,
1121 4635 1349 4713 probabilitas,
1384 4638 1416 4699 et
1448 4636 1548 4698 decor
1575 4635 1763 4713 pudicitiae,

122 4728 555 4807 locisadoleturincansum,
566 4734 920 4813 videlicetinquatuor
973 4747 1067 4796 amor
1078 4733 1250 4811 religionis
1262 4735 1296 4796 et
1304 4733 1455 4812 justitiae.
1472 4733 1632 4794 Memoria
1651 4732 1768 4794 mortis

122 4829 255 4905 angulis
276 4828 311 4893 et
334 4829 372 4891 in
392 4830 513 4905 medio,
541 4833 620 4911 quia
643 4833 788 4912 quinque
802 4850 919 4897 sensus
972 4845 1054 4891 zona
1067 4833 1118 4894 est
1138 4831 1288 4909 pellicea,
1311 4846 1375 4909 qua
1395 4829 1590 4907 cingebatur
1609 4832 1767 4893 loannes.

122 4928 272 5003 corporis
296 4926 401 4989 nostri
432 4929 482 4990 sic
506 4945 665 4994 exercere
689 4932 857 5002 debemus,
884 4937 921 4996 ut
973 4928 1258 5007 Decorpudicitiae
1272 4928 1403 4991 balteus
1417 4928 1477 5000 mi,
1494 4943 1559 5005 (1¹10
1574 4927 1769 5005 cingebatur

122 5023 209 5087 mma
222 5022 302 5086 boni
317 5024 428 5103 operis
450 5028 556 5091 nostri
571 5030 730 5108 usquead
749 5030 919 5108 proximos
972 5029 1081 5087 Aaron
1108 5026 1269 5088 accedens
1293 5025 1335 5086 ad
1354 5027 1468 5086 Deum.
1495 5027 1597 5088 Amor
1615 5026 1767 5104 Justitim,

121 5121 331 5184 extendatur.
344 5124 391 5186 De
405 5139 469 5202 qua
484 5125 565 5188 dicit
574 5127 751 5205 Apostolus
768 5146 776 5189 :
792 5132 920 5192 Christi
971 5138 1066 5197 zona,
1079 5123 1243 5196 videlicet,
1258 5138 1362 5187 aurea
1379 5124 1440 5197 est,
1457 5138 1521 5202 qua
1532 5123 1764 5201 praecingeba-

120 5220 227 5283 bonus
240 5222 459 5284 adorsumus
479 5227 551 5285 Deo
564 5227 602 5286 ic
611 5229 791 5289 mnntloco
804 5226 916 5306 (lCor.
970 5223 1026 5284 tur
1040 5224 1186 5285 loannes
1213 5222 1255 5285 ad
1278 5222 1488 5284 mammillas.
1515 5221 1627 5283 Primo
1656 5224 1768 5284 autem
1855 5272 1865 5283 .

118 5332 154 5389 u,
170 5316 236 5397 15).
252 5318 293 5379 at
305 5317 341 5380 in
355 5320 535 5397 Evangelio
550 5338 558 5383 :
571 5324 629 5385 Sta
641 5325 753 5387 luceat
764 5329 827 5387 rum
841 5338 920 5388 ves-
972 5318 1132 5382 cinctorio
1152 5319 1204 5382 usi
1232 5322 1311 5383 sunt
1331 5319 1529 5383 claustrales
1549 5323 1583 5382 et
1607 5321 1765 5394 eremitae,

120 5414 177 5477 tra
190 5428 313 5479 coram
323 5419 526 5491 homtntbus,
540 5420 580 5481 ut
591 5422 731 5485 videant
743 5425 830 5485 hona
841 5437 920 5487 aes-
972 5417 1116 5480 secundo
1132 5419 1361 5483 sacerdoteset
1372 5418 1605 5493 levitaa;tartio
1616 5419 1767 5480 Christus

119 5512 176 5574 tra
196 5526 305 5591 opero
326 5513 360 5575 ct
384 5517 576 5591 atortltcent
597 5519 744 5583 Patrem
761 5521 919 5585 oestrum
971 5515 1237 5594 inhumanitate;
1249 5516 1765 5594 eremitaestudentesasperitati,

119 5614 178 5685 put
193 5613 230 5674 tn
243 5612 340 5675 coells
353 5612 406 5674 est
421 5609 552 5693 (Mattb.
565 5631 598 5689 v,
615 5613 680 5696 16).
743 5598 747 5608 ’
970 5615 1158 5678 sacerdotes
1172 5615 1327 5687 castitati,
1341 5618 1487 5679 loannes
1498 5613 1655 5678 omnium
1673 5613 1766 5677 inte-
