3802 6166
422 324 554 387 XXVII.
569 352 611 370 -
624 324 669 386 IN
691 326 1033 391 FESTIVITA'I'IBUS
1054 326 1376 389 APOSTOLORUM.

76 325 138 386 305
1666 331 1728 393 306

76 484 156 546 tiam
186 482 417 561 perducerent.
448 485 643 549 Muniuntur
671 500 751 563 ergo
777 487 877 550 corda
930 487 1087 564 dignitas,
1099 486 1280 565 auctoritas
1295 488 1327 549 et
1337 487 1492 565 potestas.
1510 489 1558 550 De
1566 487 1726 566 dignitate

77 581 317 659 discipulorum
339 598 358 643 a
374 583 524 656 Domino,
540 584 703 661 quatenus
724 601 799 646 cum
814 602 876 648 ve·
933 598 1074 662 namque
1088 584 1212 645 veritas
1228 583 1338 662 inquit
1352 585 1518 661 apostolis
1535 607 1542 646 :
1565 590 1629 649 Vos
1642 589 1727 649 estis

77 679 166 740 nerii
186 680 269 741 bora
299 681 541 757 persecutionis
564 697 691 754 eorum,
716 683 869 744 reminis·
930 686 988 757 md
1005 683 1250 757 permansistis
1269 698 1404 744 mecum
1419 686 1457 743 iu
1481 684 1727 747 tentationibus

77 777 197 838 cantur
213 776 285 839 baec
306 777 369 838 sibi
393 777 496 840 tuisse
520 778 689 855 praedicta,
717 780 876 842 citerius
929 783 1028 851 mets,
1052 780 1086 841 et
1102 794 1163 854 epo
1182 782 1324 854 dispono
1344 783 1440 841 uobis
1461 796 1620 856 reditum,
1635 783 1726 845 simi

77 874 187 935 terant
202 889 276 950 quae
292 874 356 935 sibi
382 874 424 935 ab
442 875 554 952 impiis
576 875 676 953 impie
697 877 784 938 mala
803 877 877 937 tue·
930 878 1041 938 Pater
1058 891 1157 938 meus
1171 879 1256 939 midi
1267 878 1447 953 disposuit,
1462 880 1499 938 ui
1510 880 1664 941 edatiset
1677 883 1727 941 bt-

78 972 145 1032 rint
161 971 320 1047 irrogata,
338 972 416 1049 quia
431 973 541 1033 minus
556 974 643 1035 maia
662 973 785 1035 feriunt
803 991 875 1052 quae
931 975 1018 1035 dctis
1036 989 1142 1049 suaper
1158 989 1312 1036 mensam
1337 990 1452 1037 mam
1475 979 1512 1036 iu
1526 991 1633 1052 reptio
1649 991 1726 1040 nmo

77 1068 313 1146 praevidentur.
336 1070 391 1132 Ait
412 1086 491 1146 ergo
509 1072 667 1132 Dominus
684 1093 691 1132 :
708 1076 794 1134 Ecce
815 1087 876 1149 eqo
931 1071 1025 1149 (Luc.
1036 1070 1199 1151 xx11,28).
1209 1071 1387 1133 Duodecim
1398 1072 1487 1133 enim
1495 1073 1644 1149 Apostoli
1655 1074 1725 1134 nati

76 1167 178 1227 mitte
202 1181 264 1228 uos
287 1168 377 1228 sicui
404 1183 485 1230 ostes
510 1171 547 1231 iu
570 1173 681 1231 medio
704 1175 874 1244 trapetum.
931 1169 1007 1231 sunt
1020 1168 1176 1230 Ecclesiae
1191 1184 1251 1247 pro
1267 1169 1438 1232 duodecim
1454 1170 1659 1232 Patriarcbis
1673 1173 1727 1232 to-

77 1264 115 1323 ln
134 1262 199 1324 boc
224 1266 371 1340 apparet,
398 1265 484 1342 quod
510 1265 604 1327 multi
624 1267 719 1328 erant
736 1266 818 1343 lupi,
843 1268 876 1329 et
930 1265 1095 1343 iidemque
1110 1265 1298 1342 Prophetis,
1313 1282 1396 1343 quos
1406 1267 1479 1344 ipsa
1490 1267 1656 1345 principes
1668 1283 1728 1327 su·

76 1375 193 1436 paucae
222 1361 318 1424 erant
346 1377 440 1434 evoe,
476 1363 553 1439 quia
584 1379 651 1424 nen
685 1362 754 1441 lupi
781 1364 875 1425 missi
930 1378 1132 1438 peromnem
1150 1364 1273 1425 terram
1289 1364 1469 1436 constituit,
1487 1365 1642 1441 quoniam
1662 1364 1726 1442 ipsi

75 1457 154 1519 sunt
180 1458 215 1518 in
240 1457 349 1520 medio
377 1459 499 1532 ovium,
523 1460 579 1521 sed
604 1475 683 1521 oves
709 1460 745 1522 in
765 1461 874 1522 medio
930 1461 1007 1522 sunt
1035 1459 1203 1536 principes
1232 1461 1428 1538 populorum
1450 1462 1507 1537 qui
1531 1461 1625 1522 suere
1649 1478 1724 1521 cum

75 1554 240 1632 luporum.
267 1557 405 1628 Quando
429 1555 493 1617 boc
517 1556 639 1619 dictum
669 1557 745 1631 tuit,
775 1559 874 1635 pauci
929 1559 996 1619 Deo
1006 1557 1174 1618 Abraham
1184 1558 1388 1634 congregati.
1398 1558 1636 1645 Auctoritatem
1645 1574 1725 1620 vero

74 1653 174 1714 erant
187 1653 337 1729 Apostoli
359 1655 391 1715 et
411 1655 523 1716 Sancti
538 1654 579 1715 ad
595 1656 875 1732 comparationem
929 1655 1089 1716 Dominus
1105 1658 1340 1717 commemorat
1354 1656 1387 1717 et
1397 1656 1605 1717 commendat
1619 1661 1727 1734 Apos—
1819 1652 1825 1661 '

75 1751 225 1826 gentium
250 1750 506 1812 incredularum.
532 1753 711 1830 Propterea
732 1754 875 1817 ostendit
928 1752 1005 1814 tulis
1020 1752 1133 1814 dicens
1151 1775 1158 1812 :
1174 1756 1326 1821 Quomcm
1346 1754 1556 1815 remiseritis
1569 1754 1723 1828 peccata,

76 1848 281 1924 paucitatem
303 1848 415 1910 ovium
431 1849 463 1910 et
476 1865 594 1926 greges
616 1850 779 1928 luporum,
797 1853 873 1928 quia
929 1850 1159 1911 remittuntur
1168 1852 1229 1921 eis,
1244 1851 1278 1911 et
1286 1864 1435 1924 quorum
1444 1851 1663 1912 retinueritis
1673 1866 1727 1913 re·

74 1944 168 2006 scitis
195 1946 228 2007 et
253 1944 337 2006 bene
361 1946 454 2008 scitis
482 1948 697 2024 utrorumque
720 1951 873 2011 naturam

72 2043 188 2103 ovium
210 2043 243 2105 et
267 2043 431 2120 luporum.
463 2045 677 2114 Considerate
707 2047 872 2108 severita-

73 2143 139 2200 tem
159 2141 192 2200 et
214 2139 441 2203 crudelitatem
465 2141 629 2219 luporum,
652 2142 739 2204 idest
758 2160 874 2220 perse-

72 2239 244 2308 cutorum,
274 2236 307 2298 et
339 2238 585 2315 simplicitatem
616 2240 649 2302 et
679 2241 872 2317 patientiam

74 2334 198 2404 orium,
216 2334 302 2395 idest
312 2335 543 2410 Apostolorum
554 2339 587 2398 et
597 2337 871 2399 Christianorum.

74 2432 136 2502 Qui
154 2431 196 2491 ad
219 2431 410 2508 patiendum
430 2433 497 2506 itis,
519 2434 711 2511 patientiam
727 2437 759 2497 et
775 2435 875 2497 inno-

72 2529 218 2590 centiam
233 2529 405 2592 custodite.
420 2532 495 2592 Non
510 2547 568 2592 vos
583 2531 778 2605 defendatis,
796 2533 873 2610 quia

73 2642 153 2687 oves
164 2627 257 2698 estis,
275 2627 415 2689 saeviant
429 2628 480 2689 ilii
492 2629 548 2705 qui
560 2630 630 2706 lupi
641 2630 728 2691 sunt.
748 2630 873 2693 idcirco

73 2723 201 2785 ueritas
215 2723 263 2785 ait
279 2745 286 2782 :
301 2725 415 2786 Nolite
433 2726 556 2787 timere
570 2730 700 2800 eosqui
718 2728 874 2790 occidunt

73 2835 212 2896 corpus,
228 2824 385 2883 unimam
402 2823 520 2884 cirtem
534 2838 602 2885 uod
620 2825 767 2899 possunt
783 2829 873 2886 occi-

73 2921 168 2989 dere,
185 2920 246 2980 sed
259 2922 348 2981 tuuc
363 2919 480 2982 timete
498 2924 556 2995 md
574 2925 728 2983 uuiumm
748 2922 782 2983 et
796 2938 875 2984 cor-

72 3032 138 3090 pus
151 3016 263 3088 potest
277 3017 417 3078 astitere
431 3020 467 3079 iu
481 3023 672 3095 qedemmm
690 3018 820 3097 (Mattb.
837 3037 870 3091 x,

77 3113 142 3191 28).
158 3113 241 3184 Quid
253 3114 341 3174 enim
354 3114 510 3176 timerent
523 3116 574 3177 ire
586 3116 673 3178 inter
683 3117 778 3195 lupos
799 3134 872 3179 cum

76 3210 196 3287 quibus
215 3213 288 3273 erat
306 3227 423 3286 agnus,
445 3212 603 3290 quiricii
626 3214 750 3292 lupum,
775 3215 870 3280 idest,

79 3307 264 3370 diabolumt
278 3310 370 3371 [inde
380 3311 504 3371 ueritas
517 3311 564 3373 ait
581 3333 588 3372 :
605 3315 691 3374 Ecce
703 3315 873 3375 caducum

77 3422 155 3468 uem
169 3410 326 3468 omuibus
340 3410 457 3470 dicbus
471 3424 578 3482 usque
592 3411 638 3470 cd
650 3425 871 3472 coruummd-

78 3505 205 3565 tionem
224 3508 341 3567 saecuti
370 3503 501 3583 (Mattb.
526 3522 646 3578 xxvnr,
667 3507 732 3586 20).
753 3507 874 3568 Vobis-

77 3616 149 3661 cum
162 3617 235 3663 sum
254 3602 421 3678 protector
432 3602 467 3663 in
479 3603 749 3666 tribulationibus
763 3606 796 3668 et
810 3605 872 3666 ad-

75 3699 165 3775 jntor
188 3699 223 3759 in
247 3698 344 3760 bonis
366 3699 532 3777 operibus,
556 3701 648 3762 utin
672 3702 872 3766 adversitate

77 3810 140 3855 non
157 3795 320 3857 deficiatis
335 3812 395 3873 per
406 3796 658 3874 impatientiam,
670 3799 704 3860 et
715 3797 750 3858 in
765 3798 873 3860 adrni-

75 3892 272 3954 uistrutione
287 3892 366 3954 boni
379 3894 490 3970 operis
505 3911 565 3972 per
583 3895 789 3972 injustitiam.

109 3995 198 4052 Ecce
216 4005 278 4068 epo
294 3992 393 4052 mitto
418 4006 489 4053 vos.
513 3993 610 4054 Modo
630 3993 803 4055 videamus
829 3996 870 4056 ad

77 4087 152 4163 quid
183 4086 313 4151 miserit
348 4089 488 4150 Sanctus
515 4105 604 4150 suos.
636 4091 803 4168 Numquid
829 4091 869 4153 ad

75 4184 185 4244 mundi
201 4184 336 4260 gaudia,
356 4185 415 4247 aut
437 4185 477 4246 ad
499 4187 610 4248 carnis
635 4187 871 4250 delectationes

74 4282 106 4342 et
133 4280 309 4343 illecebras
337 4281 534 4360 voluptatist
561 4285 788 4362 Nequaquam,
812 4285 869 4347 sed

74 4377 113 4439 ad
125 4379 258 4450 tamem,
282 4377 383 4450 sitim,
403 4379 443 4440 ad
461 4379 628 4441 nuditates
642 4381 675 4442 et
693 4380 870 4457 opprobria

72 4475 190 4546 multa,
221 4476 262 4537 ad
291 4477 539 4552 persecutiones
562 4480 595 4539 ei
618 4478 789 4554 passiones
810 4494 870 4555 pro

70 4588 128 4633 suo
139 4574 256 4635 sancto
269 4573 613 4635 nominetolerandas.
631 4576 769 4651 Propter
784 4575 869 4652 quod

69 4669 101 4730 in
117 4671 352 4746 Apostolorum
365 4671 500 4734 Actibus
514 4672 672 4749 scriptum
686 4673 736 4734 est
751 4694 757 4731 :
771 4674 870 4734 Ibaut

67 4768 220 4841 Apostoli
249 4769 438 4844 poudeutes
463 4784 485 4830 a
513 4771 694 4843 conspectu
722 4773 866 4842 aoncilii,

67 4868 232 4937 quomam
262 4869 358 4941 diarii
388 4867 495 4928 babiti
522 4867 603 4928 suut
632 4882 699 4941 pro
731 4870 869 4929 domiue

66 4964 151 5023 Jesu
163 4963 404 5025 eortiumetiam
416 4965 492 5038 pou
508 4964 592 5043 (Act.
604 4981 635 5035 v,
650 4964 714 5043 41).
734 4965 869 5028 illorum

67 5074 148 5135 erqo
160 5059 382 5135 principatum
397 5061 585 5137 praevidens
603 5062 768 5139 Propheta
782 5077 870 5140 prae-

67 5155 149 5217 dicit
162 5155 198 5216 in
214 5157 339 5232 psalmo
352 5179 359 5218 :
371 5161 486 5220 Nimis
497 5160 657 5220 honorati
671 5161 753 5221 suut
764 5162 869 5221 amici

69 5255 119 5314 tut
144 5258 253 5327 Deus,
282 5258 388 5317 riimts
416 5256 630 5329 confortatus
658 5258 709 5318 est
728 5261 867 5332 prissei-

63 5352 169 5423 patus
183 5366 307 5413 corium
322 5352 392 5431 (Ps.
410 5355 480 5424 138,
498 5351 562 5431 17).

105 5449 210 5509 Multa
227 5451 303 5511 sunt
317 5465 398 5511 sane
411 5467 484 5528 quae
499 5450 671 5512 beatorum
686 5453 865 5529 Apostolo-

67 5562 139 5608 rum
149 5547 381 5610 commendant
391 5548 620 5611 honorabilem
631 5549 864 5627 principatum.

69 5643 132 5705 Sed
153 5643 244 5707 inter
256 5643 414 5708 universa
434 5647 510 5708 sunt
524 5646 753 5725 principaliter
773 5648 863 5710 tria:

929 1947 1025 2007 teuta
1039 1948 1120 2008 sum
1132 1946 1163 2024 (J
1167 1961 1242 2008 oan.
1252 1962 1286 2018 x,
1300 1948 1365 2027 23),
1383 1947 1461 2009 iacti
1477 1963 1543 2009 non
1553 1949 1620 2009 tam
1629 1949 1725 2024 prin-

929 2045 1020 2121 cipes
1040 2059 1226 2122 corporum,
1250 2061 1348 2122 quam
1375 2044 1506 2122 judices
1525 2045 1722 2118 animarum,

929 2145 1092 2215 quautam
1119 2145 1156 2203 iu
1183 2143 1463 2218 repeuemmue,
1485 2158 1565 2204 cum
1595 2143 1726 2204 sederit

928 2241 1238 2300 ltiicudomiuisiu
1249 2242 1328 2300 sede
1338 2240 1533 2312 trimestatis
1542 2255 1626 2311 suae,
1635 2243 1727 2301 sede·

929 2336 1006 2397 bitis
1016 2336 1048 2396 et
1059 2337 1725 2411 vossupersedesduodecimjudicuutes

927 2435 1103 2494 duodecim
1113 2434 1222 2495 tribus
1237 2437 1348 2495 Israel
1363 2432 1456 2510 (Luc.
1473 2449 1557 2506 xxii,
1574 2434 1639 2513 30).
1657 2436 1724 2494 Po-

927 2530 1030 2592 testas
1039 2545 1118 2592 vero
1130 2530 1378 2592 commendatur
1390 2531 1423 2592 et
1433 2532 1723 2603 commemoratur,
1797 2594 1801 2611 ,

928 2643 1003 2689 cum
1026 2627 1148 2688 dicitur
1170 2649 1178 2688 ι
1205 2629 1405 2690 Convocatis
1425 2631 1602 2690 duodecim
1621 2631 1726 2689 disci-

925 2729 1016 2800 pulis
1029 2729 1103 2786 suis
1117 2725 1209 2786 dedit
1218 2728 1283 2787 iilis
1292 2729 1393 2787 Jesus
1397 2726 1604 2800 potestatem
1617 2728 1726 2800 suim-

928 2822 1026 2882 tuum
1054 2824 1329 2894 imuumdomcm,
1354 2822 1392 2882 ui
1414 2822 1576 2896 ejicerent
1601 2836 1668 2893 eos,
1683 2821 1725 2907 et

927 2920 1726 2995 curarentomuemiaupuoremetmuuemiutir-

927 3017 1085 3077 mitatem
1099 3014 1192 3095 (Luc.
1212 3032 1260 3088 1x,
1284 3014 1327 3095 1).
1344 3017 1429 3077 Hinc
1445 3017 1512 3077 illis
1532 3016 1644 3078 aiebat
1663 3019 1725 3079 :Si

927 3115 1117 3175 dedareritis
1131 3115 1234 3185 sidem
1247 3115 1336 3174 sicut
1349 3129 1500 3189 prasium
1514 3117 1657 3189 sumpts,
1671 3116 1726 3174 dt·

927 3211 1011 3272 cetis
1022 3212 1131 3272 monii
1148 3231 1155 3270 ι
1171 3212 1285 3272 transi
1299 3215 1379 3274 dim
1392 3213 1426 3274 ei
1441 3212 1620 3282 irccrtsidit,¹
1641 3227 1724 3273 riom

927 3311 985 3381 qui
999 3308 1184 3370 crediderit
1199 3311 1235 3369 iu
1251 3323 1317 3380 rue,
1334 3323 1441 3381 opero
1462 3325 1538 3383 quae
1556 3323 1618 3385 epo
1634 3311 1723 3383 socio

927 3405 1041 3478 etipse
1050 3406 1164 3479 saciet,
1181 3406 1214 3467 et
1226 3409 1498 3478 maior-adomim
1511 3407 1625 3480 factet,
1640 3420 1724 3479 quo-

926 3504 1023 3562 uiom
1030 3506 1147 3563 omnia
1154 3504 1326 3576 possibitiu
1336 3503 1417 3562 suut
1426 3504 1581 3563 credeuii
1589 3501 1718 3579 (Mattb.

926 3614 1010 3666 xunt,
1032 3598 1095 3678 19).
1118 3599 1174 3660 isti
1198 3600 1275 3660 sunt
1295 3599 1384 3659 enim
1403 3598 1445 3659 ad
1469 3614 1607 3676 quorum
1629 3599 1724 3660 clan-

926 3712 1040 3772 gorem
1061 3696 1148 3757 muri
1168 3695 1303 3758 iericho
1325 3698 1539 3768 corruerunt,
1572 3697 1629 3773 qui
1661 3711 1722 3758 sua

927 3794 1162 3871 praedicatione
1182 3795 1416 3856 converterunt
1434 3795 1594 3856 mundum
1608 3794 1649 3856 ab
1666 3808 1723 3856 er-

926 3907 1002 3954 rore
1021 3891 1062 3952 ad
1085 3891 1269 3964 veritatem,
1295 3893 1328 3953 et
1350 3908 1370 3953 a
1389 3892 1481 3954 uitiIs
1503 3892 1544 3952 ad
1568 3892 1718 3966 virtutes,

926 3990 1084 4050 euntesin
1094 3990 1251 4050 mundum
1261 3990 1451 4051 universum
1462 3990 1720 4067 etpraedicantes

926 4088 1140 4164 Evangelium
1151 4089 1241 4148 omni
1255 4088 1428 4160 creaturae,
1438 4088 1593 4150 docentes
1605 4104 1721 4151 omnes

925 4185 1039 4260 gentes
1054 4200 1188 4246 servare
1203 4201 1417 4262 quaecumque
1437 4185 1652 4247 mandaverat
1670 4186 1719 4246 eis

926 4282 1023 4341 Deus.
1041 4281 1133 4343 Unde
1146 4281 1285 4358 proiecti
1300 4282 1565 4358 praedicaverunt
1586 4281 1717 4358 ubique,

925 4378 1720 4455 Dominocooperanteetsermonemcontirmante

925 4475 1138 4553 sequentibus
1153 4476 1268 4551 signis.
1289 4477 1375 4537 Nam
1395 4476 1430 4537 in
1445 4492 1575 4538 omnem
1595 4479 1718 4538 terram

924 4573 1028 4634 exivit
1049 4589 1149 4634 sonus
1165 4589 1290 4644 eorum,
1317 4575 1350 4636 et
1368 4574 1403 4634 in
1418 4575 1501 4634 tinas
1516 4573 1605 4635 orbis
1621 4574 1718 4634 terrae

924 4669 1024 4732 verba
1040 4687 1165 4732 eorum.
1180 4672 1470 4733 aununtiaverunt
1487 4686 1587 4747 opera
1606 4669 1665 4730 Dei
1684 4672 1718 4732 et

925 4768 1011 4829 iacta
1024 4772 1095 4847 ejus
1111 4770 1358 4831 intellexerunt.

964 4864 1022 4925 Isti
1037 4864 1252 4941 suntvigiles,
1270 4865 1309 4925 da
1324 4863 1443 4940 quibus
1454 4879 1574 4940 sponsa
1587 4863 1667 4925 dicit
1682 4865 1717 4924 in

924 4962 1058 5023 cantico
1075 4983 1083 5020 t
1100 4963 1315 5024 [revenerunt
1327 4976 1382 5022 me
1397 4964 1516 5038 viqdcs
1533 4966 1590 5036 qui
1604 4963 1718 5023 custo-

923 5060 1021 5120 diuui
1044 5059 1228 5122 ciuitatem.
1252 5062 1437 5120 Purduium
1453 5074 1532 5121 cum
1550 5059 1719 5133 perimm-

922 5161 1046 5218 sissem
1059 5172 1127 5229 eos,
1141 5160 1257 5219 iuvem
1270 5172 1370 5232 quem
1385 5158 1493 5234 ddipit
1505 5161 1625 5218 aretum
1639 5173 1718 5219 mec

923 5253 1030 5333 (Cant.
1046 5271 1096 5327 111,
1117 5255 1163 5335 3).
1180 5256 1226 5316 De
1242 5254 1361 5332 quibus
1376 5255 1424 5317 ait
1438 5256 1470 5317 et
1484 5256 1642 5316 Dominus
1658 5270 1718 5332 per
1747 5308 1749 5313 ,

923 5353 1121 5430 Prophetam
1139 5355 1402 5425 :Supermmus
1413 5354 1499 5425 tuos,
1510 5357 1715 5423 Jerusalem,

920 5451 1082 5512 constitui
1095 5451 1261 5512 custodes.
1276 5452 1358 5514 Toto
1368 5452 1465 5513 dieet
1475 5451 1573 5512 docte
1583 5467 1651 5512 dou
1662 5452 1717 5511 to-

920 5552 1040 5611 cetmut
1052 5552 1195 5611 laudare
1212 5565 1337 5612 uomeu
1353 5553 1492 5612 Dmutui
1503 5550 1560 5628 (ls.
1572 5565 1653 5619 nxu,
1667 5550 1713 5627 6).

920 5646 977 5707 Isti
993 5647 1182 5710 sunitestes
1196 5646 1367 5724 dequibus
1386 5647 1518 5725 legitur,
1541 5646 1625 5731 quod
1640 5647 1714 5709 sir-
