3802 6166
525 354 754 419 EPISTOLAE.
777 358 857 421 ΜΒ.
879 356 906 421 1.

103 514 261 594 sposuisti
280 514 441 577 familiam
463 532 691 592 convocare,a

104 615 227 691 mptum
251 614 516 676 cormersationis
543 615 691 678 honestae

102 728 174 785 eas,
198 728 237 773 ac
263 728 323 790 per
342 728 399 773 eos
421 713 498 774 sitae
524 714 590 775 tuae
620 715 693 775 sin-

101 809 689 872 tractionihushominumsitsecura.

103 907 198 971 nobis
220 908 391 969 humiliter
416 910 473 971 tua
500 909 691 971 fraternitas

102 1006 137 1069 ut
157 1007 257 1068 liceat
276 1006 337 1068 tibi
353 1007 392 1068 dc
408 1023 614 1085 quocumque
632 1023 691 1070 re·

103 1105 220 1167 ordine
237 1121 408 1166 assumere
426 1107 623 1167 monachum
639 1121 692 1167 ca-

102 1203 125 1263 rt
139 1216 346 1273 conuersum,
362 1217 443 1278 quos
459 1200 493 1262 in
513 1202 578 1263 tuae
594 1201 693 1262 lami-

102 1298 281 1361 onsortium
315 1300 428 1360 valeas
455 1299 609 1372 retinere,
639 1300 692 1362 vel

110 1397 240 1458 mittere
262 1413 321 1474 pro
337 1397 487 1458 ecclesiae
511 1397 578 1458 tuae
594 1398 691 1460 utili-

102 1494 268 1555 curandis.
299 1496 368 1556 Nos
393 1496 496 1570 igitur
520 1496 597 1557 rota
621 1496 690 1569 tua,

102 1594 159 1653 :ate
172 1593 363 1668 procedunt,
380 1592 585 1669 benignitate
595 1594 693 1656 solita

102 1707 147 1762 es,
176 1691 373 1752 auctoritate
401 1690 459 1752 tihi
479 1692 692 1768 praesentium

102 1805 121 1859 s,
134 1788 169 1849 ut
180 1789 208 1847 si
220 1788 280 1848 tihi
291 1792 324 1849 ct
334 1789 484 1850 ecclesiae
495 1790 693 1851 tuaevideris

101 1886 186 1946 iceat
201 1885 259 1946 tibi
281 1885 321 1946 de
341 1902 546 1963 quocumque
554 1904 692 1949 monas-

101 1982 232 2044 ioeeesis
245 2000 347 2044 unum
370 1985 531 2048 duntaxat
551 1986 692 2061 religio-

102 2096 280 2157 ere,‹1ue1n
304 2081 491 2144 litteratura
511 2083 637 2145 rideris
661 2085 695 2147 et

103 2180 217 2239 testate
238 2178 365 2255 fulciri3
382 2180 440 2241 illa
463 2181 575 2242 tamen
596 2181 694 2243 adhi-

102 2276 230 2337 amonti
248 2277 378 2339 cautela
393 2278 478 2354 quod
493 2294 553 2354 per
568 2278 692 2341 absen-

102 2390 132 2434 rs
143 2375 293 2436 eeclesiae
304 2376 447 2452 propriae
459 2375 585 2438 utilitas
599 2392 694 2439 enor-

105 2471 243 2534 aedatur.

215 2722 371 2809 CLXXI

104 2935 138 2980 m
152 2923 369 2981 Lumteuscnc
384 2922 690 2995 urelticptscopum.

191 3105 393 3178 ffihnfflst

102 3228 198 3278 fidorm
213 3228 613 3293 albanemark,t.1X,p.7I8]

123 3395 209 3453 quam
236 3380 419 3438 innocentius
436 3381 490 3438 Pl’.
511 3387 693 3438 concesserat

201 3476 379 3541 potestatem.

104 3639 694 3711 tatiumdilectionisaffectusetsin-

102 3738 317 3809 ocharitatis,
335 3753 433 3814 quam
451 3737 492 3798 ad
514 3754 691 3814 personam

102 3835 173 3895 lum
200 3851 347 3896 essemus
375 3835 410 3895 in
432 3835 553 3896 minori
581 3835 691 3897 cilicio

102 3931 235 3993 aluisse
247 3933 452 4008 dignosceris
463 3933 689 4004 nosinritant,

102 4046 277 4107 sequamur
315 4018 538 4107 praerogativa
575 4031 690 4107 gratiae

108 4128 141 4188 et
179 4128 231 4187 his
267 4144 339 4204 quaa¹
371 4128 552 4189 secundum
588 4131 689 4189 Deum

102 4225 192 4286 seris
208 4225 392 4301 expetenda
414 4225 593 4301 benignum
623 4226 690 4287 im-

101 4339 276 4383 rssensum.
302 4325 389 4383 Sanc
404 4323 527 4383 dudum
542 4340 617 4384 eum
634 4340 692 4385 es-

102 4421 213 4481 Sedem
229 4420 452 4496 Apostolieam
481 4421 689 4493 constitutus,

102 4518 173 4578 iriae
191 4520 214 4578 Ι.
232 4521 321 4593 Papa
339 4518 563 4594 praedecessor
578 4519 691 4580 noster

117 4617 182 4676 tuac
204 4615 504 4676 intervenientibus
520 4616 615 4677 nobis
634 4615 701 4677 in-'

102 4730 166 4789 ‚per
179 4713 265 4774 laeto
281 4713 512 4774 Roskildensis
528 4714 689 4787 eeclesiae,

101 4811 217 4872 ilectns
243 4811 331 4871 tilius
346 4813 505 4886 magister
523 4814 559 4871 P.
589 4828 691 4889 nepos

115 4909 266 4976 scientia,
281 4909 367 4969 sicut
381 4908 513 4981 dicitur,
529 4924 692 4970 commen-

105 5008 242 5067 ernacst
250 5006 438 5082 provisione
448 5008 595 5080 toccum,
603 5023 692 5083 prae-

114 5106 206 5165 utilis
222 5105 265 5165 sit
277 5103 395 5175 eidem,
412 5105 644 5181 temporalium
659 5106 692 5167 et

102 5220 118 5263 u
135 5201 400 5263 consideratione
412 5203 561 5277 pensata,
577 5202 692 5278 dispo-

102 5301 113 5360 l
152 5299 316 5360 honestati
343 5298 500 5360 Ecclesiae
527 5316 566 5361 ac
590 5300 689 5361 saluti

105 5518 128 5558 s.
142 5504 199 5559 Vas
210 5518 259 5558 suu
276 5502 380 5573 pinula.
396 5502 442 5558 Sic
454 5500 529 5574 apud
543 5502 688 5575 Aristoplt.

102 5574 188 5629 traco
200 5582 261 5629 ets.
275 5574 319 5629 Sic
330 5575 552 5645 etiannlllllcg.
566 5588 633 5641 xvir,
645 5575 688 5631 li.

102 5644 145 5701 tric
163 5660 169 5699 :
186 5645 315 5700 Timuisti
340 5658 377 5700 ne
402 5649 529 5716 potestas
556 5644 689 5717 delegata

105 5713 181 5789 quod
194 5728 251 5773 uon
265 5715 370 5773 unxisti
382 5722 448 5773 onte
463 5722 583 5775 mortem
600 5716 690 5791 ipsios

1481 362 1545 427 210

746 519 825 582 dicti
840 519 993 598 magistri
1007 518 1164 598 expedire
1171 520 1313 595 rideres,
1321 521 1540 586 consideratis

746 619 923 695 diligenter
935 621 1194 683 circumstantiis
1213 622 1399 699 temporum
1412 624 1542 686 etloco·

746 732 830 777 rum.
855 718 949 779 Unde
967 718 1088 781 timens
1110 735 1151 780 ne
1172 718 1415 783 interveniente
1434 721 1540 783 morte

746 814 825 876 dicti
832 816 1087 891 praedecessoris
1096 818 1200 879 nostri
1212 816 1543 895 mandatumexpira·

746 914 1542 996 reritmandatoris,cumnonsitlecythus(l)olei

747 1011 940 1085 diminutoe,
955 1013 1129 1089 postulasti
1144 1013 1339 1091 suppliciter
1352 1015 1454 1075 semel
1469 1030 1544 1093 pro·

745 1110 853 1171 visam
881 1111 1023 1187 gratiam
1044 1112 1084 1174 do
1111 1113 1210 1174 solita
1233 1112 1328 1175 Sedis
1342 1114 1542 1190 apostolicae

747 1207 922 1271 clementia
949 1210 1134 1286 prorogari.
1164 1211 1233 1272 Nos
1261 1211 1365 1287 igitur
1391 1211 1542 1272 volentes

746 1321 922 1382 personam
933 1308 1024 1369 tuam
1035 1309 1194 1386 quantum
1205 1324 1280 1370 cum
1290 1311 1357 1370 Deo
1367 1324 1543 1386 possumus

747 1403 912 1466 honorare
923 1406 1035 1483 utpote
1050 1407 1151 1483 quite
1166 1405 1400 1469 abundantiori
1423 1406 1542 1483 diligi-

747 1518 820 1563 mus
845 1504 1018 1577 charitate,
1039 1505 1231 1566 dIscretioni
1256 1505 1322 1567 tuae
1345 1504 1543 1571 auctoritate

748 1603 960 1677 praesentium
988 1603 1209 1679 indulgemus,
1231 1603 1268 1665 ut
1297 1603 1386 1664 circa
1419 1602 1543 1664 lactum

748 1700 979 1761 Roskildensis
994 1702 1151 1762 Ecclesiae
1167 1717 1206 1763 ao
1226 1700 1374 1777 saepefati
1390 1700 1544 1775 magistri

748 1799 847 1860 liceat
870 1798 932 1860 tibi
955 1799 1131 1876 disponere
1152 1800 1238 1878 quod
1262 1799 1399 1876 provide
1417 1798 1543 1861 viderIs
1648 1820 1651 1827 ¹

747 1898 1382 1976 disponendum.DatumLaterani‚Vlll
1400 1895 1540 1959 kalloh.

747 1997 958 2073 porrdtlcatus
973 1998 1078 2059 nostri
1092 2013 1179 2059 anno
1194 1997 1313 2075 primo.

1053 2268 1226 2355 CLXXII

827 2496 879 2555 Ad
892 2494 1068 2556 altbertum
1084 2491 1243 2554 conicite-m
1259 2493 1300 2553 de
1317 2490 1460 2552 alsatia.

1043 2662 1149 2735 iijan.
1168 2661 1246 2719 tait.

789 2790 1499 2863 mmdffiimmffldmmfflmmfflffi]

747 2962 936 3021 Commutatio
951 2961 1008 3017 voti
1022 2959 1059 3017 dc
1080 2957 1173 3016 cundo
1191 2958 1219 3015 in
1233 2959 1348 3014 Terram
1365 2955 1498 3012 Sanctam
1511 2954 1541 3010 in

783 3049 859 3108 aliod
880 3049 965 3107 eundi
990 3049 1019 3106 in
1046 3049 1194 3107 Lironiam
1218 3052 1317 3104 contra
1341 3058 1472 3117 paganos
1494 3042 1541 3099 li·

782 3154 910 3198 romeos.

786 3318 952 3380 Honorius
988 3316 1182 3405 episeopus,
1222 3330 1337 3375 servus
1370 3309 1543 3372 seruorum

747 3416 817 3489 Dei,
842 3416 961 3477 dilecto
979 3415 1047 3475 tilio
1065 3413 1167 3475 nobili
1187 3413 1259 3473 siro
1281 3408 1391 3472 comiti
1407 3406 1542 3468 :ilberto

747 3516 787 3576 do
801 3514 940 3585 Alsatia,
955 3513 1094 3574 salutem
1107 3513 1141 3572 et
1154 3508 1371 3587 apostolicam
1385 3503 1544 3566 benedic·

746 3613 882 3675 tionem.

786 3731 1297 3814 Abaquilonarevelatapertldia
1307 3726 1479 3805 succendit
1490 3725 1543 3787 ol-

747 3836 824 3907 lam,
833 3852 906 3912 qua>
918 3835 1022 3897 lactas
1029 3848 1199 3910 peueoves
1211 3828 1257 3908 (1)
1268 3842 1453 3907 puerosque
1466 3840 1543 3887 con·

747 3934 898 4010 sumpsit,
915 3933 947 3995 et
960 3933 1037 3993 dum
1048 3929 1259 3992 succenditur
1274 3923 1543 4005 persecutionum

746 4032 909 4107 angustiis
938 4029 1117 4102 suscitatis,
1148 4027 1214 4089 nisi
1238 4026 1405 4088 excitatus
1429 4023 1459 4082 is
1486 4020 1543 4098 qui

747 4130 888 4206 imperat
902 4129 1010 4191 ventis
1026 4131 1058 4189 ct
1073 4127 1156 4188 niori
1172 4125 1296 4188 statuat
1317 4122 1461 4184 medium
1474 4118 1545 4182 ior-

747 4228 839 4289 nacis
854 4228 950 4304 quasi
971 4228 1106 4288 ventum
1125 4225 1212 4287 roris
1234 4223 1380 4294 flantem,
1397 4221 1434 4281 ut
1456 4216 1543 4294 ignis

747 4326 920 4387 succensio
948 4324 1179 4401 conquiescat,
1207 4320 1390 4383 timendum
1411 4318 1462 4379 est
1483 4330 1544 4392 po-

746 4424 824 4501 pulo
850 4422 1033 4484 christiano
1064 4437 1106 4482 ne
1132 4436 1158 4481 a·
1188 4418 1414 4496 septentrione
1436 4414 1544 4474 inter-

746 4521 1053 4598 ceptusinllamma,
1062 4518 1103 4580 ab
1112 4518 1251 4588 oriente,
1264 4532 1304 4578 ac
1319 4512 1458 4575 meridie
1471 4509 1541 4570 ini-

746 4619 907 4680 micorum
942 4618 1051 4679 crucis
1081 4615 1215 4693 inJuriis
1251 4611 1463 4691 provocatus,
1500 4604 1542 4667 ab

746 4715 916 4777 occidente
939 4715 1114 4792 quassatus
1138 4710 1385 4789 superstitione,
1402 4704 1454 4765 rel
1480 4702 1544 4763 lio-

745 4828 819 4873 rum
839 4811 1009 4887 affligatur
1030 4812 1116 4872 inter
1139 4809 1322 4885 angustias
1346 4804 1379 4864 et
1397 4800 1542 4863 afflictus

746 4910 833 4971 inter
844 4909 1013 4969 molestias
1026 4906 1245 4982 angustietur.
1255 4905 1341 4963 Sane
1358 4912 1463 4975 nuper
1474 4894 1543 4957 ini-

746 5007 881 5084 quitatis
894 5006 952 5067 illo
967 5005 1055 5066 illius
1071 5004 1112 5064 ad
1123 5002 1314 5079 aquilonem
1329 4996 1439 5075 posuit
1452 4995 1552 5057 thro·

745 5121 823 5165 num
848 5121 945 5165 suum
964 5103 1124 5180 expetens
1144 5100 1179 5161 ut
1202 5097 1365 5159 cribraret
1377 5093 1462 5155 sicut
1477 5092 1542 5154 tri-

744 5202 1014 5279 ticumpopulum
1026 5193 1388 5267 christianum,dumin
1399 5189 1542 5253 circuitu

746 5303 818 5377 ejus
833 5299 964 5377 pararit
975 5297 1126 5368 insidias
1144 5296 1177 5358 et
1188 5295 1297 5373 ipsum
1310 5291 1456 5368 undique
1466 5293 1543 5365 per-
1640 5302 1643 5307 ·

745 5502 916 5575 delegantis,
933 5500 961 5557 id
976 5507 1019 5557 est
1032 5498 1189 5557 lnnocontii
1205 5499 1256 5555 lll.
1475 5562 1479 5570 Ι
1534 5559 1540 5574 ,

781 5576 819 5645 tl)
836 5575 937 5628 l'cetus
948 5588 1016 5641 paru
1030 5586 1101 5628 occa.
1118 5572 1155 5630 lli
1169 5577 1235 5627 sunt
1246 5566 1352 5642 pagani
1366 5562 1453 5623 modo
1463 5568 1541 5621 tincti

744 5644 820 5703 unda
835 5642 1026 5716 baptismatis.
