3794 6166
182 322 223 385 15
647 318 823 383 HONORII
845 318 889 379 111
910 316 1060 379 OPERA.
1078 346 1117 363 ··
1133 318 1366 383 SERMONES.
1786 322 1825 385 16

183 478 261 559 qula
276 476 333 541 ubl
350 480 383 543 te
398 479 568 551 invenero,
588 478 634 540 ibi
653 480 686 542 te
696 478 865 558 judicabo.
885 478 978 541 Unde
1033 476 1145 557 (Prov.
1162 492 1186 552 r,
1207 477 1252 559 5).
1268 478 1392 541 Fidelis
1407 478 1497 540 enim
1512 479 1623 541 anima
1637 493 1712 541 cum
1729 492 1828 540 rece-

184 576 264 641 dicit
291 577 326 638 in
352 576 500 641 Levitico
521 598 529 637 ε
558 580 636 641 Non
656 592 764 649 screa,
794 576 890 649 idest,
912 592 977 639 non
1032 577 1119 653 perit
1132 576 1399 654 praedicationem
1415 575 1509 638 verbi
1523 577 1595 648 Dei,
1614 576 1643 638 si
1657 574 1700 637 ad
1721 577 1827 636 Deum

184 673 376 749 seminabis,
402 690 527 753 cortem
561 675 658 737 traam
683 678 821 737 diverso
847 676 978 737 scantiae
1033 675 1237 738 convortitur
1247 674 1395 736 carnalia
1408 675 1527 736 cuncta
1539 674 1737 752 despiciens,
1751 688 1827 752 quae

185 771 305 853 (Lavit.
321 790 394 845 111,
413 771 476 854 lo).
492 776 581 849 Ager
595 773 645 833 est
659 788 751 835 mens
766 772 911 834 hominis
926 770 978 835 vel
1033 787 1164 833 sursum
1186 773 1264 833 suut
1284 771 1419 848 qnaerit,
1448 786 1514 833 non
1537 788 1610 848 qua:
1634 786 1735 848 super
1756 770 1829 831 ter-

185 871 400 941 conscientia,
417 870 503 947 quod
524 870 609 932 sicut
632 884 714 945 ager
733 869 852 948 recipit
866 884 978 932 semen
1033 886 1120 946 ram3
1142 870 1212 933 odit
1229 869 1385 945 delicias:
1401 871 1491 930 amat
1505 869 1759 940 continentiam
1774 869 1830 929 ta-

184 970 222 1031 ut
244 968 345 1033 lactat
366 968 488 1030 honum
509 967 663 1039 fructum,
686 967 734 1030 ita
756 984 849 1029 mens
866 969 978 1030 nostra
1034 967 1075 1028 lis
1090 968 1202 1029 anima
1217 967 1305 1045 parit
1318 966 1512 1038 masculum,
1531 965 1627 1039 idest,
1642 964 1831 1027 rationabi-

185 1065 282 1130 dehet
297 1066 448 1144 recipere
465 1081 589 1137 semen,
607 1064 694 1127 idest
704 1065 842 1128 uerbum
859 1065 930 1137 Dei,
947 1066 980 1127 et
1034 1066 1098 1126 lem
1115 1081 1247 1127 sensum
1260 1064 1312 1127 vel
1326 1080 1408 1140 opus
1424 1064 1621 1141 perlectum,
1642 1062 1729 1140 quod
1744 1060 1830 1122 hene

184 1160 427 1227 lacerationum
440 1163 593 1225 auctum.
1034 1162 1249 1238 intelligendo
1275 1162 1380 1223 nutrit
1409 1161 1493 1224 illud
1519 1163 1598 1222 Deo.
1633 1159 1718 1233 Quia
1742 1158 1831 1221 sicut

225 1260 319 1324 Unde
331 1261 365 1323 iu
378 1261 578 1337 Evangelio:
596 1262 829 1323 ornotscroor
842 1262 900 1334 put
911 1274 980 1321 oon
1034 1261 1136 1322 Beata
1150 1260 1252 1335 Virgo
1269 1260 1421 1336 concepit
1435 1258 1602 1321 Christum
1619 1272 1678 1334 per
1693 1272 1832 1318 carnem

184 1358 431 1433 saottstmctum
444 1362 579 1428 horttcm,
590 1357 771 1419 excidetur
779 1357 814 1417 et
823 1359 981 1432 totpnem
1035 1356 1070 1417 in
1091 1358 1196 1428 utero,
1218 1356 1265 1418 ita
1285 1355 1392 1417 tidelis
1411 1356 1523 1416 anima
1542 1354 1639 1416 debet
1654 1354 1832 1431 concipere

184 1455 346 1519 mittetur
358 1454 489 1534 (Matth.
503 1469 562 1526 vu,
582 1452 645 1533 lo).
662 1454 737 1515 Non
752 1452 852 1514 dicit:
866 1454 980 1515 Omnis
1036 1455 1213 1526 Christum,
1234 1453 1330 1525 idest,
1347 1468 1430 1530 opus
1452 1451 1633 1529 perfectum
1649 1464 1708 1527 per
1730 1449 1832 1510 tidem

184 1551 376 1629 arborque
400 1567 466 1613 non
482 1550 562 1613 iacit
575 1550 718 1614 fructum
740 1550 796 1611 sed
819 1567 892 1628 quae
913 1566 981 1611 non
1035 1552 1071 1612 in
1102 1552 1213 1613 animo
1239 1572 1247 1611 :
1272 1553 1306 1612 et
1331 1550 1417 1611 sicut
1444 1550 1546 1610 Beata
1571 1549 1673 1623 Virgo
1701 1547 1834 1625 peperit

184 1648 266 1711 tacit
280 1647 423 1711 fructum
441 1646 575 1719 honum,
593 1648 709 1709 volens
727 1648 870 1723 intelligi
894 1647 980 1726 quod
1036 1648 1202 1711 Christum
1216 1648 1251 1709 in
1266 1646 1400 1718 saeculo,
1417 1647 1465 1708 ita
1484 1645 1591 1706 idelis
1606 1645 1719 1706 anima
1733 1642 1834 1706 dehet

115 1816 118 1821 ,
185 1744 314 1809 iaciunt
339 1746 470 1823 quidem
501 1746 643 1808 trucium
670 1745 817 1807 sednon
844 1744 979 1807 honum.
1036 1761 1155 1824 parere
1179 1744 1357 1816 Christum,
1374 1744 1469 1815 idest,
1487 1757 1570 1820 opus
1592 1740 1774 1820 perlectum
1796 1742 1834 1803 in

185 1841 287 1906 Verbi
314 1842 452 1919 gratia:
482 1844 699 1920 Eleemosyna
724 1841 831 1903 honus
855 1842 981 1904 tructus
1036 1859 1146 1921 opere.
1163 1842 1336 1913 Debemus,
1351 1841 1482 1911 iratres,
1499 1839 1692 1916 nosmetipsi
1707 1840 1834 1900 matres

185 1943 237 2005 est
256 1944 289 2004 et
311 1940 434 2004 bouum
454 1957 535 2019 opus
548 1942 634 2020 quod
650 1941 809 2002 Dominus
832 1941 983 2018 praecipit
1037 1957 1111 2003 esse
1127 1940 1262 2007 Christi,
1278 1939 1307 1999 si
1321 1939 1475 1999 volumus
1487 1952 1561 1999 esse
1573 1936 1673 2009 beati,
1690 1937 1720 1997 si
1733 1935 1836 1998 volu-

185 2040 222 2104 tn
246 2039 453 2116 Evangelio:
476 2040 564 2102 Date
585 2044 837 2114 cleranospncm
856 2040 889 2099 et
908 2054 984 2099 om-
1037 2055 1110 2100 mus
1125 2053 1198 2098 esse
1208 2036 1310 2113 justi:
1326 2035 1415 2098 beati
1429 2051 1489 2113 per
1507 2034 1659 2111 gloriam,
1671 2033 1755 2110 justi
1773 2047 1836 2111 per

185 2142 246 2201 :rto
255 2140 385 2200 marlida
398 2138 479 2199 sterit
490 2140 583 2198 voltis
592 2134 684 2215 (hnc.
702 2139 726 2208 l,
738 2134 804 2213 42).
819 2137 858 2197 Et
872 2135 906 2195 in
920 2138 983 2196 lic-
1037 2136 1189 2212 gratiam.

186 2234 395 2298 clesiastico:
411 2234 791 2311 srmtnqoaeetoipau
805 2234 984 2310 lalaconite
1077 2233 1240 2294 Debemus
1262 2232 1428 2293 Christum
1452 2231 1638 2308 concipere,
1664 2227 1836 2289 Christum

186 2338 400 2407 eleemosyna
418 2333 592 2409 emtinpuit
607 2333 787 2407 preconem
801 2330 915 2409 (Ecoli.
930 2346 980 2401 lli,
1037 2331 1215 2408 parturire,
1238 2330 1406 2393 Christum
1427 2344 1556 2406 parere,
1582 2327 1750 2388 Christum
1772 2340 1837 2386 na-

185 2429 252 2508 33).
276 2430 339 2491 Sed
358 2429 386 2489 si
403 2430 478 2506 quis
499 2429 594 2499 daret
608 2428 852 2505 eleemosynam
867 2428 908 2488 de
926 2442 984 2489 ra-
1037 2430 1106 2489 tum
1130 2427 1312 2505 possidere.
1333 2426 1544 2503 Concipimus
1564 2440 1644 2500 ergo
1665 2423 1834 2499 Christum

186 2527 275 2605 pinis
307 2542 366 2587 sen
396 2526 437 2587 ‹le
466 2526 562 2587 furtis
587 2527 620 2587 ot
640 2526 782 2595 caeteris,
808 2541 874 2585 non
897 2525 984 2586 esset
1038 2525 1219 2602 perfidem,
1238 2525 1442 2601 parturimus
1462 2522 1658 2600 perbonam
1672 2519 1835 2582 volunta·

185 2623 313 2686 tructus
340 2622 447 2683 honus
472 2622 528 2681 sed
556 2622 674 2682 malus.
702 2624 760 2683 Est
784 2636 897 2683 semen
917 2620 982 2681 bo·
1038 2624 1121 2691 tem,
1142 2621 1290 2698 parimus
1309 2637 1368 2698 per
1394 2621 1515 2682 honam
1541 2619 1723 2691 actionem,
1744 2632 1835 2693 gau-

187 2736 266 2783 num
288 2720 321 2781 et
344 2734 455 2781 semen
476 2718 610 2780 malum.
637 2722 755 2779 semen
778 2718 901 2779 honum
934 2719 985 2780 est
1038 2718 1187 2780 dabimus
1204 2719 1246 2780 de
1264 2720 1342 2779 nato
1357 2718 1426 2779 tilio
1441 2733 1500 2795 per
1514 2718 1673 2779 aeternam
1687 2714 1839 2777 retribu-

186 2817 325 2879 rorhum
354 2816 432 2888 nei,
469 2818 502 2879 et
536 2816 728 2894 praelieatio
759 2816 982 2893 praelatorum.
1038 2817 1173 2878 tionem.
1201 2815 1295 2879 Unde
1315 2816 1406 2877 canit
1428 2815 1598 2876 Ecclesia:
1620 2814 1754 2889 «Virgo
1775 2811 1837 2873 Dei

188 2916 309 2977 Samen
330 2915 454 2975 malum
473 2915 523 2976 e'st
542 2915 723 2991 peccatum.
754 2914 847 2975 Umle
867 2913 984 2975 Eccle-
1038 2914 1234 2986 ‹Genitrim
1255 2929 1352 2991 quem
1373 2914 1462 2974 totus
1480 2928 1546 2973 non
1568 2911 1658 2988 capit
1678 2909 1783 2981 orbis,
1799 2909 1837 2970 in

188 3012 363 3074 siasticus:
379 3015 456 3075 Non
472 3016 620 3074 scirotncs
632 3016 734 3082 artata,
750 3011 861 3073 ctnon
877 3011 985 3072 :netes
1038 3013 1129 3074 «tua
1148 3028 1184 3073 se
1205 3012 1327 3073 clausit
1344 3010 1476 3073 viscora
1499 3010 1606 3071 lactus
1629 3008 1776 3070 homo.»
1797 3006 1839 3068 m

188 3126 230 3173 ea
250 3112 444 3185 septuplum
468 3108 584 3188 (liceli.
604 3125 663 3179 mr,
684 3109 729 3188 3).
746 3110 887 3170 Peccata
908 3109 985 3170 sunt
1038 3110 1074 3171 in
1094 3110 1252 3171 Psalmo:
1279 3108 1414 3170 Veritas
1433 3110 1476 3170 cte
1498 3109 1596 3169 terra
1610 3105 1690 3167 orta
1710 3105 1775 3177 est,
1802 3104 1839 3166 et

188 3208 284 3285 quasi
299 3208 438 3269 semina.
456 3208 680 3269 seminatores
695 3207 773 3268 sunt
787 3207 844 3284 qui
859 3206 985 3268 iaciunt

188 3307 372 3384 peecatum.
382 3308 486 3366 Terra
497 3304 552 3365 uln
566 3306 749 3365 seminatur
758 3306 808 3365 est
819 3304 982 3375 internus,

187 3404 260 3465 sire
278 3419 371 3465 mens
395 3403 550 3464 hominis.
574 3404 700 3464 Messes
722 3406 799 3464 sunt
820 3403 985 3464 tormenta

188 3500 449 3563 innumerabilia
482 3501 514 3562 et
548 3500 691 3567 iutlnita,
721 3500 808 3577 quod
834 3500 985 3577 quamuis

187 3601 321 3677 peccata
355 3599 422 3661 sint
446 3598 643 3675 temporalia
672 3601 846 3669 tormenta,
874 3601 984 3659 tamen

187 3700 263 3758 sunt
278 3698 490 3773 sempiterna.
507 3678 631 3755 et'iileo
648 3694 889 3755 benedicitur:
910 3698 985 3755 Non

188 3792 333 3853 semines
354 3790 453 3859 mala,
477 3789 573 3855 idest,
594 3804 635 3849 ne
655 3788 758 3850 iacies
777 3793 928 3866 peccata,
954 3793 986 3851 et

188 3904 255 3951 uon
270 3893 374 3950 metes
386 3903 425 3949 ea
439 3888 473 3947 iu
487 3886 684 3963 septuplum,
701 3885 798 3955 idest,
810 3901 877 3945 non
892 3886 985 3945 atili-

190 3984 280 4061 geris
296 3983 524 4059 multipliciter
541 3984 575 4043 et
588 3981 793 4043 aeternaliter
813 3981 848 4041 in
861 3981 984 4042 tuturo.

230 4080 447 4159 septenarius
459 4095 617 4139 numerus
627 4080 761 4156 ponitur
770 4077 825 4139 hic
838 4094 898 4155 pro
909 4080 988 4140 uui-

188 4179 349 4241 rersitate
374 4180 408 4239 et
430 4176 610 4241 intlrritate:
633 4192 673 4237 eo
697 4176 784 4252 quod
808 4175 880 4236 dies
906 4179 987 4237 anni

191 4280 268 4338 erint
287 4280 424 4354 septem.
445 4276 485 4336 Et
506 4273 592 4336 sicut
610 4274 681 4333 dies
700 4272 756 4333 isti
776 4289 907 4351 semper
926 4290 986 4335 re-

186 4374 371 4436 solvuntur
391 4376 424 4434 et
443 4376 631 4435 recurrunt.
655 4371 702 4432 ita
725 4373 890 4433 tormenta
910 4388 988 4448 per-

189 4473 288 4551 petua
309 4486 440 4548 scearper
454 4470 673 4531 resolvuntur
686 4468 721 4529 in
736 4468 906 4546 reprobos.
927 4468 987 4529 Ille

190 4570 272 4632 serit
288 4586 406 4647 agrum
420 4584 516 4629 suum
533 4566 665 4627 diverso
680 4566 807 4627 semine
824 4566 880 4643 qui
900 4582 988 4643 prte-

189 4668 279 4731 (licat
295 4668 349 4729 sel
367 4664 487 4744 recipit
507 4666 542 4726 in
562 4668 674 4725 mente
692 4679 752 4724 sua
772 4663 986 4740 praedicatio-

189 4781 265 4827 nem
292 4766 460 4837 eeelesiae,
488 4766 521 4825 et
549 4761 820 4842 praedicationem
847 4759 985 4823 haereti-

190 4878 316 4924 corum.

231 4962 311 5021 item
330 4958 475 5019 :mulier
493 4976 567 5036 qaae
587 4960 742 5035 suscepto
757 4956 884 5017 semine
900 4958 988 5032 parit

190 5056 386 5119 masculum.
399 5058 465 5116 Per
476 5055 660 5117 masculum
674 5054 892 5129 intelligimus
904 5069 987 5129 opus

190 5154 385 5233 perlectum.
409 5152 481 5213 siue
500 5151 708 5229 spiritualem
726 5166 872 5211 sensum.
896 5153 987 5211 'irino

1039 3210 1138 3268 terra
1149 3207 1269 3267 nostra
1279 3206 1372 3267 dedit
1381 3204 1535 3280 strictum
1544 3219 1649 3265 stszsm
1661 3201 1768 3282 (Psal.
1783 3203 1837 3270 84,

1040 3303 1166 3383 12-13).
1186 3306 1265 3365 llaec
1285 3306 1336 3364 est
1354 3303 1414 3364 illa
1430 3304 1520 3364 terra
1535 3301 1575 3363 (le
1590 3316 1654 3378 qua
1669 3300 1839 3361 secundus

1039 3402 1143 3463 Adam
1158 3401 1319 3463 formatus
1333 3404 1385 3463 est
1398 3398 1529 3477 quando
1544 3398 1720 3460 inclinarit
1733 3396 1841 3459 coelos

1039 3501 1073 3562 ot
1082 3499 1262 3561 descendit.
1275 3501 1354 3560 liaeo
1363 3500 1514 3560 estterra
1525 3496 1565 3557 do
1575 3512 1639 3573 qua
1649 3496 1699 3557 ait
1708 3496 1838 3557 isaias:

1039 3600 1167 3660 Rorete
1185 3600 1261 3661 coelt
1281 3599 1431 3671 desuper
1448 3596 1483 3657 et
1502 3597 1606 3656 :zaroes
1619 3593 1744 3668 plicant
1756 3596 1842 3665 Jus-

1040 3696 1124 3765 tum,
1140 3696 1324 3767 aperiatur
1334 3696 1432 3754 terra
1447 3693 1481 3754 et
1494 3692 1665 3768 pertitinet
1678 3690 1842 3753 Sulcato-

1040 3807 1116 3853 rem
1139 3790 1196 3869 (ls.
1212 3806 1288 3862 xiv,
1311 3788 1357 3869 8).
1377 3792 1416 3851 Et
1435 3790 1471 3850 in
1484 3788 1616 3850 Psalmo
1637 3810 1645 3847 :
1665 3791 1841 3851 Hiernints

1042 3888 1190 3962 intinctus
1209 3889 1360 3959 toetislcat
1377 3888 1553 3950 civitatem
1576 3890 1639 3948 Dei
1645 3932 1654 3956 ,
1677 3886 1843 3958 saiacttlt-

1040 3987 1132 4047 ecrit
1146 3987 1400 4047 taherrmmahon
1411 4001 1514 4047 sacram
1524 3985 1733 4055 Altlssinms,
1745 3988 1842 4046 Delas

1042 4087 1076 4143 tn
1090 4087 1201 4144 :orento
1215 4087 1291 4156 ejus
1304 4099 1371 4144 non
1385 4083 1654 4144 corrrnlorebltro·
1666 4081 1774 4159 (Psal.
1787 4082 1840 4153 45,

1040 4180 1129 4257 5-6).
1152 4183 1230 4241 Haec
1254 4181 1373 4242 civitas
1393 4182 1445 4242 est
1463 4180 1565 4256 l'irgo
1587 4179 1694 4240 Maria
1713 4179 1755 4239 de
1773 4194 1842 4257 qua

1040 4278 1163 4340 dieitur
1178 4300 1186 4337 :
1202 4282 1357 4340 Glmtosa
1376 4280 1466 4339 elicta
1485 4280 1566 4339 sum
1587 4281 1629 4338 cle
1648 4278 1693 4347 tc,
1713 4278 1843 4337 ciuitas

1041 4377 1105 4435 Dei
1127 4372 1230 4452 (Psal.
1255 4376 1306 4441 86,
1329 4372 1374 4453 3).
1392 4377 1486 4434 Hanc
1502 4373 1671 4434 ciuitatem
1693 4371 1845 4434 laetificat

1041 4471 1188 4532 fluminis
1210 4472 1362 4549 impetus,
1390 4471 1528 4541 scilicet,
1555 4470 1665 4545 gratia
1695 4470 1843 4546 Spiritus

1042 4569 1166 4630 Sancti.
1184 4570 1230 4629 De
1249 4569 1311 4629 hoc
1332 4569 1468 4629 flumine
1488 4567 1567 4628 dicit
1581 4569 1755 4629 ioannes:
1776 4570 1844 4634 Oai

1040 4668 1150 4727 credit
1166 4670 1200 4726 in
1214 4682 1279 4733 ine,
1296 4667 1442 4737 niriirina
1452 4667 1494 4725 de
1506 4665 1628 4724 venne
1639 4666 1717 4735 ι’]ιιε
1730 4664 1843 4737 artent

1040 4779 1140 4836 uqaroe
1153 4768 1185 4824 τι·
1189 4779 1240 4823 1·ae
1253 4763 1284 4840 (J
1287 4779 1363 4824 oan.
1376 4778 1435 4831 ru,
1447 4760 1513 4839 38).
1526 4763 1563 4820 Et
1577 4765 1692 4836 postea
1703 4760 1844 4838 subjun-

1041 4858 1839 4937 gitErangelista:Hocautemrllmtoleseh-itm

1041 4960 1278 5031 sollempnem
1295 4959 1471 5031 accepturi
1485 4956 1588 5017 erant
1605 4958 1788 5019 cra'dcntes
1803 4958 1843 5017 tro

1041 5071 1119 5117 enm
1133 5055 1241 5133 tibia..
1256 5054 1322 5131 39).

1082 5153 1173 5224 Quod
1208 5152 1293 5214 dixit
1327 5154 1521 5215 cit-itatem.
1553 5156 1669 5229 postea
1707 5152 1842 5215 vocarit

188 5268 271 5329 ergo
285 5250 406 5311 mulier
424 5251 580 5325 suscepto
594 5248 722 5309 semine
743 5248 832 5324 parit
849 5263 985 5309 mascu—
1042 5252 1312 5321 tami-acceium,
1338 5249 1477 5311 seilicet.
1502 5252 1639 5311 Beatam
1665 5250 1841 5327 Virginem

190 5350 270 5417 lum,
292 5345 425 5425 quaudo
448 5345 556 5408 tidelis
577 5346 690 5406 anima
712 5348 844 5422 recepta
863 5346 988 5423 praedi-
1040 5365 1139 5426 quiam
1161 5347 1392 5409 sanctini-avit.
1412 5348 1496 5408 illest
1513 5347 1554 5408 ab
1574 5346 1736 5423 originali
1757 5364 1840 5425 pec-

188 5448 321 5509 catione
342 5443 436 5506 rerhi
460 5444 520 5505 Dei
538 5446 678 5520 generat
700 5458 783 5520 opus
806 5443 986 5521 perlectum
1041 5452 1115 5507 cato
1130 5446 1300 5506 mmuiaxit
1323 5446 1356 5505 in
1377 5450 1488 5507 utero.
1509 5446 1614 5507 multo
1637 5446 1748 5523 magis
1775 5461 1839 5507 re-

189 5545 242 5606 ret
257 5541 456 5605 rationalem
470 5555 615 5601 sensum.
632 5542 717 5601 Nam
731 5544 822 5609 iuxta
836 5542 988 5603 Salomo-
1040 5560 1114 5605 rum
1142 5550 1191 5603 est
1218 5545 1259 5603 de
1282 5542 1429 5619 Virgine.
1462 5546 1554 5604 llanr
1583 5547 1696 5605 autem
1722 5542 1841 5606 hahuit

190 5658 266 5705 urm
296 5664 305 5700 :
334 5642 487 5703 ,treticus
521 5642 662 5713 sapiens
694 5640 887 5713 sapientior
916 5642 986 5700 erit
1041 5642 1297 5719 praerogativam
1312 5643 1412 5702 Beata
1431 5642 1544 5717 l'irgo.
1561 5641 1647 5719 qual
1663 5646 1839 5719 pstquam
