3802 6166
206 527 559 657 nonoon
618 531 752 689 111,
803 529 1280 661 roornuurs
1340 530 1676 658 sonant

547 939 1328 1179 bristollia

377 1451 579 1540 PRIMA
627 1449 774 1541 vicu
822 1450 889 1539 IN
937 1450 1120 1544 UNUM
1169 1453 1498 1544 collusum

629 2107 880 2235 LIBER
926 2106 1253 2237 PRIMUS

506 2542 527 2628 Ι
967 2534 1102 2597 Oriente
1117 2549 1156 2597 ec
1168 2534 1345 2597 Occidente
1362 2536 1542 2611 congregat
1554 2533 1618 2596 sibi
1634 2550 1759 2608 semen,

966 2635 1000 2698 et
1021 2631 1103 2696 dicit
1116 2632 1292 2711 Aquiloni:
1305 2630 1364 2710 de;
1389 2632 1423 2694 et
1440 2633 1580 2695 Austro:
1598 2632 1666 2695 noli
1681 2649 1761 2711 pro-

115 2740 169 2800 Ad
198 2740 368 2801 Joouuem
402 2753 521 2817 repetat
559 2742 913 2816 Hierosolpmttattrtm
966 2729 1093 2800 hibere,
1115 2731 1152 2794 ut
1173 2728 1373 2808 1111,quibus
1397 2729 1523 2792 arridet
1544 2730 1760 2809 prosperitas,

422 2853 455 2912 lb
465 2853 518 2928 jul.
535 2854 614 2913 lile.
966 2827 1054 2891 tilios
1068 2826 1241 2907 Aquilonis
1256 2826 1416 2906 impedire
1431 2843 1497 2890 non
1510 2828 1638 2906 possint
1646 2828 1762 2891 venire

118 2984 912 3052 [Rege-strati,n·l.-neynald.Annalesaeetesiastiei,ad
966 2943 1002 2989 m
1020 2929 1163 3038 {rapam
1187 2925 1343 2999 fflmrum'
1368 2941 1434 3036 qua,
1457 2928 1550 3037 pom
1568 2926 1711 2989 humsses
1726 2944 1762 2989 ¹¹¹

391 3079 487 3117 annum
497 3067 566 3127 ωδ,
575 3070 587 3129 5
597 3067 648 3135 ts]
966 3023 1111 3098 sublimi,
1120 3025 1153 3085 et
1161 3023 1337 3086 moerentes
1352 3025 1451 3101 errgrt
1461 3024 1630 3102 sospitate.
1641 3027 1761 3097 Quum·

966 3138 1030 3205 oue
1044 3118 1394 3199 incomprehensibilia
1418 3122 1485 3183 sint
1494 3123 1623 3200 jndioia
1642 3140 1714 3196 sna,
1729 3125 1763 3185 ct

119 3200 261 3257 Honorius
280 3202 320 3258 lll
343 3202 482 3258 loannem
500 3215 600 3275 regem
620 3202 911 3278 Hierosolymitanum
967 3217 1763 3299 panstjgabflegejusviae‚1stud0xejst0n0mus

152 3290 302 3346 certiorem
316 3287 384 3346 lacit
398 3288 433 3347 de
443 3290 520 3348 obitu
529 3292 689 3349 innocentii
699 3308 746 3365 pp.
757 3291 912 3366 predeces
966 3333 1026 3396 pm
1041 3318 1132 3380 cmo
1147 3316 1233 3395 quod
1250 3317 1361 3379 omnia
1370 3319 1461 3396 justo
1475 3317 1556 3379 facit
1564 3318 1691 3397 judicio
1701 3318 1764 3380 „04

152 3378 231 3479 soris.
240 3379 286 3479 sul
296 3385 324 3435 et
340 3376 376 3435 de
390 3380 529 3438 electione
539 3394 590 3439 sna
606 3380 635 3438 in
655 3381 837 3456 episcopatus
851 3384 908 3442 llo·
966 3415 1134 3478 histum
1145 3413 1320 3488 ineffabili,
1334 3416 1368 3477 et
1386 3415 1526 3478 occulto·
1549 3417 1636 3477 Sane
1654 3416 1762 3478 felicis

154 3482 353 3540 m⁰⁰¹⁰p¹⁰em
369 3464 423 3541 m·
967 3510 1408 3575 recordationislnnocentio
1417 3515 1507 3590 Papa
1518 3513 1763 3591 praedecessore

159 3611 830 3690 Honoriusepiscopus,servusservorum
840 3615 911 3690 Dei,
968 3609 1233 3689 nosnoseptimo
1248 3608 1377 3673 decimo
1396 3609 1464 3672 kal.
1480 3610 1632 3688 Augusti,
1653 3612 1763 3675 soluto

118 3709 291 3773 carissimo
306 3710 341 3771 in
356 3711 486 3774 Christo
498 3711 567 3773 illio
582 3713 707 3786 nostro,
715 3713 786 3791 regi
799 3714 915 3777 Hiero·
968 3707 1077 3772 debito
1090 3708 1213 3784 carnis,
1236 3708 1277 3770 ad
1290 3699 1461 3785 regionem
1477 3710 1668 3771 sanctornm
1692 3710 1764 3788 spi·

119 3807 316 3885 solymitano
337 3807 470 3883 illustri,
487 3809 676 3874 salutemet
698 3811 914 3890 apostolicam
968 3807 1102 3880 rituum,
1115 3807 1152 3870 ut
1160 3804 1338 3880 credimus,
1347 3808 1496 3879 euocato,
1510 3807 1701 3886 etsequenti
1709 3808 1763 3871 die

118 3904 393 3969 benedictionem.
968 3903 1144 3969 celebratis
1159 3903 1338 3984 exsequiis,
1354 3906 1453 3983 atque
1467 3921 1542 3967 cum
1557 3905 1683 3969 honore
1704 3905 1765 3968 de-
1895 3952 1898 3957 .

158 4005 298 4080 Magnus
327 4004 497 4079 Dominus,
527 4007 561 4068 et
588 4006 769 4070 laudabilis
801 4008 913 4082 nimis,
968 4001 1037 4067 bito
1061 4002 1222 4066 collocato
1248 4003 1354 4082 ipsius
1379 4019 1518 4082 corpore
1537 4004 1573 4065 in
1591 4004 1762 4083 sepulcrm

118 4102 284 4178 gloriosus
299 4103 333 4163 in
349 4103 484 4175 sanctis,
499 4102 661 4166 mirabilis
680 4104 715 4167 in
733 4106 917 4186 majestati·
969 4118 1036 4165 una
1050 4118 1125 4165 oum
1137 4102 1295 4165 iratribus
1303 4101 1474 4165 nostrised
1484 4102 1674 4180 eligendum
1689 4119 1766 4167 con·

118 4198 191 4272 bus,
214 4198 404 4278 faciensque
419 4199 581 4279 prodigia,
598 4200 751 4266 immutet
766 4205 916 4283 tempora
969 4201 1121 4263 venimus
1134 4214 1376 4277 successorem
1392 4202 1426 4262 et
1442 4199 1496 4262 die
1509 4200 1607 4263 tertio
1618 4203 1763 4280 Spiritus

119 4297 186 4358 alto
197 4312 266 4358 suae
282 4297 508 4375 dispositionis
525 4298 675 4372 consilio,
690 4302 744 4363 oui
764 4301 917 4366 consilia·
971 4297 1083 4362 Sancti
1098 4298 1207 4376 gratis
1221 4299 1387 4371 invocata,
1402 4313 1503 4377 super
1521 4298 1585 4362 hoo
1605 4300 1766 4363 tractaui-

119 4394 192 4456 rius
212 4395 298 4455 alius
316 4411 381 4457 non
397 4395 521 4470 existit,
536 4396 570 4459 et
583 4395 680 4460 vocat
692 4412 742 4470 ea,
760 4415 834 4477 qnae
849 4416 915 4463 non
970 4414 1043 4459 mus
1058 4396 1245 4475 diligenter,
1261 4397 1382 4474 etpost
1403 4397 1582 4461 tractatum
1600 4396 1765 4459 diutinum

120 4493 207 4563 sunt,
219 4493 436 4570 tanquames,
453 4494 622 4572 quaesunt,
635 4496 670 4557 ut
681 4511 746 4558 non
755 4496 917 4575 glorietur
971 4496 1095 4574 placuit
1107 4494 1264 4557 iratribus
1280 4495 1448 4558 universis
1460 4494 1609 4558 humeris
1629 4495 1765 4567 nostris,

121 4590 230 4653 omnis
243 4606 320 4653 caro
335 4592 370 4653 in
390 4592 568 4670 conspectu
582 4595 666 4671 eJus,
683 4595 740 4656 sed
758 4597 918 4673 quemad·
971 4593 1122 4673 quamvis
1151 4592 1448 4666 insufficientibus,
1478 4593 1649 4671 imponere
1682 4608 1766 4656 onus
1863 4632 1867 4641 ·

119 4688 253 4751 modum
282 4690 439 4766 seriptum
470 4691 550 4754 est:
577 4693 640 4758 oet
662 4695 845 4769 promatur,
879 4699 917 4758 trt
970 4692 1077 4768 istnd3
1104 4693 1137 4754 et
1155 4691 1234 4753 licet
1259 4691 1427 4770 inprimis
1447 4690 1642 4751 duxerimus
1662 4692 1767 4754 resis-

119 4789 266 4848 Domtno
280 4787 448 4863 prometur
463 4784 521 4867 (2).
545 4790 619 4866 lpse
636 4804 779 4867 namque
793 4790 849 4854 dat
863 4808 918 4855 se-
971 4790 1117 4863 lendum,
1133 4790 1300 4851 notamen
1322 4789 1511 4850 videremur
1525 4788 1692 4851 vocationi
1716 4790 1769 4851 di·
1801 4804 1807 4815 ·

122 4886 289 4946 craterum
303 4885 505 4947 scrutatores
516 4887 609 4964 quasi
620 4903 686 4949 non
697 4889 775 4961 sint,
786 4890 918 4954 etvelut
971 4886 1768 4967 vinaeresistere‚srtbmissimushumerosadpor-

120 4983 241 5043 inanes
265 4982 397 5060 judices
418 4984 516 5045 terrae
539 4983 629 5059 iacit,
653 4986 839 5050 arefaciens
849 4989 919 5051 sta-
971 4987 1120 5062 tandum3
1137 4987 1309 5063 sperantes
1324 4985 1360 5045 in
1375 5000 1425 5056 eo,
1445 4985 1502 5062 qni
1510 4983 1642 5061 linguas
1656 4985 1768 5048 inlan-

120 5096 197 5156 gna,
236 5080 374 5143 flumina
408 5081 443 5143 in
476 5080 604 5145 insulas
644 5083 848 5159 collocando,
876 5086 918 5149 ab
971 5082 1768 5160 tiumlacitdisertas,r1nodipse,quivotafratrum

158 5257 199 5330 (l)
211 5257 349 5317 Postridie
361 5258 424 5332 eins
438 5258 494 5317 diei
509 5275 565 5333 quo
577 5261 720 5322 Honorius
733 5271 920 5323 consecratus
973 5260 1143 5336 solymiteno
1157 5261 1221 5333 regi
1232 5258 1416 5333 significavit,
1432 5259 1631 5334 pollicitusque
1646 5268 1690 5319 est
1704 5276 1765 5319 otn-

122 5338 174 5398 est,
191 5328 340 5389 christiani
364 5330 441 5389 orbis
463 5337 524 5389 turn
553 5332 689 5404 presules
714 5348 749 5391 ac
766 5335 920 5409 religiosos
974 5347 1040 5391 nem
1065 5348 1096 5389 se
1119 5346 1237 5405 operam
1260 5345 1294 5389 ac
1318 5330 1441 5390 modium
1466 5330 1608 5402 daturum,
1623 5340 1655 5389 ut
1677 5334 1771 5389 l'orrre

121 5400 208 5465 viros,
222 5415 345 5472 quorum
357 5402 444 5459 etiarn
459 5401 591 5475 precibus
615 5405 770 5477 plurimum
785 5420 817 5464 se
835 5421 917 5464 com·
974 5406 1086 5463 sancte
1095 5402 1248 5461 auxiliares
1261 5403 1353 5486 copies
1366 5402 1608 5462 submitterentur.
1617 5402 1768 5476 (llaynald,

123 5470 280 5540 mendant,
293 5479 353 5531 turn
375 5473 461 5531 etiam
476 5488 563 5546 reges
578 5488 613 5532 ac
647 5476 718 5533 rioci
756 5478 921 5538 soertiores
974 5475 1101 5534 doceto
1114 5473 1319 5545 Eccloetostiot,
1335 5472 1371 5533 ad
1385 5488 1493 5533 annum
1507 5475 1587 5546 ltro,
1602 5474 1617 5548 l
1633 5474 1677 5532 il.

122 5540 163 5626 de
174 5557 227 5600 sne
245 5543 385 5626 electione
411 5542 486 5602 lecit.
515 5546 552 5629 dt
572 5545 603 5603 tn
627 5491 709 5629 ssontt
730 5547 777 5631 cio
795 5549 922 5633 liegesto

123 5628 246 5684 [trimum
259 5614 389 5673 obtinent
410 5617 503 5674 locum
519 5616 629 5687 lrtterre,
644 5616 749 5690 anbus
763 5618 792 5677 rd
815 5621 918 5677 llrero·
1011 5589 1052 5668 (ξ)
1068 5594 1092 5665 ¹²
1108 5592 1173 5651 σθ’·
1188 5606 1208 5663 ¹›
1225 5589 1269 5649 3¹·

267 5782 379 5829 rumor.
400 5786 475 5829 roua
495 5772 531 5831 ll.
1582 5768 1607 5823 i·
