3802 6166
743 331 921 396 nouauit
941 331 988 397 111
1008 332 1157 397 OPERA.
1724 330 1765 396 ta

489 502 545 590 IX

119 686 170 745 Ab
182 678 381 762 abbatemet
401 680 607 743 conventum
626 683 667 743 tte
691 685 912 746 camberono.

432 794 450 852 b
465 808 532 868 aug.
546 794 625 853 1116.

146 923 316 985 [Monuments
330 935 396 988 pour
407 923 510 974 serviri
524 921 649 973 l'bistoire
661 921 705 972 des
715 919 849 987 provinces
859 918 890 970 de

337 1004 441 1062 Namur,
452 1009 472 1054 t.
483 1003 515 1064 ll,
525 1002 598 1068 p.20,
609 1014 638 1053 6ο
646 1002 697 1067 ln]

121 1120 310 1193 Privilegium
322 1134 372 1193 per
383 1118 458 1192 quod
475 1118 612 1188 decimas,
629 1118 836 1192 possessiones,
851 1116 914 1175 loca

156 1217 185 1266 et
199 1223 347 1283 personas,
358 1208 411 1267 sub
426 1212 457 1268 B.
474 1209 548 1268 Petri
562 1209 737 1282 protectione
751 1214 779 1265 et
789 1222 912 1265 suasus·

156 1298 226 1370 cipit
238 1299 381 1357 Honorius
390 1300 478 1371 Papa.

161 1431 912 1512 HonoriusepiscopusservusservorumDei,

123 1531 252 1593 dilectis
263 1531 343 1592 filiis
356 1531 467 1593 abbati
482 1532 515 1595 et
529 1531 708 1593 conventui
720 1529 760 1592 de
774 1528 915 1592 Camba-

120 1645 216 1703 rona,
230 1629 460 1692 cisterciensis
471 1629 610 1703 ordinis,
622 1628 806 1692 salutemet
817 1644 917 1708 apos·

122 1726 507 1789 licambenedictionem.

163 1826 277 1885 Cuma
302 1823 397 1886 nobis
421 1824 554 1901 petitur,
578 1822 804 1902 quodjustum
819 1822 870 1885 est
884 1822 917 1885 et

122 1921 309 1993 honestum,
323 1921 391 1982 tam
411 1921 507 1996 vigor
530 1920 695 1999 aequimtis
710 1935 808 1996 quam
836 1917 916 1981 ordo

88 2084 91 2091 ,
122 2019 228 2095 exigit
251 2018 447 2088 communis,
463 2019 499 2081 ut
517 2017 551 2079 id
575 2032 634 2095 per
659 2014 917 2078 sollicitudinem

123 2115 226 2177 officii
243 2115 350 2178 nostri
368 2114 410 2177 ad
432 2114 577 2177 debitum
592 2112 792 2192 perducatur
811 2111 916 2175 effec-

122 2214 208 2276 tum.
230 2214 429 2291 Eapropter,
465 2212 577 2274 dilecti
602 2212 638 2273 in
664 2211 802 2274 Domino
833 2210 916 2285 filii,

123 2310 245 2371 vestris
264 2311 365 2388 justis
388 2309 542 2388 precibus
567 2306 731 2382 inclinati,
757 2322 917 2386 personas

123 2409 252 2471 uestras
263 2408 296 2470 et
309 2408 417 2469 locum
426 2408 461 2468 in
472 2424 536 2485 quo
546 2407 659 2470 divino
670 2406 749 2469 estis
760 2405 917 2484 obsequio

124 2507 316 2584 mancipati,
333 2521 407 2567 cum
423 2504 576 2567 omnibus
597 2503 694 2567 bonis
720 2505 789 2567 tarn
810 2504 920 2566 eccle-

125 2604 271 2666 siasticis
297 2619 397 2681 quern
421 2603 610 2675 mundanis,
627 2602 750 2680 quaein
766 2617 917 2680 praesen-

124 2702 248 2763 tiarum
284 2700 529 2763 rationabiliter
562 2699 762 2778 possidetis,
793 2700 850 2762 aut
882 2698 918 2760 in

125 2799 247 2861 futuris
262 2800 363 2878 justis
386 2798 493 2861 modis
507 2799 686 2877 praestante
700 2798 839 2860 Domino
853 2812 918 2874 po-

125 2896 234 2959 teritis
258 2895 410 2975 adipisci,
440 2895 500 2958 sub
520 2895 609 2957 beati
638 2896 727 2958 Petri
752 2896 785 2957 et
806 2895 919 2956 nostra

126 2996 331 3074 protectione
356 2993 566 3072 suscipimus.
596 2991 790 3071 Specieliter
809 2992 919 3054 autem

127 3095 274 3157 decimas
289 3093 329 3154 de
343 3091 489 3161 burbiso,
506 3092 546 3153 de
566 3089 710 3160 Maenui,
739 3090 779 3151 de
802 3089 918 3167 Ligna,

127 3192 167 3253 de
181 3191 330 3265 Fraisne,
342 3190 383 3252 de
398 3189 581 3267 Udeguien,
593 3187 862 3261 deWasnebeolr,
879 3187 920 3249 de

126 3289 273 3361 Volane,
287 3289 328 3351 de
343 3289 440 3361 Lens,
457 3287 497 3349 de
511 3285 686 3350 Herbisuel
698 3286 731 3348 et
743 3284 783 3348 de
797 3286 918 3361 Naste;

127 3386 355 3465 possessiones
382 3400 511 3465 qnoque
550 3385 673 3447 atalia
699 3381 786 3447 bona
809 3384 920 3446 restra

128 3484 215 3546 sicut
226 3500 266 3546 ea
281 3484 392 3546 omnia
412 3482 502 3562 juste
517 3484 550 3545 et
571 3481 710 3561 pacifice
731 3481 918 3561 possidetis,

126 3581 221 3644 vobis
242 3583 276 3645 et
286 3598 346 3659 per
363 3597 434 3651 vos,
450 3579 650 3643 monasterio
670 3580 780 3642 restro
800 3581 920 3641 aucto-

126 3679 226 3742 ritate
240 3678 430 3757 apostolica
448 3678 681 3741 confirmamus
699 3679 732 3740 et
748 3677 921 3756 praesentis

128 3777 245 3853 scripti
258 3775 443 3854 patrocinio
467 3775 719 3837 communimus.
736 3774 829 3836 Nulli
842 3789 921 3851 ergo
991 3824 994 3830 .

131 3874 266 3935 omnino
289 3873 461 3935 bominum
481 3872 598 3944 bceat,
617 3873 679 3934 eto.
702 3872 819 3933 Datrrm
852 3874 920 3933 Pe-

127 3971 223 4042 rusii,
238 3973 268 4032 11
290 3987 396 4033 nonas
417 3970 569 4048 Augusti,
586 3967 795 4047 pontificatus
816 3967 921 4031 nostri

127 4083 216 4131 anno
226 4083 345 4146 pr1mo.

507 4201 542 4288 X

167 4373 220 4434 Ad
233 4372 446 4447 Stephanum
461 4371 616 4433 abbaterio
630 4370 662 4431 ct
676 4369 881 4432 cortorulum

413 4470 632 4533 Castttetues.

433 4580 527 4654 reug.
544 4580 623 4637 rara.

189 4691 282 4758 Hosti,
302 4689 386 4742 Storia
406 4688 475 4739 della
492 4685 855 4833 11611611]116116-0666116,

436 4775 457 4819 t.
471 4768 503 4827 ll,
517 4783 542 4833 p.
553 4767 610 4818 tot.

127 4895 272 4968 Stephano
283 4894 378 4955 abbati
391 4901 420 4952 et
428 4892 581 4952 conventui
593 4891 794 4951 casinensibus
803 4890 916 4949 scribit:

162 5005 174 5033 ι
198 4985 258 5041 Nos
282 4982 320 5040 sd
344 4982 490 5054 exemplar
514 4980 672 5039 innocentii
698 4978 919 5052 predecessoris

160 5072 250 5128 nostri
270 5069 464 5140 declaramus,
488 5070 674 5127 instrumenta
694 5067 811 5140 majoris
829 5068 918 5140 partis

159 5165 319 5218 conventus
348 5157 556 5230 subscriptione
583 5157 719 5225 carentia,
747 5171 809 5229 quas
832 5170 919 5229 super

159 5245 380 5306 alienationibus
395 5245 490 5303 illicite
505 5244 586 5303 lactis
603 5247 630 5302 in
643 5244 836 5319 prejudicium
851 5260 915 5301 ves·

159 5337 194 5393 tri
208 5332 375 5393 monasterii
387 5341 453 5391 sunt
464 5331 604 5403 coniecta,
616 5348 672 5392 non
685 5332 813 5391 obtinere
827 5332 914 5390 drmi-

159 5431 258 5483 tatem.
277 5443 288 5475 r

165 5558 332 5623 Honorius
372 5557 559 5642 episcopus,
595 5573 710 5620 servus
745 5554 916 5619 serrormu

124 5658 195 5733 liei,
209 5658 272 5721 etc.

1008 493 1117 557 Obicit
1130 490 1766 572 nostridebitumexigitut,cumeccle-

968 590 1095 652 siarum
1120 591 1268 653 omnium
1292 607 1417 664 curam,
1444 594 1477 653 et
1504 592 1765 653 sollicitudinem

968 689 1151 761 teneamus,
1177 688 1241 761 bis,
1258 705 1331 766 quse
1352 690 1386 750 in
1403 705 1517 751 earum
1532 690 1765 767 praejudicium

970 802 1029 862 per
1042 787 1270 848 ministrorum
1288 786 1498 849 insolentiam
1519 803 1692 864 perperam
1708 791 1765 851 at-

968 885 1155 957 tentantur,
1185 901 1244 962 per
1266 885 1437 963 providam
1463 886 1670 961 diligentiam
1700 886 1764 947 ob-

968 983 1088 1055 vietur,
1111 983 1143 1043 et
1168 997 1282 1044 earum
1305 981 1577 1044 indemnitatibus
1597 983 1766 1060 aequitatis

967 1079 1128 1141 beneflcio
1139 1082 1361 1142 succurratur.
1374 1083 1453 1141 Cum
1466 1080 1568 1157 igitur
1580 1096 1681 1158 super
1696 1080 1763 1153 bis,

969 1194 1042 1255 quae
1056 1178 1092 1239 in
1109 1178 1337 1255 praejndicium
1351 1180 1453 1241 vestri
1469 1179 1663 1239 monasterii
1676 1179 1765 1239 alie-

968 1276 1046 1335 nata
1076 1275 1152 1337 sunt
1183 1275 1298 1336 illicite
1329 1276 1382 1336 vel
1412 1275 1582 1348 distracta,
1609 1275 1766 1335 abbatum

969 1371 1187 1433 alienantium
1199 1373 1381 1450 appareant
1391 1373 1609 1434 instrumenta
1623 1373 1765 1434 dirorum

968 1469 1022 1532 vel
1036 1468 1137 1531 trium
1155 1470 1214 1533 aut
1227 1485 1407 1547 paucorum
1420 1470 1658 1531 monachorum
1675 1470 1770 1530 subs-

969 1564 1131 1645 criptione
1155 1567 1285 1645 signata
1313 1570 1347 1630 et
1364 1568 1494 1647 jndices
1521 1567 1684 1629 ordinarii
1717 1568 1766 1630 eis

969 1664 1078 1728 noluit
1092 1665 1302 1743 aliquatenus
1317 1665 1473 1741 ebriare3
1491 1681 1551 1726 nos
1567 1664 1768 1727 indemnita-

969 1762 1058 1825 tibus
1091 1762 1195 1839 lpsius
1223 1763 1418 1824 monasterii
1447 1764 1586 1840 paterna
1614 1763 1768 1825 solentes

970 1859 1194 1923 sollicitudine
1206 1876 1406 1939 praecarere,
1421 1859 1461 1921 ad
1473 1860 1645 1937 exemplar
1659 1859 1767 1921 felicis

970 1957 1210 2021 recordationis
1231 1958 1414 2021 innocentii
1432 1975 1524 2036 papae
1542 1958 1769 2035 praedecesso-

971 2055 1018 2116 ris
1040 2056 1156 2129 nostri,
1182 2056 1408 2118 insinuatione
1423 2056 1636 2132 praesentium
1655 2055 1769 2117 decla-

971 2167 1102 2223 ramus,
1131 2152 1352 2215 instrumenta
1380 2154 1518 2231 majoris
1554 2154 1588 2215 et
1622 2153 1767 2214 sanioris

971 2251 1076 2329 partis
1109 2254 1289 2314 conventus
1328 2251 1569 2328 subscriptione
1604 2251 1765 2323 carentia,

972 2364 1045 2426 quae
1070 2365 1171 2426 super
1196 2348 1385 2427 hujusmodi
1407 2347 1665 2409 alienationibus
1692 2347 1770 2409 sunt

972 2446 1132 2517 conlecta,
1149 2461 1215 2508 non
1228 2444 1376 2507 obtinere
1389 2445 1424 2507 in
1439 2443 1671 2522 praejudicium
1692 2461 1770 2506 mo-

972 2543 1113 2606 nasterii
1125 2543 1325 2605 firmitatem.
1341 2542 1433 2604 Nulli
1450 2558 1530 2618 ergo
1549 2543 1686 2604 omnino
1707 2542 1769 2604 lro-

972 2642 1099 2703 minum
1120 2641 1219 2704 liceat
1237 2641 1323 2702 hanc
1338 2640 1492 2718 paginam
1513 2643 1636 2702 nostrae
1656 2639 1772 2701 decla-

972 2739 1114 2802 rationis
1135 2738 1317 2815 inlringere
1342 2738 1395 2800 vel
1422 2739 1453 2799 ei
1481 2753 1565 2799 ausu
1589 2737 1769 2799 temerario

973 2835 1151 2898 contraire.
1180 2836 1216 2896 Si
1247 2836 1326 2913 quis
1356 2836 1466 2896 autem
1501 2834 1564 2895 boc
1603 2835 1770 2895 attentare

973 2933 1230 3011 praesumpserit,
1247 2933 1508 3009 indignationem
1533 2932 1769 3009 omnipotentis

973 3032 1033 3093 Dei
1048 3030 1258 3093 etbeatorum
1268 3030 1357 3092 Petri
1370 3032 1404 3091 et
1413 3030 1521 3101 Pauli,
1533 3028 1771 3106 Apostolorum

974 3131 1057 3207 eius,
1074 3144 1110 3191 se
1124 3128 1254 3189 noverit
1266 3127 1610 3190 incursurumliatum
1624 3126 1768 3197 Perusii,

975 3225 1071 3287 nonis
1107 3223 1259 3301 Augusti,
1299 3224 1510 3303 pontificatus
1544 3222 1653 3285 nostri
1681 3237 1770 3288 anno

975 3338 1092 3401 primo.

1341 3481 1396 3568 XI

1126 3672 1179 3733 Aa
1193 3672 1313 3732 ducem
1326 3671 1549 3746 Bata-paenale.
1573 3667 1621 3749 (1)

1266 3782 1454 3857 tangant.

1022 3907 1134 3972 [liegest.
1144 3906 1191 3958 lib.
1201 3907 1220 3959 l.
1233 3907 1307 3971 epist
1324 3908 1348 3957 8.
1370 3933 1404 3945 -
1423 3907 1549 3971 bouquet,
1562 3906 1662 3958 liecueil
1678 3907 1724 3958 des

1180 3987 1325 4047 historiens,
1337 3992 1356 4037 t.
1370 3987 1437 4047 xlx,
1450 4002 1476 4053 p.
1489 3987 1557 4052 atu]

976 4121 1120 4178 Honorius
1133 4122 1183 4191 lll,
1199 4120 1300 4178 ducem
1312 4120 1493 4195 Burgundio,
1509 4128 1692 4179 cunctantem
1706 4138 1766 4179 mo·

1011 4217 1059 4267 net
1079 4217 1108 4267 ct
1131 4209 1295 4268 exhortatur
1319 4217 1359 4280 ut,
1380 4225 1468 4282 quum
1488 4209 1610 4267 affixerit
1640 4209 1769 4267 humeris

1010 4299 1074 4356 suis
1086 4299 1201 4371 signum
1215 4300 1308 4356 crucis
1324 4298 1361 4355 ad
1374 4300 1468 4356 l'errae
1482 4299 1593 4356 Sanctae
1609 4299 1768 4356 subsidium

1011 4385 1200 4461 proiecturus,
1211 4387 1263 4445 iter
1278 4388 1565 4460 Hierosolymitanum
1582 4388 1769 4461 aggrediatur

1009 4484 1039 4534 ct
1050 4491 1102 4533 suo
1116 4477 1248 4550 exemplo
1260 4477 1332 4534 alios
1342 4477 1557 4550 crucesignatos
1570 4478 1715 4550 principes
1733 4476 1768 4535 ad

1010 4564 1132 4639 idipsum
1148 4564 1286 4639 impellat.

1014 4707 1180 4771 Honorius
1188 4708 1374 4786 episcopus,
1387 4724 1502 4770 servus
1513 4725 1686 4771 serrorum
1697 4710 1765 4781 Dei,

973 4807 1092 4869 dilecto
1107 4805 1176 4868 tilio
1192 4805 1295 4868 nobili
1308 4806 1382 4869 viro
1397 4806 1473 4868 duci
1491 4807 1694 4884 Burgundios
1710 4825 1767 4869 sa-

974 4904 1087 4977 lutem,
1099 4904 1162 4965 etc.

1014 5002 1074 5063 Illa
1090 5000 1276 5063 conditoris
1290 5001 1496 5063 immensitas
1510 5001 1668 5064 bonitatis
1681 5020 1766 5081 quae,

975 5100 1009 5160 ut
1028 5113 1160 5160 servum
1173 5098 1360 5171 redimeret,
1375 5100 1408 5160 in
1426 5102 1564 5162 mortem
1582 5101 1721 5163 tradidit
1729 5102 1769 5162 fl-

973 5197 1064 5269 lium,
1081 5211 1149 5257 suaa
1172 5196 1396 5258 miserationis
1420 5197 1575 5259 affectum
1602 5199 1692 5259 circa
1708 5216 1769 5260 nos

972 5310 1037 5354 non
1051 5294 1206 5354 desinens
1219 5293 1402 5371 operari,ut
1416 5295 1502 5371 apud
1513 5311 1585 5367 nos,
1603 5296 1689 5375 quod
1705 5295 1768 5357 sibi

971 5390 1137 5467 possimus
1151 5389 1334 5453 retribuere
1355 5406 1415 5468 pro
1439 5391 1591 5452 omnibus
1606 5409 1681 5471 quae
1696 5393 1768 5470 ipsa

972 5487 1066 5548 nobis
1089 5486 1255 5557 retribuit,
1271 5487 1464 5562 habeamus,
1480 5493 1602 5552 terram
1625 5490 1719 5552 illam
1735 5491 1768 5552 in

1007 5661 1048 5737 (t)
1069 5661 1160 5723 oront
1174 5665 1224 5722 111.
