3802 6166
132 343 194 406 υτ
764 342 994 407 srrsronm.
1018 342 1097 411 nra.
1120 341 1147 403 1.
1479 390 1481 394 ,
1723 340 1782 403 us
1892 312 1895 317 ’

130 502 259 580 partem
281 500 400 564 insulae
423 500 465 564 do
491 501 581 566 Soita
600 501 686 566 sicut
703 503 752 567 tui
767 505 855 587 juris
877 503 927 567 est
982 499 1161 581 aliquando
1183 500 1348 567 sententia
1370 498 1539 575 innodati,
1554 517 1621 565 non
1637 516 1680 565 ex
1694 516 1780 565 con-

129 600 330 664 auctoritate
364 600 425 663 tibi
463 601 644 679 apostolica
680 603 925 673 confirmamus,
979 602 1121 678 tempto,
1148 600 1206 662 sed
1234 615 1277 662 ex
1301 600 1505 676 negligentia
1529 601 1564 664 et
1586 601 1780 678 ignorantia

129 696 289 777 quidquid
300 699 389 777 juris
400 699 503 761 babes
515 700 550 761 in
565 699 706 762 ecclesia
721 700 829 763 sancti
842 700 928 762 Fali-
981 699 1095 760 divina
1117 697 1227 760 osticia
1250 697 1467 770 celebrarint,
1492 713 1534 761 ne
1556 697 1622 777 ipsi
1645 700 1780 777 propter

128 797 179 859 cis
194 797 235 859 de
250 797 423 859 Porcaniis
438 815 513 860 cum
528 799 738 876 pertinentiis
753 799 834 861 suis.
851 799 926 860 Vil-
980 797 1043 859 lioc
1077 796 1118 857 ad
1155 797 1272 857 Sedem
1305 796 1529 874 apostolicam
1557 797 1781 875 personaliter

128 894 197 956 lam
211 895 252 956 de
272 895 415 969 Gasulis,
434 898 467 957 et
481 897 591 958 omnia
610 897 651 958 ad
666 900 724 975 jus
738 897 925 976 episcopale
980 892 1170 956 laborantes
1209 894 1382 956 materiam
1417 894 1561 958 habeant
1595 895 1778 973 evagandi,

129 994 325 1071 spectantia.
339 997 386 1055 Te
400 1010 540 1072 quoque,
557 995 610 1056 vel
623 995 736 1074 aliquo
750 1011 925 1058 successo-
980 1008 1095 1054 eorum
1134 992 1348 1068 dignaremur
1381 993 1482 1054 saluti
1519 993 1780 1056 misericorditer
1871 1078 1873 1083 ,

128 1106 203 1153 rum
214 1093 346 1153 tuorum
359 1091 511 1166 obeunte,
527 1094 611 1154 nulli
620 1092 707 1155 bona
722 1094 926 1171 episcopalia
979 1090 1167 1169 providere.
1205 1091 1346 1169 Ideoque
1387 1074 1593 1153 discretioni*
1616 1091 1684 1153 tuae
1716 1105 1778 1169 per

128 1205 293 1267 usurpare
308 1190 418 1252 liceat.
435 1191 639 1270 Quicumque
653 1208 734 1254 vero
748 1192 781 1253 id
796 1192 923 1264 iecerit,
979 1188 1160 1266 apostolica
1180 1189 1304 1266 scripta
1315 1189 1510 1250 mandamus
1526 1190 1690 1267 quatenus
1701 1206 1777 1252 cum

127 1286 158 1348 si
173 1288 318 1351 secundo
330 1289 470 1352 tertiove
482 1290 927 1369 commonitusapracsump-
979 1286 1126 1365 praefatis
1158 1287 1329 1349 canonicis
1371 1287 1548 1351 autoritate
1587 1288 1778 1365 Apostolica

126 1386 220 1448 tione
233 1403 292 1447 sua
303 1403 370 1448 non
382 1388 570 1465 resipuerit,
585 1388 848 1465 indignationem
859 1406 927 1451 om·
979 1385 1162 1462 dispenses,
1178 1384 1328 1463 injuncta
1354 1385 1403 1447 eis
1427 1385 1645 1448 nihilominus
1668 1385 1779 1464 poeni-

127 1485 309 1562 nipotentis
329 1486 399 1559 Dei,
421 1488 454 1549 et
473 1484 646 1549 beatorum
667 1486 757 1549 Petri
777 1487 810 1549 at
828 1487 925 1549 Pauli
979 1483 1083 1546 tentia
1117 1483 1328 1560 competenti.
1369 1484 1488 1545 Datum
1533 1485 1646 1546 Romae
1690 1483 1777 1561 apud

127 1583 354 1660 apostolorum
370 1585 442 1661 ejus
454 1584 616 1657 incurrat,
630 1584 833 1647 etcanonica
848 1601 927 1647 sen·
981 1583 1138 1642 Sanctum
1162 1583 1308 1653 Petrum,
1327 1582 1467 1659 septimo
1485 1581 1559 1642 idus
1579 1581 1775 1655 decembris,

128 1681 235 1743 tentia
248 1681 457 1759 percellatur.
470 1684 683 1746 Decernimus
694 1699 784 1760 ergo,
796 1683 833 1745 ut
843 1684 926 1745 nulli
980 1679 1190 1757 pontificatus
1203 1680 1308 1741 nostri
1324 1694 1412 1741 anno
1428 1679 1546 1757 primo.

130 1780 266 1842 omnino
282 1780 452 1842 hominum
466 1781 566 1844 liceat
587 1781 743 1859 praedicta
766 1781 850 1854 loca,
867 1797 926 1843 ec·

130 1878 264 1950 clesias,
280 1878 356 1952 etc,
371 1879 496 1941 temere
511 1879 717 1957 perturbare,
733 1882 792 1943 aut
811 1896 925 1941 eorum

128 1976 356 2053 possessiones
374 1976 517 2051 auterre,
537 1979 591 2041 vel
614 1977 743 2040 ablatas
766 1978 923 2052 retinere,
1346 1948 1412 2036 XC

128 2074 293 2146 minuere,
310 2090 368 2136 seu
388 2074 589 2152 quibuslibet
600 2076 833 2139 vexationibus
847 2076 926 2140 fati·
1509 2143 1511 2147 ,

128 2187 221 2247 gare,
233 2172 289 2233 sed
301 2173 411 2234 omnia
420 2173 548 2251 integre
559 2175 798 2237 conserventur
810 2191 925 2237 eorum
1032 2182 1084 2242 Act
1106 2183 1340 2243 Raimatadtcm
1367 2184 1520 2258 Rogavit,
1544 2182 1705 2245 corrtttem

128 2286 189 2347 pro
202 2287 342 2347 quorum
364 2271 602 2348 gubernatione
625 2288 664 2334 ac
684 2273 924 2335 sustentatione
1278 2282 1488 2343 liecensem.

129 2383 288 2430 concessa
311 2371 399 2442 sunt,
423 2370 538 2432 usibus
560 2371 712 2433 omnibus
738 2370 921 2449 protutura,

129 2465 223 2527 salsa
246 2466 341 2528 Sedis
364 2468 561 2545 apostolicae
581 2470 790 2532 auctoritate.
808 2470 844 2530 Si
859 2485 924 2547 qua
1274 2444 1375 2504 Μεθ’
1397 2443 1476 2504 ¹²¹⁶·

128 2562 242 2640 igitur,
267 2565 342 2638 etc,
369 2580 476 2641 usquc
500 2565 679 2644 subjaceat,
703 2568 765 2629 etc.
791 2567 924 2628 diruatis
980 2569 1090 2634 [aegest.
1100 2569 1147 2621 tib.
1157 2570 1177 2629 l,
1190 2569 1264 2635 epist.
1275 2569 1373 2620 lou·
1386 2571 1511 2635 bouquet,
1523 2571 1626 2623 aecuett
1636 2571 1681 2621 des
1692 2570 1778 2622 ilisto-

128 2663 239 2723 autem
263 2661 387 2724 eisdem
408 2664 502 2739 locis,
526 2665 579 2726 vel
600 2665 750 2727 ecclesiis
770 2682 830 2728 sua
845 2669 923 2743 jura
1241 2650 1450 2717 rienst.xtx,p.
1463 2651 1532 2714 ⁶¹²]

128 2761 339 2822 servantibus
371 2762 416 2824 sit
446 2779 514 2840 pax
545 2765 677 2825 Domini
710 2765 815 2826 nostri
842 2767 924 2827 Jesu

128 2858 264 2931 Christi,
279 2860 441 2937 quatenus
453 2861 550 2924 ethic
561 2860 704 2924 fructum
716 2863 811 2925 bonae
824 2863 925 2925 actio·

127 2956 180 3016 nis
203 2957 400 3067 pffmipiant’
417 2961 450 3021 et
470 2959 555 3070 ὅρῳ
581 2960 923 3072 (ῙῙΒῨΓῘΟΨΜῙΜῙΟΘῘΠ
1013 2996 1229 3056 custodiendum
1253 3007 1401 3074 receperat
1428 3002 1529 3059 Petrus
1555 3003 1774 3060 Beneventanus
1838 3033 1841 3037 ·

128 3070 265 3132 praemaa
279 3056 412 3118 aeternae
425 3073 516 3134 pacis
528 3060 711 3120 mvemant.
727 3063 923 3122 Amemlla·
1012 3086 1049 3146 Α,
1065 3087 1093 3145 s,
1109 3087 1232 3161 pegam&

127 3154 197 3215 tum
212 3156 326 3215 Romae
346 3155 431 3231 apud
453 3158 609 3220 Sanctum
629 3158 763 3220 Petrum
778 3175 837 3236 per
851 3175 925 3221 ma-

128 3267 207 3311 num
217 3252 355 3313 Ranerii
367 3253 488 3330 prioris
504 3256 609 3317 sancti
624 3256 774 3318 Fridiani
784 3258 921 3330 Lucani,
1016 3241 1184 3304 HOBOPiUS
1208 3242 1393 3321 episcopus,
1420 3242 1539 3307 dileclO
1565 3244 1635 3306 filio
1667 3244 1772 3307 n0bili

129 3350 260 3411 Sanctae
283 3352 440 3413 Romanae
460 3352 616 3416 Ecclesiae
641 3353 920 3429 vicecancellarii,
977 3339 1050 3400 Vim
1065 3337 1282 3419 R·(')<³0l1¹iti
1297 3342 1454 3414 Fllxess—ib
1469 3343 1531 3404 eit·

127 3447 186 3508 Vll
201 3447 276 3508 idus
288 3448 481 3522 decembris,
492 3452 734 3515 incarnationis
742 3454 923 3517 Dominicae
1018 3437 1097 3497 cum
1110 3437 1189 3499 Olim
1200 3438 1348 3501 adi¹0⁰t⁰
1358 3439 1427 3501 ffliO
1440 3443 1466 3501 Ρ
1469 3484 1477 3500 ·
1491 3438 1630 3519 (ἺῖῘῑΠῙῙ
1641 3443 1674 3502 S·
1687 3442 1771 3503 Lau·

127 3560 214 3607 anno
239 3547 408 3621 MCCXVl,
432 3548 612 3612 indictione
644 3552 683 3623 v3
713 3552 922 3629 ponqflcaqus
959 3535 1077 3598 'rentii
1091 3536 1127 3597 in
1141 3538 1282 3597 Damaso
1297 3537 1406 3614 presb.
1432 3537 1613 3610 cardinali,
1630 3540 1708 3601 tunc
1729 3542 1769 3600 A.

126 3658 206 3705 appo
219 3644 348 3707 pomini
365 3647 505 3708 Honoffi
519 3664 613 3726 ῥίψω
635 3651 684 3712 111
701 3666 790 3713 anno
802 3652 920 3730 prium·
978 3634 1011 3694 S.
1028 3633 1377 3709 legat0,absolutionis
1389 3633 1588 3697 beneficium
1600 3637 1772 3714 accepisti,

977 3730 1085 3793 eidem
1110 3731 1197 3793 inter
1222 3731 1289 3794 alia
1308 3733 1500 3810 juramento
1521 3734 1668 3812 praestito
1692 3751 1774 3812 pro·

977 3829 1108 3903 misisti,
1132 3830 1217 3909 quod
1239 3846 1339 3908 super
1353 3831 1396 3892 iis
1414 3847 1473 3909 pro
1498 3832 1617 3911 quibus
1637 3849 1773 3895 excom-

977 2818 1100 2878 lt'unciat
1112 2818 1240 2878 Pontifex
1255 2819 1352 2879 comiti
1368 2820 1528 2881 llaimundo
1543 2822 1659 2897 Rogoril
1673 2821 1773 2881 decre·

1013 2909 1089 2966 visse
1103 2924 1134 2966 se
1144 2909 1184 2966 illi
1196 2911 1326 2968 lutrense
1336 2918 1460 2969 cestriam
1471 2911 1632 2969 restitutum
1645 2912 1689 2983 iri,
1699 2911 1776 2986 quod
1890 2904 1894 2909 ’

426 3916 622 4007 LXXXIX
976 3928 1165 3990 municatus
1190 3930 1389 4002 exstiteras,
1413 3931 1612 4007 Apostolicis
1629 3929 1771 3993 deberes
1893 3958 1896 3963 ·

976 4042 1094 4104 parere
1113 4028 1288 4099 mandatis,
1315 4029 1347 4090 et
1370 4027 1411 4090 ob
1431 4029 1495 4090 hoc
1515 4031 1660 4092 castrum
1684 4030 1772 4091 Fuxi

226 4126 278 4185 Ad
291 4125 445 4187 abbatem
458 4127 493 4187 S.
506 4128 674 4189 lobariola
684 4129 820 4191 Seston.
976 4124 1141 4201 assignari
1169 4123 1278 4187 iecisti
1304 4126 1412 4188 eidem
1431 4127 1498 4189 tuis
1520 4127 1771 4190 custodiendum

430 4266 448 4324 7
459 4264 521 4325 dec·
535 4267 615 4326 lato.
975 4223 1131 4300 expensis
1160 4220 1222 4303 (c).
1246 4224 1412 4286 Praeterea
1437 4241 1496 4302 pro
1521 4227 1666 4301 Rogerio
1689 4229 1773 4288 Ber-

976 4322 1071 4382 nardi
1082 4318 1130 4400 (b)
1143 4322 1213 4385 filio
1226 4323 1259 4383 et
1270 4323 1414 4398 Rogerio
1427 4323 1467 4384 de
1480 4325 1691 4401 Commengia
1705 4340 1771 4387 ne·
1829 4382 1835 4391 ,
1882 4358 1891 4374 ..

165 4417 274 4481 [negat.
288 4416 333 4468 tib.
344 4416 365 4479 1,
375 4416 449 4481 epist.
464 4417 518 4468 tta.
533 4418 590 4469 tiss.
604 4418 880 4488 israelitici]
975 4419 1050 4497 pote
1060 4420 1137 4492 tuis,
1150 4421 1187 4482 ut
1198 4419 1362 4482 mandatis
1375 4421 1576 4497 Apostolicis
1586 4421 1769 4496 obedirent,

124 4558 241 4618 liandat
258 4566 289 4617 ut
305 4573 371 4659 cum
390 4559 559 4633 quibusdam
579 4562 726 4620 canonicis
741 4565 789 4637 qui
803 4580 919 4624 excom·
975 4518 1081 4581 eldem
1103 4517 1266 4579 cammah
1288 4520 1432 4630 castrum
1457 4517 1612 4596 ⁰hhgast¹
1629 4520 1773 4631 prafdm'

156 4648 360 4707 inunicatioms
383 4650 522 4707 sententia
553 4650 680 4709 innodati
709 4667 766 4710 non
790 4668 826 4711 ex
849 4670 917 4713 con·
974 4616 1295 4695 tum’pmpterqwd
1309 4617 1397 4678 mem
1413 4620 1558 4682 castrum
1573 4619 1771 4680 mmmmm

157 4745 283 4810 tempto,
307 4737 358 4795 sod
380 4739 573 4812 negligentia,
598 4740 694 4798 divina
723 4740 817 4800 officia
842 4744 917 4802 cepe,
976 4715 1282 4793 sedisapostolicae
1305 4713 1542 4777 tuitlractenus
1557 4717 1769 4778 custoditum.

157 4827 287 4897 brat-unt,
299 4827 457 4901 dispenset.
479 4824 484 4833 '
974 4815 1088 4891 Nuper
1102 4816 1212 4875 autam
1227 4829 1286 4891 per
1306 4815 1459 4890 proprios
1478 4813 1619 4875 nuncios
1639 4813 1680 4876 ad
1709 4817 1772 4877 Se·
1863 4840 1867 4847 ¹

974 4913 1048 4975 dem
1062 4912 1283 4989 apostolicam
1299 4911 1480 4974 destinatos
1496 4928 1515 4972 a
1528 4911 1624 4973 nobis
1638 4913 1771 4976 instan-

160 5000 343 5074 Honorius,
359 5000 435 5074 etc,
451 5000 571 5064 dilecto
588 5002 657 5065 filio
674 5002 786 5066 abbati
806 5005 917 5068 Sancti
972 5010 1102 5074 tissime
1130 5009 1305 5087 postulasti
1335 5010 1371 5071 ut
1395 5008 1520 5071 dictum
1537 5012 1682 5073 castrum
1708 5012 1770 5076 tibi

122 5099 285 5161 Jobannis
298 5103 474 5161 Semonen.
972 5109 1104 5171 restitui
1124 5107 1320 5169 faceremus.
1346 5107 1439 5171 Licet
1458 5124 1537 5170 vero
1557 5125 1577 5170 a
1597 5111 1768 5172 nonnullis

160 5200 231 5259 Tua
258 5196 353 5259 nobis
379 5198 509 5260 devotio
538 5200 751 5276 supplicavit,
782 5202 818 5264 ut
843 5218 917 5263 cum
972 5207 1067 5269 nobis
1089 5205 1278 5283 suggestum
1299 5204 1399 5268 luerit
1418 5206 1503 5284 quod
1522 5208 1570 5280 tu,
1594 5209 1767 5287 postquam

122 5296 257 5374 quidam
290 5296 445 5358 canonici
482 5297 529 5358 tui
565 5300 917 5362 excommunicationis
972 5309 1118 5368 castrum
1138 5304 1388 5380 recuperaveris
1408 5306 1634 5384 saepedictum,
1660 5324 1768 5386 nego-

156 5498 192 5570 (Ἰ
211 5497 369 5556 Ραίιιιιιηάο
381 5500 507 5574 Rogcrii.
1007 5508 1046 5583 (b)
1063 5509 1166 5592 Copula
1192 5508 1220 5565 in
1239 5523 1327 5566 unum
1354 5508 1468 5566 nomina
1491 5508 1548 5567 duo
1567 5509 1765 5581 ltoqeriolier·

154 5574 190 5645 (⁶)
212 5571 298 5628 Petro
308 5572 521 5629 Beneventano.
969 5584 1066 5650 norati,
1090 5589 1164 5638 sicut
1184 5581 1501 5652 boymundus-liugane·
1527 5596 1632 5638 nomen
1652 5597 1767 5655 compo-

156 5644 200 5715 (a)
219 5642 342 5700 Gousttle
374 5656 408 5699 ea
427 5643 464 5700 de
489 5658 521 5701 re
544 5644 702 5704 iunocentii
728 5645 835 5707 litteras
863 5646 914 5706 lib.
970 5655 1054 5713 situm
1068 5650 1265 5721 est,otdeiude
1276 5650 1447 5725 odJectivum
1456 5651 1620 5724 possidendi
1634 5653 1692 5709 tuis
1701 5666 1766 5710 oum

119 5715 224 5786 Xlllll,
236 5728 263 5788 p.
277 5712 340 5772 600.
358 5710 519 5787 (Bouquetl.
969 5725 1081 5784 duabus
1091 5722 1208 5782 vocibus
1220 5721 1281 5796 pito
1294 5729 1323 5780 et
1336 5727 1432 5794 nepotc
1445 5730 1589 5782 construe.
1598 5724 1764 5798 (bouquet).
