3802 6166
75 214 79 225 ’
126 261 147 319 3
468 308 473 315 .
744 262 1157 327 3030333103333.
1757 262 1778 320 8

129 423 259 500 sumpto
283 423 470 500 injunctum
492 424 554 486 tibi
575 421 753 501 legationis
779 422 926 489 osticium

128 519 326 583 auctoritate
340 522 454 583 nostra
469 521 556 584 sicut
568 520 708 599 coepisti.

168 619 394 681 laudabiliter
413 620 640 698 prosequaris,
663 619 875 682 carissimum
889 621 925 681 in

130 716 261 779 Christo
276 716 380 777 tilium
401 720 553 781 nostrum
575 718 774 800 Jobannem,
798 719 926 795 anglo-

129 830 204 876 rum
226 829 349 890 regem,
366 815 531 877 illustrem
546 814 823 893 crusesignatum,
846 833 926 880 vas-

129 912 249 973 sallum
264 916 425 987 nostrum,
438 915 584 992 exparte
595 916 709 977 nostra
720 915 924 989 consortum,

128 1026 171 1071 33
186 1010 291 1087 ipsius
307 1012 439 1073 animus
453 1015 698 1085 consternatur,
715 1014 793 1090 3313
810 1014 924 1091 potens

128 1108 179 1169 est
193 1111 363 1183 Dominus,
381 1111 436 1188 331
452 1111 594 1173 humilia
608 1111 755 1189 respicit,
775 1114 807 1175 31
822 1112 889 1174 3113
904 1128 925 1174 3

128 1206 227 1283 longe
242 1210 421 1284 cognoscit,
438 1210 617 1272 humiliare
634 1209 794 1289 superbos
809 1213 842 1273 et
856 1210 924 1271 bu-

129 1305 225 1366 miles
252 1307 413 1380 33311333,
442 1324 481 1369 30
511 1309 709 1386 apostolicae
737 1308 832 1370 Sedis
857 1324 924 1370 non

128 1402 321 1465 destituitur
349 1406 476 1467 3331110
503 1407 540 1467 13
573 1408 731 1485 quantum
764 1407 924 1469 Dominus

127 1501 317 1577 permiserit
327 1504 360 1564 et
371 1503 441 1563 suis
449 1504 615 1568 videbitur
625 1504 926 1583 utilitatibusexpe·

128 1596 209 1661 dire.
228 1601 346 1661 Datum
361 1601 505 1663 Perusii.

509 1851 545 1938 ,s

86 2054 95 2067 ·
127 2048 180 2107 Ad
197 2048 334 2109 abbates
351 2050 491 2122 priores
512 2048 546 2110 rt
562 2051 647 2110 31103
664 2052 841 2127 religiosos
859 2064 926 2126 per

187 2148 413 2207 Brasuertae-m
421 2148 638 2220 procinctam
649 2149 813 2209 0033111331
854 2193 862 2210 .

443 2276 478 2335 as
489 2275 541 2352 ju.
560 2278 639 2336 313.

205 2435 391 2502 [1333331333
404 2436 614 2501 llambnrgiscbes
626 2438 844 2499 tlrknodenbneb,

386 2541 406 2585 t.
422 2534 442 2593 l,
454 2550 480 2599 p.
493 2534 546 2595 tss,
559 2536 591 2588 Νο
602 2536 670 2602 3911]

128 2713 276 2786 Significat
294 2715 336 2771 eis
355 2716 564 2788 promotionem
587 2730 680 2787 suam,
701 2731 756 2789 333
775 2718 857 2775 tertia
876 2718 923 2777 die

160 2810 224 2875 post
246 2811 366 2860 mortem
382 2805 541 2861 1330333111
567 2812 665 2863 333313
688 2813 733 2863 331
755 2808 851 2881 epist,
876 2807 920 2865 di·

161 2906 244 2949 versa
259 2891 295 2949 de
309 2891 420 2951 duobus
439 2894 548 2966 primis.

171 3062 338 3124 Honorius
370 3065 559 3142 episcopua,
596 3080 711 3128 servus
749 3082 922 3129 servorum

125 3159 201 3232 Dei,
224 3159 354 3222 dilectis
377 3161 471 3235 tiliis,
490 3161 679 3236 abbatibus,
703 3163 869 3241 prioribus
890 3166 923 3228 et

124 3257 201 3319 aliis
215 3258 381 3334 religiosis
403 3276 463 3336 per
483 3262 695 3322 Bremensem
714 3262 921 3339 provinciam

124 3356 323 3429 constitutis,
335 3357 477 3418 salutem
489 3358 522 3419 et
537 3358 753 3435 apostolicam
766 3358 923 3423 benedic-

122 3454 259 3515 tionem.

162 3553 303 3629 Magnus
316 3554 474 3616 Dominus
484 3555 518 3617 et
529 3554 707 3617 laudabilis
719 3556 830 3630 nimis,
844 3558 921 3633 eto,

124 3651 160 3711 ut
173 3650 209 3711 tn
229 3652 371 3728 epistola
390 3654 415 3725 I,
436 3669 543 3728 33333
563 3656 725 3717 evocavit.
748 3655 923 3719 Sollicitu-

125 3748 202 3808 dino
228 3749 330 3825 igitur
359 3749 593 3813 ecclesiasticae
626 3753 828 3829 provisionis
863 3769 923 3815 as-

125 3848 254 3922 sumpta
275 3846 308 3909 et
329 3847 507 3923 diligenter
520 3849 680 3926 inspecta,
697 3866 758 3912 nos
779 3866 823 3913 ex
839 3868 922 3929 pro-

124 3943 198 4019 pria
213 3942 405 4007 infirmitate
420 3945 572 4020 deiicere,
587 3947 652 4007 nisi
664 3947 784 4009 vestris
799 3950 924 4011 suffra-

125 4041 189 4117 giis
198 4042 230 4104 et
237 4042 396 4119 piisapud
405 4043 922 4124 DeumprecibusadJ‘uvaremur,

125 4138 376 4201 universitatem
397 4141 542 4203 vestram
564 4142 746 4219 rogandam
766 4143 922 4207 duximus

123 4236 157 4297 et
177 4235 374 4299 monendam
389 4236 603 4301 exhortantes
618 4239 654 4301 in
669 4241 820 4315 Domino,
838 4258 923 4321 333-

123 4333 221 4395 tenus
235 4335 321 4411 apud
337 4352 455 4409 eum,a
471 4352 534 4414 quo
551 4354 723 4416 speramus
738 4340 837 4418 dirigi
852 4357 924 4419 gre·

124 4448 181 4497 sus
202 4433 334 4495 nostros
351 4435 495 4496 assiduis
517 4437 722 4499 orationibus
745 4439 920 4513 insistatis,

980 427 1098 488 Datum
1114 427 1334 501 Perusii,VIII
1349 427 1517 492 Kalendas
1531 423 1683 502 Augusti,
1697 437 1780 501 pon·

982 523 1123 588 titloatus
1140 526 1245 588 nostri
1260 542 1349 590 anno
1364 526 1482 605 primo.

1345 749 1403 837 VI

978 949 1030 1009 Act
1052 946 1242 1008 Osttensem
1262 946 1295 1007 et
1317 944 1566 1007 prenestinum
1589 944 1779 1018 episcopos.

1275 1078 1310 1137 33
1321 1077 1373 1151 jn.
1391 1076 1470 1134 aare.

980 1221 1167 1285 [Forsebnngen
1180 1222 1217 1280 Z,
1231 1220 1373 1272 Deutseben
1392 1217 1548 1278 Gesebicbte,
1564 1224 1584 1267 t.
1600 1218 1656 1279 XV,
1670 1233 1695 1282 p.
1709 1216 1779 1279 {lib}

1156 1363 1367 1421 Promotionem
1379 1376 1462 1420 susm
1476 1361 1596 1420 itnimat.

1019 1540 1199 1613 Postquam
1221 1534 1328 1595 Dolet
1347 1534 1517 1596 bominum
1537 1531 1701 1594 mediator
1724 1531 1777 1592 13-

979 1636 1053 1696 11013
1068 1633 1236 1696 memoriae
1252 1631 1480 1693 Innocentium
1496 1628 1688 1708 episcopum
1708 1631 1780 1692 ter-

978 1735 1061 1796 tium
1085 1749 1128 1794 ex
1153 1731 1216 1794 boc
1237 1730 1359 1792 mundo
1385 1730 1426 1791 ad
1451 1729 1618 1791 coelestem
1634 1727 1778 1805 patriam

979 1830 1139 1903 evocavit,
1154 1829 1380 1893 convenerunt
1403 1826 1552 1888 universi
1573 1826 1776 1899 cardinales,

979 1932 1015 1991 ut
1026 1931 1067 1991 de
1082 1928 1310 1992 substituendo
1332 1928 1465 2004 pastore
1484 1926 1675 1987 tractarent.
1695 1926 1777 1985 Cum

979 2029 1089 2089 autem
1112 2026 1359 2088 venerabilibus
1385 2024 1543 2086 fratribus
1564 2023 1688 2085 nostris
1710 2024 1776 2083 Os-

978 2120 1777 2200 tiensietPrenestinoepiscopiseligendiluisset

979 2226 1124 2303 potestas
1145 2222 1186 2284 ab
1208 2221 1424 2284 universitate
1454 2236 1623 2292 concessa,
1652 2218 1777 2280 nostris

978 2321 1125 2383 humeris
1143 2321 1279 2399 pallium
1299 2319 1517 2397 apostolicum
1533 2319 1774 2395 imposuerunt,

978 2421 1124 2496 cogendo
1144 2435 1206 2481 303
1225 2418 1336 2479 subire
1359 2434 1453 2489 0333,
1468 2417 1554 2495 quod
1579 2415 1707 2477 evitare
1730 2414 1776 2475 li-

977 2518 1107 2580 bentius
1133 2516 1337 2594 optabamus.
1362 2514 1416 2577 Sic
1439 2515 1528 2576 enim
1551 2513 1776 2576 antecessoris

978 2617 1082 2678 nostri
1106 2616 1277 2677 decessum
1301 2617 1334 2677 et
1361 2614 1600 2691 promotionem
1625 2613 1775 2673 nostram

976 2714 1185 2776 universitati
1206 2713 1326 2775 vestrae
1348 2713 1503 2774 intimare
1529 2713 1692 2782 tenemur,
1720 2726 1777 2771 ro-

976 2814 1092 2889 gantes
1108 2828 1167 2873 vos
1187 2811 1222 2871 in
1237 2811 1374 2873 Domino
1396 2813 1428 2872 31
1449 2810 1632 2880 monentes,
1658 2809 1777 2886 quate-

977 2927 1039 2972 nus
1054 2910 1159 2988 ipsius
1185 2910 1328 2971 animam
1351 2910 1383 2971 et
1403 2911 1550 2970 nostram
1566 2906 1777 2968 13331113133-

976 3010 1056 3070 tiam
1079 3008 1145 3087 piis
1170 3007 1374 3070 orationibus
1397 3007 1509 3068 taliter
1530 3005 1710 3083 adjuvetis,
1727 3006 1772 3076 ut,

976 3107 1006 3168 31
1027 3107 1139 3184 311333
1169 3105 1201 3167 31
1230 3105 1359 3166 macula
1383 3105 1422 3165 de
1444 3104 1607 3179 contagiis
1630 3103 1776 3164 terrenis

977 3205 1121 3277 inhaesit,
1134 3219 1193 3282 per
1208 3204 1394 3265 vestrarum
1409 3203 1596 3263 orationum
1612 3200 1775 3277 suffragia

977 3303 1124 3365 diluatur
1144 3304 1178 3367 et
1198 3318 1258 3363 nos
1280 3302 1370 3363 Petri
1394 3301 1582 3361 naviculam
1607 3299 1773 3376 possimus

977 3418 1052 3465 cum
1078 3403 1210 3464 temone
1230 3400 1307 3462 ttdei
1329 3400 1362 3462 31
1382 3399 1529 3461 anchora
1550 3398 1774 3476 1331111333-

977 3499 1130 3562 bernare.

1337 3666 1414 3754 VII

1150 3860 1203 3920 Ad
1222 3857 1451 3920 0113131133333
1471 3858 1598 3916 orbem.

1282 3989 1317 4047 ²5
1324 3987 1375 4061 iul.
1391 3987 1470 4045 itit.

978 4116 1107 4179 [11331333
1121 4114 1266 4165 Thesaurus
1285 4126 1368 4164 novus
1384 4110 1576 4170 anecdotomm,
1591 4116 1610 4160 t.
1624 4111 1642 4173 1,
1660 4127 1686 4178 p.
1704 4114 1773 4179 1111]

1041 4268 1190 4342 Significat
1202 4281 1283 4325 suom
1299 4265 1327 4322 in
1343 4266 1492 4323 Summum
1505 4263 1705 4323 Pontificatum

1266 4355 1483 4431 promotionem.
1635 4356 1642 4367 ‘

125 4531 161 4593 ut
170 4546 231 4591 nos
240 4530 282 4593 ad
292 4530 424 4594 laudam
434 4533 487 4593 331
497 4534 653 4607 nominis,
665 4535 698 4598 et
708 4537 864 4599 1130133133
875 4538 923 4600 in·
1017 4533 1177 4607 Supemae
1189 4530 1361 4607 dispositio
1373 4530 1556 4608 majestatis
1571 4546 1644 4606 ‹prae
1658 4530 1772 4591 orbem

124 4630 328 4691 crementum
341 4632 528 4707 susceptam
541 4632 798 4696 sollicitudinem
810 4635 924 4697 totali·
975 4631 1140 4691 terrarum
1155 4628 1280 4690 coelesti
1296 4627 1436 4689 consilio
1448 4627 1649 4697 3101613111,
1663 4643 1773 4690 sacru

123 4728 175 4787 ter
192 4727 332 4804 implere
353 4729 522 4801 concedat,
544 4729 630 4807 quod
654 4731 687 4793 et
708 4747 770 4793 nos
787 4736 921 4797 aeternae
976 4728 1124 4788 sanctam
1140 4730 1323 4789 Romanam
1344 4725 1524 4786 Ecclesiam
1544 4724 1586 4784 ab
1605 4725 1678 4801 ipso
1694 4726 1770 4787 tldei

37 4888 43 4898 ,
123 4824 351 4887 retributionis
366 4826 540 4905 praemium
556 4844 754 4904 mereamur,
769 4832 802 4894 et
816 4847 923 4909 popu·
976 4825 1167 4903 primordio,
1186 4825 1284 4901 caput
1301 4824 1447 4884 omnium
1464 4822 1681 4884 ecelesiarum
1696 4824 1772 4883 ins-

124 4921 176 4981 ius
189 4924 311 4986 nostre
326 4924 558 5000 gubernationi
578 4928 772 4989 commissus
787 4945 847 5007 per
860 4945 921 4993 nos
974 4924 1065 4987 tituit
1086 4926 1120 4985 et
1144 4922 1336 4999 magistram
1357 4943 1364 4981 :
1390 4921 1549 4982 ordinans
1571 4921 1605 4981 in
1629 4937 1669 4981 ea
1694 4922 1772 4983 tidei

125 5018 227 5081 verbo
249 5022 412 5097 proficiat,
427 5023 460 5086 31
475 5026 637 5102 exemplo.
660 5029 730 5089 Nos
753 5027 843 5089 enim
861 5044 921 5091 vos
976 5022 1169 5085 orthodoxae
1201 5020 1414 5090 ministrum,
1443 5020 1529 5096 J'ssl'iS
1570 5020 1771 5096 111115111Ῑέ11

123 5117 282 5193 tanquam
302 5121 463 5195 speciales
479 5123 636 5186 Ecclesiae
651 5124 748 5198 111103,
765 5141 825 5203 per
838 5143 921 5205 3303
976 5120 1216 5199 111111131019Π1,
1247 5118 1303 5195 qui
1339 5118 1445 5179 vicem
1481 5116 1571 5179 Pelll'
1607 5120 1703 5192 116131
1735 5119 1771 5178 iss

123 5230 245 5276 nomen
261 5217 391 5277 Domini
407 5220 623 5283 excellentius
638 5223 670 5284 et
685 5224 818 5300 dignius
834 5242 923 5301 pras·
974 5220 1086 5291 terris,
1108 5216 1234 5294 ligandi
1260 5216 1358 5294 31333
1389 5214 1540 5277 solvendi
1561 5214 1683 5278 babeat
1706 5233 1769 5294 po-

124 5312 265 5385 dicatur,
282 5314 374 5375 tanto
389 5316 531 5393 amplius
544 5319 744 5383 intendimus
755 5321 791 5382 in
801 5324 920 5385 vestris
975 5317 1137 5388 testatem,
1153 5313 1299 5393 gladium
1314 5313 1461 5376 obtineat
1475 5312 1693 5392 spiritualem,
1711 5315 1774 5377 sit-

120 5410 376 5473 necessitatibus
395 5414 569 5491 adjuvare,
585 5418 708 5496 quanto
726 5420 762 5481 in
784 5420 921 5498 majoris
976 5429 1038 5492 333
1053 5414 1139 5492 lapis
1160 5412 1342 5489 angularis,
1359 5427 1418 5490 per
1437 5428 1533 5489 quem
1552 5428 1636 5474 saxa
1656 5415 1690 5475 31
1710 5430 1772 5491 pa-

120 5508 278 5571 Dcolesiae
288 5510 493 5599 redundaret
503 5512 673 5593 injuriam,
685 5517 714 5578 si
720 5519 799 5595 jura
809 5520 921 5581 vestra
975 5514 1075 5575 rietes
1097 5511 1304 5574 diversarum
1326 5510 1491 5571 lraeresum
1507 5510 1769 5588 0031113333133.

122 5607 343 5685 quorumlibet
365 5610 556 5688 pateremur
570 5612 728 5679 violentis
751 5616 918 5695 occupari.
976 5614 1062 5675 Sane
1083 5610 1139 5674 bic
1161 5610 1284 5673 dieitur
1304 5609 1469 5671 luminare
1491 5611 1609 5686 majus,
1626 5611 1713 5686 quod
1728 5610 1770 5671 ad
