3802 6166
125 372 183 432 1³7

126 528 375 601 Concordiensi,
389 528 528 590 salutem
544 528 576 590 et
590 526 804 605 apostolicam
819 528 921 590 bene·

124 627 316 689 dictionem.

165 727 215 785 Ex
230 724 348 786 litteris
362 723 474 785 fratris
486 724 590 785 nostri
603 724 802 803 patriarcha
816 724 920 801 Aqui-

124 821 261 899 lejensis
276 822 474 898 accepimus
492 822 576 898 quod
599 824 635 883 0.
654 822 817 900 quondam
834 823 921 881 Con-

126 919 309 981 cordiensis
331 919 504 996 episcopus
524 919 605 980 adeo
628 920 803 981 ecclesiam
826 935 918 980 suam

126 1017 290 1093 oppressit
316 1032 416 1076 onere
444 1016 639 1085 debitorum,
671 1017 755 1094 quod
780 1017 919 1078 dilectus

126 1114 214 1174 illius
233 1117 271 1174 Α.
296 1114 419 1174 electus
442 1129 613 1175 successor
636 1115 741 1191 ipsius
763 1130 828 1175 non
850 1113 921 1174 sul-

128 1211 195 1271 ttcit
216 1226 258 1271 ex
281 1211 428 1288 ejusdem
457 1210 670 1288 proventibus
697 1227 817 1272 usuras
839 1226 918 1288 per-

128 1309 256 1368 solvere
288 1309 460 1369 annuales.
496 1310 589 1370 Unde
623 1309 718 1369 nobis
749 1309 920 1369 humiliter

127 1405 378 1482 supplicaritut
395 1424 493 1483 quum
508 1407 593 1467 idem
603 1408 811 1484 episcopatus
822 1406 920 1467 aliter

126 1505 277 1580 reparari
290 1520 355 1565 non
371 1504 485 1580 possit,
502 1505 632 1582 aliquas
656 1505 696 1566 de
719 1506 825 1582 ipsius
841 1520 921 1581 pes-

126 1601 329 1661 sessionibus
345 1602 551 1663 distrahendi
564 1602 744 1673 licentiam,
759 1618 818 1679 pre
833 1618 920 1678 prse-

126 1698 613 1761 tatodebitorelevandoeidem
624 1700 728 1761 electo
739 1700 920 1761 concedere

126 1797 351 1871 dignaremur.
379 1799 539 1870 Quocirca
565 1798 714 1860 districte
740 1798 834 1859 robis
862 1814 920 1875 per

124 1894 314 1969 Apostolica
336 1895 459 1972 scripta
474 1895 680 1968 mandamus
704 1898 866 1973 quatenus
880 1896 919 1956 de

125 1991 234 2052 debito
250 1992 321 2068 ipso
334 1992 492 2069 inquisita
509 1994 700 2069 diligentius
715 1994 865 2065 veritate,
881 2009 919 2054 ac

124 2089 343 2150 consideratis
366 2091 622 2152 circumstantiis
650 2092 830 2163 universis,
859 2092 921 2151 lm·

125 2186 239 2247 tientes
254 2203 323 2263 pirre
338 2188 443 2248 oculis
461 2188 567 2249 selum
583 2189 768 2259 llominum,
792 2190 919 2251 tantum

122 2284 164 2344 de
181 2284 446 2360 possessionibus
468 2286 577 2346 miuus
590 2286 728 2347 utilibus
742 2286 917 2358 corniculi,

124 2397 199 2442 cum
219 2382 323 2458 ipsius
346 2383 546 2459 patriarchae
566 2384 705 2445 consilio
725 2383 788 2444 sibi
815 2384 921 2445 licen-

124 2480 206 2540 tiam
234 2479 398 2551 tribuatis,
425 2484 583 2557 spirantum
614 2482 655 2541 ad
687 2480 918 2542 alterationem

123 2576 230 2653 ipsius
246 2576 348 2639 debiti
361 2576 549 2657 (noveritis)
575 2579 743 2655 expedire,
760 2580 918 2640 attentius

125 2674 302 2751 provisuri,
319 2677 355 2736 ut
376 2692 417 2735 ne
438 2676 525 2736 dicta
548 2676 687 2736 ecclesia
711 2677 787 2736 inde
811 2677 917 2737 detri-

126 2774 269 2831 mentum
280 2771 440 2845 incurrat,
453 2772 538 2832 unde
555 2773 683 2833 consuli
694 2772 757 2833 sibi
770 2773 876 2845 debet,
887 2777 919 2835 et

128 2869 163 2929 ut
181 2868 321 2944 pretium
341 2871 509 2946 receptum
531 2886 573 2929 ex
596 2870 699 2930 eisin
721 2871 917 2933 solutionem

124 2964 224 3027 debiti
238 2967 310 3026 siue
325 2967 541 3027 diminutione
557 2968 667 3043 aliqua
683 2970 915 3031 committatur.

124 3064 244 3124 Datum
264 3066 376 3125 Itomae
396 3064 481 3141 apud
506 3067 662 3126 Sanctum
680 3068 824 3138 Petrum,
844 3070 918 3129 xli*

122 3159 190 3221 kal.
204 3163 291 3233 lan,
305 3163 515 3239 pontificatus
531 3164 635 3226 nostri
651 3179 738 3249 anino
754 3165 871 3241 primo.

467 3350 572 3437 CVII

121 3528 173 3587 Ad
202 3529 475 3601 archiepiscopos
504 3528 537 3588 oi
567 3531 740 3602 episcopos
770 3529 803 3589 ct
833 3531 917 3591 aiios

315 3625 476 3697 prelatos
489 3628 721 3686 ecclesiarum.

415 3737 448 3793 lt)
462 3736 525 3794 dee.
544 3737 623 3795 1216.

184 3858 320 3921 [Strehlke,
331 3858 434 3909 Tabulas
445 3859 542 3909 ordinis
552 3860 712 3920 Tlreutonici,
726 3861 779 3941 tab.
789 3861 857 3927 ios]

120 3990 236 4049 Ordinis
245 3992 411 4050 Tlroutonici
423 3992 594 4063 desertores,
610 4009 768 4067 eorumque
790 3994 915 4054 fautores

245 4096 365 4139 censura
380 4083 570 4141 eeclesiastico
582 4084 706 4140 coerceri
718 4083 807 4157 jubet.

160 4227 339 4297 llonorius,
356 4244 472 4289 servus
487 4243 659 4289 servorum
675 4229 745 4298 Dei,
771 4245 915 4290 senera-

119 4323 242 4385 bilibus
255 4324 412 4385 tratribus
423 4325 682 4403 archiepiscopis
695 4328 727 4388 et
736 4327 912 4404 episcopis,

121 4423 155 4483 et
178 4421 307 4483 dilectis
329 4422 406 4483 liliis
426 4423 501 4483 aliis
517 4422 734 4484 ecclesiarum
754 4424 911 4501 praelatis,

120 4518 162 4579 ad
188 4534 269 4595 quos
289 4520 409 4582 litterae
435 4519 508 4581 istm
525 4520 751 4597 pervenerint,
775 4521 913 4583 salutem

119 4618 154 4678 et
167 4617 383 4693 apostolicam
396 4616 669 4679 benedictionem.

161 4716 241 4775 Cum
276 4714 405 4777 dilectis
438 4715 516 4776 tiliis
549 4713 707 4777 tratribus
740 4716 914 4794 hospitalis

122 4813 252 4874 Sanctae
272 4813 387 4873 Mariae
409 4812 687 4874 Theutonicorum
705 4814 915 4876 ierosolimi-

119 4909 190 4970 taui
221 4925 241 4970 a
268 4910 352 4971 Sede
379 4910 568 4986 Apostolica
596 4911 640 4971 sit
668 4910 848 4982 indultum,
879 4913 914 4973 ut

119 5022 236 5068 eorum
249 5006 405 5068 tratribus
422 5008 494 5084 post
507 5007 625 5069 iactam
639 5008 674 5069 in
687 5024 801 5070 eorum
817 5009 913 5072 domo

120 5104 360 5181 professionem
379 5105 451 5165 siue
470 5105 617 5181 ipsorum
632 5106 765 5167 licentia
785 5122 851 5167 uon
872 5109 914 5169 li-

119 5206 194 5263 ceat
221 5202 390 5264 discedere
416 5202 458 5263 ab
484 5203 616 5271 eadem:
639 5220 697 5279 por
724 5206 912 5281 apostolica

119 5299 214 5361 robis
230 5300 352 5377 scripta
367 5299 576 5371 mandamus,
596 5304 758 5378 quatenus
780 5318 914 5364 eorum-

119 5398 194 5458 dem
210 5397 340 5470 lratres,
360 5414 441 5475 qum
456 5398 497 5458 ab
519 5399 665 5476 ipsorum
682 5399 778 5461 demo
800 5400 912 5462 disce-

119 5495 200 5555 dere
215 5493 400 5571 contigerit.
412 5496 545 5556 licentia
561 5512 626 5558 nou
649 5496 792 5570 obtenta,
810 5499 845 5560 ut
858 5516 914 5561 re-

120 5592 566 5669 t·eru111trrradiprsam‚ac
592 5594 678 5665 illos,
706 5595 747 5656 ad
774 5613 912 5673 quorum

120 5690 289 5751 consortia
313 5706 349 5753 se
375 5690 619 5762 transtulerint,
645 5694 681 5753 ut
709 5708 765 5755 eos
798 5698 912 5759 contra

758 368 985 431 EPIS'I'OLAE.
1010 368 1088 428 LIB.
1112 369 1136 427 1.

1710 364 1770 425 138

975 546 1122 623 ipsorum
1149 544 1288 605 fratrum
1314 560 1379 604 non
1399 544 1533 605 teneant
1553 542 1766 614 voluntatem,

974 642 1097 717 singuli
1120 658 1178 718 per
1197 658 1274 702 suas
1296 642 1466 713 dioeceses,
1484 641 1664 702 monitione
1677 656 1768 717 pree-

973 741 1075 800 missa
1088 755 1333 817 percensuram
1347 739 1607 799 ecclesiasticam
1620 738 1771 815 appella-

973 835 1064 898 tione
1082 838 1274 915 postposita,
1287 837 1503 913 compellatis.
1521 838 1638 898 Datum
1657 838 1770 897 ltomso
1854 836 1857 841 '

974 934 1059 1010 apud
1074 936 1229 996 Sanctum
1244 936 1387 1005 Petrum,
1404 937 1478 996 xlv
1489 933 1649 995 kalendas
1653 935 1771 1009 janua·

975 1031 1029 1099 rii,
1046 1032 1255 1108 pontificatus
1271 1033 1375 1093 nostri
1391 1048 1478 1093 rinno
1493 1032 1610 1108 prime.

1307 1230 1432 1317 otili

1094 1410 1145 1468 Ad
1159 1410 1354 1483 episcopam
1373 1412 1648 1471 Neeimacnscrii.

1269 1523 1305 1579 20
1316 1521 1378 1580 dee.
1397 1522 1475 1579 rite.

1021 1645 1126 1709 (Regest.
1138 1644 1182 1695 lib.
1195 1646 1215 1705 1,
1225 1645 1299 1710 epist.
1313 1646 1365 1696 185.
1377 1648 1434 1696 tiss.
1447 1648 1481 1697 La
1491 1647 1564 1697 Porto
1574 1647 1608 1695 du
1621 1646 1714 1705 iltuit.)

975 1787 1101 1860 lnjungit
1120 1796 1149 1846 ιιι
1168 1789 1266 1862 puniat
1281 1790 1419 1861 quosdam
1435 1790 1589 1847 canonicos
1604 1790 1770 1847 monasterii

1010 1878 1037 1935 S.
1058 1876 1256 1934 Bartltolomrei
1273 1879 1484 1949 Noviomeusrs,
1505 1886 1542 1946 et,
1563 1880 1588 1935 si
1603 1894 1660 1936 uon
1680 1880 1767 1937 corri-

1009 1973 1147 2039 gantur,a
1159 1966 1234 2024 dicto
1245 1968 1418 2024 monasterio
1427 1976 1454 2024 ot
1468 1967 1503 2025 ab
1514 1969 1576 2025 altis
1587 1968 1769 2025 monasteriis

1010 2054 1138 2127 ejusdem
1153 2054 1341 2112 observantius
1354 2065 1510 2114 removeat.

1013 2201 1190 2273 Honorius,
1208 2204 1282 2269 etc..
1299 2200 1483 2262 venerabili
1499 2201 1594 2263 tratri
1613 2203 1768 2279 episcopo

974 2298 1170 2359 Novienren.

1014 2395 1159 2457 Dilectus
1180 2396 1268 2469 tilius
1291 2396 1392 2458 abbas
1414 2398 1519 2459 sancti
1534 2397 1770 2458 Bartlrolumaei

974 2493 1169 2554 Not’iomen.
1191 2494 1317 2554 ordinis
1339 2496 1444 2556 sancti
1473 2495 1649 2570 Augustini
1673 2494 1769 2555 nobis

974 2589 1144 2651 lmmiliter
1159 2584 1368 2667 supplicavit,
1395 2595 1430 2654 ut
1454 2608 1553 2670 qtrum
1578 2592 1711 2668 quidam
1726 2591 1767 2653 de

974 2688 1144 2749 canonicis
1155 2690 1223 2749 suis
1236 2689 1480 2766 incorrigibiles
1488 2691 1521 2750 et
1528 2689 1667 2751 rebelles
1678 2690 1768 2767 quie·

972 2787 1038 2847 iem
1053 2786 1156 2863 ipsius
1172 2788 1363 2848 monasterii
1377 2803 1465 2865 saepe
1476 2786 1617 2859 turbent,
1634 2786 1767 2848 eosdem

973 2883 1157 2944 taceremus
1180 2885 1327 2960 regulari
1355 2885 1561 2946 districtione
1588 2885 1763 2963 compesci.

973 2984 1052 3042 Cum
1066 2982 1168 3058 igitur
1183 2982 1247 3043 loci
1265 2983 1472 3043 dioecesanus
1488 2985 1623 3054 existas,
1640 2982 1764 3044 frater-

973 3080 1068 3141 nitati
1080 3080 1144 3141 tuae
1158 3095 1217 3157 per
1229 3082 1410 3156 apostolica
1422 3081 1544 3158 scripta
1558 3080 1763 3152 mandamus,

973 3179 1134 3253 quatemrs
1149 3180 1252 3238 Deum
1267 3177 1393 3238 liabens
1408 3194 1477 3255 prae
1494 3179 1610 3242 oculis.
1627 3178 1766 3240 canoni-

972 3291 1028 3335 cos
1044 3291 1126 3352 quos
1141 3275 1175 3335 iu
1197 3274 1312 3335 eodem
1334 3275 1536 3336 monasterio
1551 3276 1672 3353 quictis
1695 3275 1766 3336 ira-

971 3374 1059 3433 trum
1101 3372 1295 3432 inveneritis
1331 3372 1531 3443 turbatores,
1567 3373 1766 3449 regulariter

972 3485 1093 3544 arguas
1115 3470 1148 3529 et
1166 3468 1319 3544 castiges,
1343 3469 1422 3530 etsi
1445 3486 1501 3530 eos
1521 3468 1765 3543 incorrigibiles

971 3583 1045 3628 esse
1070 3567 1265 3639 constiterit,
1293 3583 1335 3627 ne
1363 3583 1422 3643 per
1448 3582 1570 3644 paucas
1598 3566 1765 3628 morbidas

972 3681 1049 3726 oses
1077 3680 1160 3741 grex
1185 3666 1275 3727 inlici
1301 3665 1411 3727 valeat
1439 3664 1632 3735 universus,
1660 3664 1761 3740 ipsos,

971 3763 1099 3824 sublate
1126 3764 1359 3840 appellationis
1384 3762 1569 3833 obstacu10,
1592 3776 1764 3824 removeas

970 3860 1011 3921 ab
1027 3861 1141 3923 eodem
1156 3862 1191 3922 in
1210 3860 1287 3922 aliis
1303 3861 1512 3922 monasteriis
1534 3859 1681 3937 ejusdem
1699 3857 1763 3920 ob·

971 3960 1147 4020 servantiae
1162 3959 1203 4019 ad
1227 3958 1390 4034 agendum
1411 3958 1637 4034 poenitentiam
1659 3956 1765 4017 collo-

970 4057 1091 4129 cando,
1108 4056 1367 4118 contradictores
1387 4070 1639 4132 percensuram
1660 4054 1764 4115 eccle-

970 4154 1138 4215 siasticam
1151 4153 1399 4230 compescendo.
1415 4154 1533 4215 Datum
1546 4156 1659 4216 Romae
1674 4152 1761 4229 apud

970 4251 1126 4310 Sanctum
1144 4251 1289 4320 Petrum,
1312 4252 1388 4309 Xlll
1414 4249 1574 4310 kalendas
1598 4248 1761 4326 januarii,

970 4346 1179 4425 pontificatus
1194 4347 1298 4407 nostri
1313 4361 1400 4406 anno
1416 4346 1533 4421 primo.

1323 4559 1407 4646 illl

967 4743 1019 4802 Aa
1047 4743 1219 4814 episcopos
1243 4740 1277 4800 et
1297 4738 1434 4799 abbates
1454 4752 1520 4811 per
1537 4738 1762 4810 Cainpeaiam

976 4850 985 4861 ·
1007 4836 1226 4899 Maritimam
1245 4836 1278 4898 ct
1295 4836 1428 4897 terreat
1441 4832 1763 4895 nouo-ascondita-

1008 4936 1070 4996 tos.

1259 5028 1293 5085 ii
1308 5026 1370 5084 doc.
1387 5027 1464 5083 lito.

968 5153 1147 5220 [llondiniuus
1168 5151 1314 5203 llouasterii
1335 5151 1366 5200 de
1385 5150 1535 5201 Casamario
1548 5150 1632 5201 brevis
1645 5150 1761 5211 tristeris,

1312 5247 1337 5296 p.
1350 5230 1415 5296 lii]

1020 5367 1176 5427 committit
1191 5365 1387 5425 detonsionem
1408 5364 1524 5423 fratrum
1544 5366 1707 5425 essedarii

1201 5456 1396 5514 Cistercteusis
1409 5454 1525 5512 ordinis.

1007 5592 1260 5654 venerabilibus
1283 5591 1441 5653 tratribus
1465 5591 1639 5668 episcopis,
1661 5593 1693 5652 et
1717 5590 1763 5649 di·

968 5692 1062 5753 lectis
1084 5690 1162 5751 liliis
1191 5688 1382 5758 abbatibus,
1417 5688 1599 5767 prioribus,
1625 5690 1657 5749 et
1685 5687 1761 5748 aliis
