3802 6166
120 254 177 321 221
507 250 595 315 xlx.
610 250 710 313 -IN
731 247 1028 315 GONVERSIONE
1046 248 1199 311 BEATAE
1219 248 1383 313 MARIAE.
1707 244 1773 318 22'2

119 416 275 481 tellectus
295 410 502 493 designatur.
519 410 602 485 Quia
618 408 707 474 sient
724 424 786 489 ρετ
798 407 920 472 ostium
974 409 1205 473 reservantur
1233 411 1370 473 ineerta
1397 407 1501 489 (Eccl.
1530 407 1579 486 lx,
1607 409 1654 493 2).
1676 412 1775 478 Unde

119 514 220 577 homo
235 512 433 591 ingreditur,
458 511 551 574 itaet
565 526 625 588 per
642 510 845 572 intellectum
860 508 920 570 lux
973 506 1035 570 Job
1057 506 1098 568 de
1110 507 1249 569 Domino
1278 507 1528 584 ingemiscendo
1541 509 1622 573 dicit
1637 514 1696 575 :Si
1711 528 1774 576 ee·

121 612 235 674 divina
249 613 371 673 nostrae
387 609 490 672 menti
499 608 696 671 infunditur.
710 611 798 670 Deus
808 608 919 669 autem
972 604 1067 666 uerit
1081 608 1126 666 ud
1137 620 1202 676 iae,
1215 621 1284 667 arou
1296 610 1415 668 videbo
1424 622 1526 680 earm
1547 609 1621 670 etsi
1634 611 1772 683 obterit,

121 709 179 772 lux
193 710 257 783 est,
272 724 345 789 quae
359 706 461 770 intrat
474 723 535 785 per
542 707 675 780 ostium,
689 707 787 779 idest,
797 721 856 783 per
865 706 921 766 in·
973 715 1042 764 uon
1066 705 1254 781 intelligam
1276 702 1363 784 (lob.
1393 721 1440 777 rx,
1462 705 1525 785 ll).
1543 708 1644 778 Quasi
1659 707 1770 770 dicat:

120 808 289 873 tellectum
314 804 477 868 nostrum.
507 805 667 867 Dominus
677 805 787 881 pulsat
805 803 846 865 ad
865 820 921 866 os·
974 818 1040 863 non
1069 800 1188 863 videbo
1215 801 1324 878 ipsum
1357 805 1556 880 presentem
1582 821 1659 866 cum
1687 805 1774 867 bene

121 909 215 977 bum,
240 904 373 982 quando
387 903 513 966 crebris
531 902 778 966 visitationibus
792 901 916 974 visitat,
974 915 1105 977 operor,
1128 915 1190 961 nec
1217 900 1368 977 intelligo
1384 900 1492 978 ipsum
1507 901 1677 964 absentum
1696 919 1771 965 cum

122 1005 154 1067 et
178 1002 372 1080 compungit
398 1017 457 1063 cor
482 1002 642 1062 nostrum.
677 1000 786 1071 Audit,
821 998 917 1068 idest,
973 997 1115 1074 gratiam
1134 996 1310 1068 subtrahit,
1333 1000 1367 1059 et
1381 997 1453 1060 haec
1467 1000 1518 1061 est
1532 1000 1670 1063 mutatio
1686 1000 1805 1073 dex-„

123 1100 263 1165 exaudit
275 1115 390 1163 vocem
405 1099 507 1170 illius,
524 1099 580 1177 qni
591 1098 719 1176 perlicit
729 1113 830 1176 opera
845 1113 918 1175 quae
973 1096 1052 1157 terea
1069 1095 1209 1156 Excelsi.

123 1197 323 1279 heusjnbet.
338 1199 454 1274 Aperit
466 1200 617 1275 januam,
640 1197 726 1259 idest
744 1196 920 1274 cogitatio-
1013 1192 1232 1256 Mansuetudo
1268 1194 1519 1257 commendatur
1551 1194 1587 1256 in
1623 1195 1771 1269 Christo,

124 1312 211 1363 nem,
238 1294 296 1371 qui
323 1292 446 1370 cogitat
468 1308 509 1354 ea
534 1308 608 1370 quae
632 1292 692 1354 Dei
716 1293 803 1354 sunt.
827 1290 918 1365 Quod
974 1291 1031 1369 qui
1046 1307 1120 1352 cum
1135 1292 1371 1353 essetmundus
1383 1291 1423 1353 ab
1436 1291 1613 1353 omnilabe
1627 1296 1768 1370 peccati,

123 1391 270 1455 iaciebat
283 1390 388 1453 David
403 1407 478 1452 cnm
500 1390 626 1452 diceret
640 1411 648 1450 :
664 1394 707 1451 Iu
725 1391 917 1461 materteris,
974 1387 1205 1467 aequanimiter
1232 1388 1426 1462 sustinebat,
1455 1390 1491 1451 ut
1509 1393 1775 1453 contrectaretur
1847 1420 1851 1429 ·

124 1494 282 1560 Domine,
309 1491 501 1552 nieditubor
515 1492 553 1550 iu
579 1489 612 1550 te
638 1486 708 1568 (Ps.
725 1489 776 1560 62,
790 1487 835 1568 7).
854 1491 921 1548 ho-
975 1486 1016 1546 ab
1024 1487 1094 1558 illa,
1105 1503 1179 1564 quac
1187 1487 1284 1564 plena
1298 1488 1371 1548 erat
1384 1486 1538 1548 sordibus
1547 1492 1769 1565 peccatorum.

124 1587 235 1650 minus
260 1585 363 1648 intrat
384 1587 425 1648 ad
446 1585 553 1659 illum,
581 1584 712 1664 quando
733 1585 840 1662 replet
863 1599 922 1647 cor
976 1584 1061 1646 Nam
1077 1600 1151 1646 cum
1176 1584 1297 1645 mulier
1318 1600 1393 1662 quae
1409 1586 1482 1647 erat
1498 1584 1532 1646 in
1549 1586 1683 1647 civitate
1695 1602 1777 1663 peo-

123 1684 306 1746 humanum
324 1699 387 1745 sua
413 1683 533 1760 gratia,
560 1683 593 1745 et
621 1682 730 1745 coenat
750 1698 825 1744 oum
848 1682 919 1750 illo,
975 1681 1094 1754 catrix,
1111 1682 1324 1758 cognovisset
1346 1682 1433 1760 quod
1447 1685 1544 1745 Jesus
1565 1683 1774 1746 accubuisset

123 1783 199 1861 quia
217 1780 403 1844 delectatur
415 1796 489 1842 cum
509 1779 568 1843 illo
591 1780 626 1841 in
647 1779 744 1841 bonis
764 1779 920 1857 operibus
975 1780 1009 1842 in
1025 1779 1121 1842 domo
1136 1779 1307 1857 pharisaei,
1328 1781 1391 1842 hoo
1411 1782 1472 1854 est,
1500 1781 1690 1859 quodenset
1709 1782 1777 1843 hu-

123 1880 240 1959 ipsius,
258 1881 291 1941 et
312 1878 440 1941 devotis
458 1876 681 1954 orationibus;
702 1877 780 1956 quia
802 1876 920 1940 devota
975 1878 1063 1939 milis
1082 1879 1116 1940 et
1139 1876 1315 1955 benignus,
1341 1880 1534 1941 mansuetus
1553 1880 1585 1942 et
1607 1880 1692 1956 pius,
1711 1895 1773 1942 as-

125 1979 231 2040 oratio
255 1977 407 2055 penetrat
428 1975 547 2038 coelum
571 1976 604 2038 et
631 1973 689 2037 ille
711 1977 821 2038 coenat
846 1990 921 2036 cum
976 1977 1106 2053 sumpta
1128 1975 1169 2038 de
1188 1976 1260 2052 ipso
1275 1975 1397 2037 fiducia
1420 1976 1452 2038 et
1476 1992 1535 2054 spe
1549 1976 1589 2037 de
1607 1977 1679 2055 ipso
1692 1992 1776 2038 con-

124 2077 200 2147 beO,
219 2073 277 2151 qui
297 2073 481 2135 delectatur
497 2073 664 2151 spirituali
682 2073 856 2134 dulcedine
868 2073 922 2149 ip·
976 2074 1082 2150 cepta,
1109 2074 1204 2136 venit
1227 2073 1268 2134 ad
1284 2072 1384 2151 [eum3
1415 2089 1503 2150 aegra
1533 2074 1574 2134 ad
1596 2074 1772 2148 medicum,

126 2171 203 2233 sius.
231 2170 324 2243 Quod
350 2170 493 2232 iaciebat
518 2171 634 2240 David,
663 2187 737 2232 cum
770 2170 919 2232 diceret:
976 2171 1100 2232 ancilla
1116 2172 1156 2233 ad
1170 2171 1357 2243 Dominum,
1375 2166 1545 2249 peccatrix
1558 2172 1600 2233 ad
1616 2173 1774 2234 Salvato-

127 2272 232 2337 (lucm
265 2282 393 2345 enuptio
423 2268 594 2330 mittitudo
624 2270 812 2329 dulcedinis
840 2269 920 2339 tttoe,
976 2284 1058 2341 rem,
1072 2270 1215 2331 afferens
1230 2268 1434 2330 alabastrum
1445 2269 1617 2345 unguenti,
1634 2272 1667 2330 et
1681 2270 1776 2331 stans

128 2369 271 2431 henetae
293 2363 362 2445 (Ps.
385 2367 435 2434 30,
451 2364 516 2444 20).
538 2366 701 2427 comestio
717 2364 840 2427 Christi
859 2365 919 2437 est,
975 2370 1066 2428 retro
1075 2382 1171 2427 secus
1183 2366 1284 2443 pedes
1293 2369 1376 2444 ejus,
1388 2367 1545 2444 lacrymis
1554 2368 1653 2444 coepit
1663 2368 1775 2444 rigare

128 2465 211 2544 quod
226 2465 297 2542 ipse
319 2463 460 2541 gatrdmd
474 2464 514 2524 de
529 2462 625 2524 bonis
640 2462 773 2535 nostris,
791 2463 921 2541 quando
976 2463 1075 2541 pedes
1088 2467 1160 2541 eius
1176 2465 1208 2526 et
1223 2464 1353 2541 capillis
1368 2465 1438 2526 suis
1452 2464 1614 2541 tergebat,
1630 2466 1663 2527 et
1675 2481 1775 2528 osen·
1881 2490 1898 2527 .·

131 2578 292 2641 pauperes
305 2560 613 2624 Christicomedunt
623 2560 857 2645 nobiscumldt
871 2577 923 2623 co·
976 2560 1108 2622 labatur
1132 2562 1232 2638 pedes
1261 2564 1333 2639 ejus
1357 2563 1390 2624 et
1412 2564 1580 2638 unguento
1616 2562 1772 2640 ungebat.

130 2661 245 2722 mestio
259 2659 381 2720 Christi
395 2659 455 2731 est,
468 2659 597 2736 quoties
612 2675 726 2720 sumus
741 2659 870 2719 alacres
881 2659 921 2719 de
976 2660 1153 2721 Peccatum
1179 2659 1277 2736 buJus
1302 2659 1453 2720 mulieris
1472 2659 1546 2721 erat
1564 2676 1721 2737 magnum
1740 2664 1777 2725 et

129 2758 230 2835 gloria
258 2756 401 2830 Domini,
431 2772 530 2833 quam
554 2757 745 2834 preparavit
767 2756 862 2818 nobis
888 2755 921 2817 in
976 2756 1200 2830 manifestum,
1215 2757 1249 2818 et
1259 2757 1335 2818 ideo
1347 2757 1562 2835 diciturquod
1574 2760 1777 2822 eratmulier

131 2855 232 2917 coelis.
249 2857 342 2916 'lunc
356 2854 566 2916 comedemus
588 2854 756 2932 cumipse
779 2854 920 2923 incaelo,
977 2854 1012 2915 in
1026 2855 1160 2916 civitate
1184 2855 1364 2932 peccatrix.
1387 2857 1544 2931 Magnum
1562 2856 1670 2933 plane,
1693 2856 1772 2935 quia

133 2954 261 3032 ‹piando
291 2952 427 3016 satiabit
450 2969 511 3015 nos
539 2953 580 3015 de
608 2952 716 3031 gloria
739 2969 812 3023 sna,
838 2952 924 3015 sicut
977 2953 1147 3029 peccatrix
1165 2954 1247 3025 erat,
1272 2953 1369 3025 idest,
1395 2953 1527 3030 publica
1541 2955 1702 3017 meretrix
1716 2971 1773 3017 ex-

132 3052 207 3116 dicit
234 3052 340 3114 David
356 3053 537 3115 :Suttubcr
553 3055 634 3113 dum
644 3051 923 3126 montisestcbitcr
976 3051 1085 3128 posita
1100 3051 1277 3112 universis.
1298 3051 1515 3114 Manifestum
1539 3053 1661 3126 autem,
1686 3053 1774 3132 quod

134 3155 242 3228 ptum
255 3152 317 3213 tuo
327 3149 397 3230 (Ps.
414 3152 463 3223 16,
479 3148 543 3229 15).
978 3149 1149 3226 peccatrix
1158 3150 1231 3210 erat
1243 3149 1277 3210 in
1290 3149 1435 3221 civitate,
1450 3150 1548 3222 idest,
1565 3153 1659 3228 oldus
1688 3167 1771 3229 pec-

163 3250 324 3327 Sequitur
346 3268 354 3308 ε
376 3249 421 3310 nt
449 3251 628 3324 inpressas
653 3250 755 3309 lesus
783 3250 923 3309 domum
978 3247 1170 3310 catumtota
1191 3247 1309 3308 civitas
1324 3247 1554 3323 cognoscebat.
1571 3249 1654 3321 Quia
1671 3248 1779 3327 igitur

127 3350 291 3422 proruet
328 3345 506 3408 discubuit.
551 3345 701 3407 Christus
738 3345 924 3421 ingreditur
977 3345 1228 3421 magnumerat,
1245 3360 1365 3421 magno
1379 3345 1676 3408 satisfecitdolore.
1691 3348 1776 3419 Quia

130 3442 260 3507 domum
293 3444 453 3516 nostram,
479 3443 574 3513 idest,
605 3443 695 3504 intus
716 3443 752 3504 in
777 3442 923 3504 animam
977 3442 1190 3503 manifestum
1214 3444 1295 3514 erat,
1324 3442 1501 3504 manifesto
1528 3444 1688 3506 satisfecit
1713 3461 1779 3522 pu·

129 3544 286 3611 nostram,
310 3542 441 3620 quando
463 3541 630 3603 illuminat
644 3541 790 3602 animam
805 3555 925 3618 pecca·
978 3540 1069 3600 dore.
1082 3542 1120 3600 In
1135 3554 1199 3615 quo
1215 3538 1310 3600 nobis
1327 3538 1487 3600 Dominus
1508 3541 1645 3618 reliquit
1665 3557 1775 3603 exem·

130 3640 209 3701 toris
237 3638 279 3700 ad
296 3654 392 3699 suam
419 3638 657 3714 cognitionem,
684 3638 718 3698 et
738 3636 925 3698 inflammat
980 3636 1083 3714 plum,
1098 3637 1133 3697 ut
1147 3635 1338 3714 peccatores
1349 3634 1492 3711 henigne
1510 3637 1723 3713 recipiamus,
1744 3640 1780 3702 et

130 3752 198 3798 eam
216 3735 258 3798 ad
287 3752 384 3797 suum
396 3752 555 3808 amorem,
568 3736 601 3797 et
624 3734 788 3797 confortat
801 3750 923 3812 pecca·
978 3736 1111 3795 illorum
1125 3733 1316 3811 reprobavit
1327 3735 1564 3810 arrogantiam,
1580 3735 1637 3813 qui
1656 3752 1777 3813 pecca-

132 3836 233 3897 torem
265 3834 307 3896 ad
340 3833 460 3896 bonam
489 3834 728 3911 operationem.
764 3832 924 3895 Dominus
979 3834 1069 3894 tores
1084 3832 1271 3909 despiciunt
1282 3834 1315 3894 et
1329 3832 1511 3909 expellunt.

129 3933 219 3995 venit
246 3934 280 3993 et
304 3931 419 3995 visitat
446 3931 654 4009 peccatorem
679 3946 739 4008 per
759 3930 925 3993 internam
1019 3930 1215 4006 allegorice.
1242 3933 1371 3992 Madier
1397 3932 1563 4004 praeerat
1586 3934 1624 3992 in
1638 3932 1779 3996 civitate

131 4029 425 4108 compunctionem,
444 4029 576 4107 quando
596 4029 751 4105 peccator
763 4028 820 4107 qui
834 4028 926 4105 prius
976 4028 1196 4101 peccatrix...
1209 4027 1333 4089 Civitas
1344 4027 1511 4104 significat
1524 4029 1697 4102 mundum3
1711 4046 1780 4092 mu·

130 4126 237 4190 iuerat
250 4126 381 4200 stultus,
399 4142 460 4204 per
487 4126 657 4204 peccatum
677 4127 833 4204 seipsum
848 4126 926 4188 vul·
981 4124 1045 4186 lier
1073 4125 1254 4202 peccatrix,
1278 4125 1567 4201 congregationem
1589 4127 1776 4203 gentilium.

130 4226 288 4297 nerando,
316 4224 459 4287 efficitur
478 4225 623 4302 sapiens,
638 4224 850 4301 semetipsum
867 4240 927 4301 per
981 4222 1102 4285 Mulier
1114 4224 1179 4285 ista
1196 4224 1351 4299 cognovit
1362 4224 1447 4301 quod
1460 4226 1557 4287 lesus
1572 4225 1726 4287 accubuit
1740 4226 1777 4287 in

129 4323 356 4401 paenitentiam
368 4322 528 4395 sanando,
541 4324 573 4384 et
586 4322 642 4400 qui
655 4322 748 4399 prius
759 4324 926 4399 tamquam
981 4321 1077 4383 domo
1093 4321 1263 4398 pharisaei,
1280 4320 1378 4393 idest,
1401 4323 1487 4399 quod
1510 4322 1661 4385 Christus
1682 4340 1781 4386 aoce-

129 4421 238 4484 iatuus
260 4422 396 4499 peccata
422 4436 483 4483 sua
505 4419 692 4497 ignorabat,
717 4420 926 4498 postmodnm
981 4421 1030 4498 pit
1043 4435 1178 4481 carnem
1193 4420 1351 4490 nostram,
1366 4419 1400 4480 et
1425 4421 1579 4499 apparuit
1593 4436 1653 4498 per
1666 4422 1781 4483 incar-

130 4521 265 4598 peocata
294 4536 355 4582 sua
376 4519 596 4595 recognoscit,
616 4518 731 4580 dicens
746 4534 821 4579 cum
839 4521 926 4579 Pro·
981 4518 1149 4579 nationem
1177 4534 1272 4579 suam
1295 4518 1330 4578 in
1351 4519 1443 4579 terra
1458 4520 1661 4591 ludaeorum,
1679 4520 1776 4592 idest,

129 4619 252 4697 pheta:
269 4617 494 4692 ramiridem
503 4632 619 4679 mam
634 4630 879 4694 apocoprtosco,
893 4617 928 4678 et
982 4615 1114 4694 quando
1139 4616 1315 4679 inclinavit
1336 4616 1437 4678 ooelos
1453 4618 1486 4678 et
1500 4616 1679 4679 descendit.
1695 4619 1781 4678 bes·

128 4717 290 4780 delictum
318 4730 436 4778 etcum
466 4729 585 4777 corum
617 4729 672 4777 rue
709 4715 762 4776 est
789 4729 927 4789 semper
981 4714 1138 4777 cenditin
1153 4716 1303 4786 matrem,
1321 4714 1378 4775 sed
1393 4714 1554 4776 remansit
1576 4729 1650 4774 cum
1666 4714 1777 4776 Patre.

132 4811 199 4893 (Ps.
216 4812 324 4893 50,‹l).
337 4813 701 4876 Tuncvenitltominus
713 4811 755 4873 ad
768 4826 840 4885 nos,
853 4828 927 4874 cnm
983 4813 1136 4888 Suscepit
1155 4811 1406 4883 humanitatem,
1430 4811 1486 4872 sed
1506 4811 1645 4872 retinuit
1665 4812 1780 4874 Deita-

129 4911 274 4987 gratiam
299 4908 384 4973 bene
407 4909 528 4987 agendi
555 4909 651 4972 nobis
672 4908 827 4982 infundit,
850 4910 927 4986 quia
980 4908 1673 4983 tem.Namcuminsormuhetessetuou
1687 4912 1781 4986 rapt·

131 5008 229 5070 homo
245 5009 281 5069 in
301 5007 364 5070 boc
385 5007 508 5069 mundo
536 5006 734 5069 constitutus
763 5006 797 5067 in
819 5007 928 5069 medio
982 5006 1459 5069 ararearbitraturestessese
1473 5010 1638 5080 aqualem
1649 5012 1780 5080 Deo,se

130 5105 280 5168 nationis
289 5120 401 5183 pravae
412 5107 446 5168 et
456 5120 621 5183 perversae
637 5120 703 5166 non
718 5104 814 5181 plene
826 5104 926 5178 videt,
983 5105 1179 5168 exinanivit
1191 5106 1414 5178 semetipsum
1426 5106 1578 5178 formem
1586 5108 1781 5168 setctccci-
1831 5136 1835 5143 ·

131 5204 159 5265 si
173 5218 312 5282 persua
326 5218 556 5281 operaamore
574 5202 627 5265 vel
643 5202 718 5264 odio
734 5202 853 5279 dignus
867 5202 930 5264 ba-
979 5206 1092 5279 piens,
1118 5205 1156 5263 ic
1177 5202 1438 5265 strictitudinem
1463 5205 1641 5264 ltomiuum
1654 5204 1779 5278 suctus,

130 5300 260 5364 beatur.
295 5302 388 5363 Sicut
416 5301 496 5365 dicit
529 5302 708 5364 Salomon:
734 5303 822 5364 Sicut
839 5302 930 5376 jrcsti
984 5301 1018 5362 et
1042 5301 1159 5363 babitu
1173 5299 1335 5362 iuventus
1352 5301 1391 5362 ut
1415 5305 1514 5363 bento
1529 5298 1667 5379 (Philip.
1680 5317 1717 5373 11,
1733 5300 1780 5381 6).

131 5401 232 5475 atque
255 5400 441 5474 sopientes,
462 5400 496 5461 et
515 5414 623 5474 opera
643 5402 814 5461 eomcmiu
823 5414 930 5461 emiza
1025 5401 1110 5460 Ecce
1124 5414 1246 5459 novum
1265 5398 1346 5459 illud
1356 5398 1554 5460 miraculum
1568 5399 1601 5460 et
1615 5399 1782 5461 insuetum

132 5500 206 5571 Det,
223 5499 259 5559 et
276 5498 393 5559 tamen
407 5499 516 5561 nescit
541 5502 640 5560 boeio
668 5498 789 5559 utrum
811 5512 931 5560 umore
985 5497 1071 5574 quod
1095 5496 1346 5558 fecitbominus
1367 5498 1621 5573 superterram,
1652 5496 1783 5574 quando

132 5600 184 5661 ael
211 5596 291 5660 odio
316 5597 440 5673 dicans
466 5595 931 5670 stt,scdomaioiu1tdoro
988 5594 1125 5658 loemina
1151 5594 1358 5659 circundedit
1384 5595 1494 5661 virum
1532 5594 1668 5671 greemio
1697 5595 1783 5658 uteri
