<?xml version="1.0" encoding="UTF-8"?>
<!DOCTYPE html PUBLIC "-//W3C//DTD XHTML 1.0 Transitional//EN"
    "http://www.w3.org/TR/xhtml1/DTD/xhtml1-transitional.dtd">
<html xmlns="http://www.w3.org/1999/xhtml" xml:lang="en" lang="en">
 <head>
  <title>
</title>
<meta http-equiv="Content-Type" content="text/html;charset=utf-8" />
  <meta name='ocr-system' content='tesseract 3.04.00' />
  <meta name='ocr-capabilities' content='ocr_page ocr_carea ocr_par ocr_line ocrx_word'/>
</head>
<body>
  <div class='ocr_page' id='page_1' title='image "./mediiaevibiblio02horogoog_0321.png"; bbox 0 0 3802 6166; ppageno 0'>
   <div class='ocr_carea' id='block_1_1' title="bbox 129 232 187 297">
    <p class='ocr_par' dir='ltr' id='par_1_1' title="bbox 129 232 187 297">
     <span class='ocr_line' id='line_1_1' title="bbox 129 232 187 297; baseline -0.034 0"><span class='ocrx_word' id='word_1_1' title='bbox 129 232 187 297; x_wconf 78' lang='lat' dir='ltr'>tao</span> 
     </span>
    </p>
   </div>
   <div class='ocr_carea' id='block_1_2' title="bbox 128 393 926 1450">
    <p class='ocr_par' dir='ltr' id='par_1_2' title="bbox 128 393 926 1450">
     <span class='ocr_line' id='line_1_2' title="bbox 169 393 924 472; baseline 0.001 -17"><span class='ocrx_word' id='word_1_2' title='bbox 169 396 250 455; x_wconf 88' lang='lat' dir='ltr'>Cum</span> <span class='ocrx_word' id='word_1_3' title='bbox 261 394 350 472; x_wconf 90' lang='lat' dir='ltr'>juris</span> <span class='ocrx_word' id='word_1_4' title='bbox 357 394 509 455; x_wconf 82' lang='lat' dir='ltr'>executio</span> <span class='ocrx_word' id='word_1_5' title='bbox 519 393 554 453; x_wconf 94' lang='lat' dir='ltr'>in</span> <span class='ocrx_word' id='word_1_6' title='bbox 562 409 599 455; x_wconf 86' lang='lat' dir='ltr'>se</span> <span class='ocrx_word' id='word_1_7' title='bbox 609 394 766 471; x_wconf 91' lang='lat' dir='ltr'>injuriam</span> <span class='ocrx_word' id='word_1_8' title='bbox 780 410 847 456; x_wconf 92' lang='lat' dir='ltr'>non</span> <span class='ocrx_word' id='word_1_9' title='bbox 861 395 924 456; x_wconf 88' lang='lat' dir='ltr'>im·</span> 
     </span>
     <span class='ocr_line' id='line_1_3' title="bbox 130 492 926 571; baseline 0 -16"><span class='ocrx_word' id='word_1_10' title='bbox 130 494 248 571; x_wconf 85' lang='lat' dir='ltr'>portet,</span> <span class='ocrx_word' id='word_1_11' title='bbox 262 492 357 569; x_wconf 86' lang='lat' dir='ltr'>sijus</span> <span class='ocrx_word' id='word_1_12' title='bbox 368 493 515 552; x_wconf 90' lang='lat' dir='ltr'>nostrum</span> <span class='ocrx_word' id='word_1_13' title='bbox 526 492 759 568; x_wconf 75' lang='lat' dir='ltr'><strong>prosequimur</strong></span> <span class='ocrx_word' id='word_1_14' title='bbox 771 492 854 553; x_wconf 88' lang='lat' dir='ltr'>nibil</span> <span class='ocrx_word' id='word_1_15' title='bbox 865 494 926 555; x_wconf 91' lang='lat' dir='ltr'>de-</span> 
     </span>
     <span class='ocr_line' id='line_1_4' title="bbox 129 590 923 667; baseline 0 -14"><span class='ocrx_word' id='word_1_16' title='bbox 129 592 264 653; x_wconf 88' lang='lat' dir='ltr'>trahere</span> <span class='ocrx_word' id='word_1_17' title='bbox 282 592 352 667; x_wconf 70' lang='grc'><strong>11111</strong></span> <span class='ocrx_word' id='word_1_18' title='bbox 367 590 533 649; x_wconf 85' lang='lat' dir='ltr'>credimus</span> <span class='ocrx_word' id='word_1_19' title='bbox 556 590 679 651; x_wconf 88' lang='lat' dir='ltr'>alienu.</span> <span class='ocrx_word' id='word_1_20' title='bbox 707 592 799 654; x_wconf 89' lang='lat' dir='ltr'>Licet</span> <span class='ocrx_word' id='word_1_21' title='bbox 812 594 923 653; x_wconf 84' lang='lat' dir='ltr'>autem</span> 
     </span>
     <span class='ocr_line' id='line_1_5' title="bbox 129 688 925 765; baseline -0.001 -14"><span class='ocrx_word' id='word_1_22' title='bbox 129 704 173 751; x_wconf 78' lang='lat' dir='ltr'>ex</span> <span class='ocrx_word' id='word_1_23' title='bbox 197 688 401 765; x_wconf 75' lang='lat' dir='ltr'>plenitudine</span> <span class='ocrx_word' id='word_1_24' title='bbox 427 688 599 763; x_wconf 87' lang='lat' dir='ltr'>potcstatis</span> <span class='ocrx_word' id='word_1_25' title='bbox 626 688 787 751; x_wconf 81' lang='lat' dir='ltr'>beneficia</span> <span class='ocrx_word' id='word_1_26' title='bbox 816 690 925 751; x_wconf 88' lang='lat' dir='ltr'>cccle-</span> 
     </span>
     <span class='ocr_line' id='line_1_6' title="bbox 129 785 921 864; baseline 0.004 -19"><span class='ocrx_word' id='word_1_27' title='bbox 129 787 264 847; x_wconf 89' lang='lat' dir='ltr'>siastica</span> <span class='ocrx_word' id='word_1_28' title='bbox 276 785 427 861; x_wconf 89' lang='lat' dir='ltr'>personis</span> <span class='ocrx_word' id='word_1_29' title='bbox 445 785 572 846; x_wconf 87' lang='lat' dir='ltr'>idoneis</span> <span class='ocrx_word' id='word_1_30' title='bbox 587 788 739 847; x_wconf 83' lang='lat' dir='ltr'>conterre</span> <span class='ocrx_word' id='word_1_31' title='bbox 747 787 921 864; x_wconf 90' lang='lat' dir='ltr'>possimus,</span> 
     </span>
     <span class='ocr_line' id='line_1_7' title="bbox 130 884 921 963; baseline 0.005 -20"><span class='ocrx_word' id='word_1_32' title='bbox 130 884 178 943; x_wconf 90' lang='lat' dir='ltr'>sic</span> <span class='ocrx_word' id='word_1_33' title='bbox 206 887 314 944; x_wconf 85' lang='lat' dir='ltr'>tamen</span> <span class='ocrx_word' id='word_1_34' title='bbox 342 886 500 960; x_wconf 83' lang='lat' dir='ltr'>qrrantum</span> <span class='ocrx_word' id='word_1_35' title='bbox 529 900 604 944; x_wconf 91' lang='lat' dir='ltr'>cum</span> <span class='ocrx_word' id='word_1_36' title='bbox 640 887 707 946; x_wconf 77' lang='grc' dir='ltr'>11οο</span> <span class='ocrx_word' id='word_1_37' title='bbox 735 901 921 963; x_wconf 88' lang='lat' dir='ltr'>possumus,</span> 
     </span>
     <span class='ocr_line' id='line_1_8' title="bbox 128 980 922 1060; baseline 0.001 -17"><span class='ocrx_word' id='word_1_38' title='bbox 128 981 327 1059; x_wconf 71' lang='lat' dir='ltr'>apostolicae</span> <span class='ocrx_word' id='word_1_39' title='bbox 347 980 442 1042; x_wconf 88' lang='lat' dir='ltr'>Sedis</span> <span class='ocrx_word' id='word_1_40' title='bbox 457 982 668 1058; x_wconf 79' lang='lat' dir='ltr'>privilegium</span> <span class='ocrx_word' id='word_1_41' title='bbox 689 986 922 1060; x_wconf 70' lang='lat' dir='ltr'>temperamus,</span> 
     </span>
     <span class='ocr_line' id='line_1_9' title="bbox 128 1078 925 1157; baseline 0.004 -16"><span class='ocrx_word' id='word_1_42' title='bbox 128 1080 166 1141; x_wconf 88' lang='lat' dir='ltr'>ut</span> <span class='ocrx_word' id='word_1_43' title='bbox 185 1096 246 1140; x_wconf 90' lang='lat' dir='ltr'>nec</span> <span class='ocrx_word' id='word_1_44' title='bbox 268 1079 430 1141; x_wconf 79' lang='lat' dir='ltr'>utilitates</span> <span class='ocrx_word' id='word_1_45' title='bbox 444 1078 680 1141; x_wconf 82' lang='lat' dir='ltr'>absorbeamus</span> <span class='ocrx_word' id='word_1_46' title='bbox 694 1083 825 1157; x_wconf 89' lang='lat' dir='ltr'>penitus</span> <span class='ocrx_word' id='word_1_47' title='bbox 839 1082 925 1144; x_wconf 92' lang='lat' dir='ltr'>alio-</span> 
     </span>
     <span class='ocr_line' id='line_1_10' title="bbox 130 1176 924 1255; baseline 0.004 -18"><span class='ocrx_word' id='word_1_48' title='bbox 130 1192 215 1248; x_wconf 91' lang='lat' dir='ltr'>rum,</span> <span class='ocrx_word' id='word_1_49' title='bbox 230 1192 290 1238; x_wconf 88' lang='lat' dir='ltr'>nec</span> <span class='ocrx_word' id='word_1_50' title='bbox 303 1176 522 1255; x_wconf 79' lang='lat' dir='ltr'>praejudicare</span> <span class='ocrx_word' id='word_1_51' title='bbox 541 1178 688 1254; x_wconf 90' lang='lat' dir='ltr'>ipsorum</span> <span class='ocrx_word' id='word_1_52' title='bbox 704 1178 924 1255; x_wconf 79' lang='lat' dir='ltr'>negligentias</span> 
     </span>
     <span class='ocr_line' id='line_1_11' title="bbox 129 1273 925 1353; baseline 0.001 -18"><span class='ocrx_word' id='word_1_53' title='bbox 129 1274 280 1335; x_wconf 88' lang='lat' dir='ltr'>ecclesiis</span> <span class='ocrx_word' id='word_1_54' title='bbox 293 1273 529 1351; x_wconf 78' lang='lat' dir='ltr'>relinquamus.</span> <span class='ocrx_word' id='word_1_55' title='bbox 547 1278 633 1338; x_wconf 88' lang='lat' dir='ltr'>Sane</span> <span class='ocrx_word' id='word_1_56' title='bbox 646 1277 847 1353; x_wconf 74' lang='lat' dir='ltr'>pervenitad</span> <span class='ocrx_word' id='word_1_57' title='bbox 863 1294 925 1338; x_wconf 91' lang='lat' dir='ltr'>au-</span> 
     </span>
     <span class='ocr_line' id='line_1_12' title="bbox 128 1372 924 1450; baseline 0.003 -17"><span class='ocrx_word' id='word_1_58' title='bbox 128 1372 288 1434; x_wconf 88' lang='lat' dir='ltr'>dientiam</span> <span class='ocrx_word' id='word_1_59' title='bbox 326 1374 474 1433; x_wconf 89' lang='lat' dir='ltr'>nostram</span> <span class='ocrx_word' id='word_1_60' title='bbox 508 1373 594 1450; x_wconf 86' lang='lat' dir='ltr'>quod</span> <span class='ocrx_word' id='word_1_61' title='bbox 632 1374 924 1437; x_wconf 84' lang='lat' dir='ltr'>archidiaconatus</span> 
     </span>
    </p>
   </div>
   <div class='ocr_carea' id='block_1_3' title="bbox 28 1469 924 1550">
    <p class='ocr_par' dir='ltr' id='par_1_3' title="bbox 28 1469 924 1550">
     <span class='ocr_line' id='line_1_13' title="bbox 28 1469 924 1550; baseline 0.006 -21"><span class='ocrx_word' id='word_1_62' title='bbox 28 1522 32 1529; x_wconf 94' lang='lat'>.</span> <span class='ocrx_word' id='word_1_63' title='bbox 128 1471 235 1531; x_wconf 90' lang='lat' dir='ltr'>sancti</span> <span class='ocrx_word' id='word_1_64' title='bbox 264 1470 353 1533; x_wconf 86' lang='lat' dir='ltr'>Petri</span> <span class='ocrx_word' id='word_1_65' title='bbox 378 1469 543 1531; x_wconf 84' lang='lat' dir='ltr'>Lodoven.</span> <span class='ocrx_word' id='word_1_66' title='bbox 571 1474 663 1532; x_wconf 90' lang='lat' dir='ltr'>tanto</span> <span class='ocrx_word' id='word_1_67' title='bbox 687 1475 833 1550; x_wconf 85' lang='lat' dir='ltr'>tempore</span> <span class='ocrx_word' id='word_1_68' title='bbox 852 1475 924 1550; x_wconf 90' lang='lat' dir='ltr'>jam</span> 
     </span>
    </p>
   </div>
   <div class='ocr_carea' id='block_1_4' title="bbox 125 1568 925 3801">
    <p class='ocr_par' dir='ltr' id='par_1_4' title="bbox 125 1568 925 3801">
     <span class='ocr_line' id='line_1_14' title="bbox 128 1568 925 1646; baseline 0.005 -17"><span class='ocrx_word' id='word_1_69' title='bbox 128 1569 270 1639; x_wconf 76' lang='lat' dir='ltr'>vacarit,</span> <span class='ocrx_word' id='word_1_70' title='bbox 288 1568 372 1645; x_wconf 82' lang='lat' dir='ltr'>quod</span> <span class='ocrx_word' id='word_1_71' title='bbox 389 1570 462 1646; x_wconf 87' lang='lat' dir='ltr'>ejus</span> <span class='ocrx_word' id='word_1_72' title='bbox 477 1568 611 1630; x_wconf 88' lang='lat' dir='ltr'>collatio</span> <span class='ocrx_word' id='word_1_73' title='bbox 630 1570 810 1631; x_wconf 84' lang='lat' dir='ltr'>secundum</span> <span class='ocrx_word' id='word_1_74' title='bbox 826 1572 925 1633; x_wconf 86' lang='lat' dir='ltr'>Late-</span> 
     </span>
     <span class='ocr_line' id='line_1_15' title="bbox 128 1666 925 1745; baseline 0.006 -20"><span class='ocrx_word' id='word_1_75' title='bbox 128 1679 244 1726; x_wconf 87' lang='lat' dir='ltr'>ranen.</span> <span class='ocrx_word' id='word_1_76' title='bbox 258 1666 380 1727; x_wconf 87' lang='lat' dir='ltr'>statuta</span> <span class='ocrx_word' id='word_1_77' title='bbox 395 1666 529 1727; x_wconf 86' lang='lat' dir='ltr'>concilii</span> <span class='ocrx_word' id='word_1_78' title='bbox 542 1666 583 1728; x_wconf 92' lang='lat' dir='ltr'>ad</span> <span class='ocrx_word' id='word_1_79' title='bbox 595 1667 713 1728; x_wconf 85' lang='lat' dir='ltr'>sedem</span> <span class='ocrx_word' id='word_1_80' title='bbox 723 1670 925 1745; x_wconf 74' lang='lat' dir='ltr'>estAposto-</span> 
     </span>
     <span class='ocr_line' id='line_1_16' title="bbox 128 1762 925 1844; baseline 0.006 -22"><span class='ocrx_word' id='word_1_81' title='bbox 128 1763 226 1824; x_wconf 88' lang='lat' dir='ltr'>licam</span> <span class='ocrx_word' id='word_1_82' title='bbox 241 1762 406 1824; x_wconf 80' lang='lat' dir='ltr'>devoluta.</span> <span class='ocrx_word' id='word_1_83' title='bbox 433 1764 526 1826; x_wconf 84' lang='lat' dir='ltr'>Unde</span> <span class='ocrx_word' id='word_1_84' title='bbox 547 1780 608 1825; x_wconf 92' lang='lat' dir='ltr'>nos</span> <span class='ocrx_word' id='word_1_85' title='bbox 632 1781 697 1827; x_wconf 94' lang='lat' dir='ltr'>non</span> <span class='ocrx_word' id='word_1_86' title='bbox 717 1766 826 1826; x_wconf 90' lang='lat' dir='ltr'>minus</span> <span class='ocrx_word' id='word_1_87' title='bbox 847 1782 925 1844; x_wconf 88' lang='lat' dir='ltr'>per-</span> 
     </span>
     <span class='ocr_line' id='line_1_17' title="bbox 128 1860 924 1942; baseline 0.005 -21"><span class='ocrx_word' id='word_1_88' title='bbox 128 1876 219 1922; x_wconf 80' lang='lat' dir='ltr'>sona·</span> <span class='ocrx_word' id='word_1_89' title='bbox 240 1861 352 1922; x_wconf 89' lang='lat' dir='ltr'>dilecti</span> <span class='ocrx_word' id='word_1_90' title='bbox 375 1860 436 1921; x_wconf 90' lang='lat' dir='ltr'>tllii</span> <span class='ocrx_word' id='word_1_91' title='bbox 457 1863 608 1937; x_wconf 88' lang='lat' dir='ltr'>magistri</span> <span class='ocrx_word' id='word_1_92' title='bbox 623 1864 801 1925; x_wconf 84' lang='lat' dir='ltr'>Raimundi</span> <span class='ocrx_word' id='word_1_93' title='bbox 816 1865 924 1942; x_wconf 89' lang='lat' dir='ltr'>scrip-</span> 
     </span>
     <span class='ocr_line' id='line_1_18' title="bbox 127 1958 923 2039; baseline 0.005 -20"><span class='ocrx_word' id='word_1_94' title='bbox 127 1958 210 2019; x_wconf 91' lang='lat' dir='ltr'>toris</span> <span class='ocrx_word' id='word_1_95' title='bbox 231 1958 454 2019; x_wconf 80' lang='lat' dir='ltr'>etfamiliaris</span> <span class='ocrx_word' id='word_1_96' title='bbox 469 1960 586 2032; x_wconf 86' lang='lat' dir='ltr'>nostri,</span> <span class='ocrx_word' id='word_1_97' title='bbox 611 1964 706 2039; x_wconf 87' lang='lat' dir='ltr'>cnjus</span> <span class='ocrx_word' id='word_1_98' title='bbox 730 1961 923 2023; x_wconf 81' lang='lat' dir='ltr'>fidelitatem</span> 
     </span>
     <span class='ocr_line' id='line_1_19' title="bbox 128 2056 923 2121; baseline 0.008 -5"><span class='ocrx_word' id='word_1_99' title='bbox 128 2056 329 2118; x_wconf 80' lang='lat' dir='ltr'>laudabilem</span> <span class='ocrx_word' id='word_1_100' title='bbox 351 2059 384 2118; x_wconf 90' lang='lat' dir='ltr'>et</span> <span class='ocrx_word' id='word_1_101' title='bbox 407 2056 558 2119; x_wconf 88' lang='lat' dir='ltr'>devotam</span> <span class='ocrx_word' id='word_1_102' title='bbox 580 2058 703 2121; x_wconf 87' lang='lat' dir='ltr'>diutius</span> <span class='ocrx_word' id='word_1_103' title='bbox 725 2074 838 2119; x_wconf 91' lang='lat' dir='ltr'>sumus</span> <span class='ocrx_word' id='word_1_104' title='bbox 859 2075 923 2121; x_wconf 79' lang='lat' dir='ltr'>ex-</span> 
     </span>
     <span class='ocr_line' id='line_1_20' title="bbox 128 2154 924 2234; baseline 0.008 -22"><span class='ocrx_word' id='word_1_105' title='bbox 128 2154 224 2231; x_wconf 87' lang='lat' dir='ltr'>perti,</span> <span class='ocrx_word' id='word_1_106' title='bbox 249 2170 348 2231; x_wconf 87' lang='lat' dir='ltr'>quam</span> <span class='ocrx_word' id='word_1_107' title='bbox 370 2155 519 2216; x_wconf 82' lang='lat' dir='ltr'>ecclesiae</span> <span class='ocrx_word' id='word_1_108' title='bbox 532 2158 651 2217; x_wconf 82' lang='lat' dir='ltr'>uestrae.</span> <span class='ocrx_word' id='word_1_109' title='bbox 672 2157 840 2234; x_wconf 79' lang='lat' dir='ltr'>provideri</span> <span class='ocrx_word' id='word_1_110' title='bbox 862 2171 924 2218; x_wconf 86' lang='lat' dir='ltr'>vo·</span> 
     </span>
     <span class='ocr_line' id='line_1_21' title="bbox 127 2250 922 2332; baseline 0.006 -21"><span class='ocrx_word' id='word_1_111' title='bbox 127 2250 245 2322; x_wconf 85' lang='lat' dir='ltr'>lentes,</span> <span class='ocrx_word' id='word_1_112' title='bbox 272 2252 465 2315; x_wconf 85' lang='lat' dir='ltr'>discretioni</span> <span class='ocrx_word' id='word_1_113' title='bbox 498 2256 616 2316; x_wconf 75' lang='lat' dir='ltr'>restrae</span> <span class='ocrx_word' id='word_1_114' title='bbox 647 2270 706 2331; x_wconf 90' lang='lat' dir='ltr'>per</span> <span class='ocrx_word' id='word_1_115' title='bbox 732 2255 922 2332; x_wconf 87' lang='lat' dir='ltr'>Apostolica</span> 
     </span>
     <span class='ocr_line' id='line_1_22' title="bbox 128 2349 920 2429; baseline 0.003 -18"><span class='ocrx_word' id='word_1_116' title='bbox 128 2349 250 2427; x_wconf 89' lang='lat' dir='ltr'>scripta</span> <span class='ocrx_word' id='word_1_117' title='bbox 281 2350 430 2413; x_wconf 83' lang='lat' dir='ltr'>districte</span> <span class='ocrx_word' id='word_1_118' title='bbox 460 2352 684 2429; x_wconf 84' lang='lat' dir='ltr'>praecipiendo</span> <span class='ocrx_word' id='word_1_119' title='bbox 714 2351 920 2425; x_wconf 90' lang='lat' dir='ltr'>mandamus,</span> 
     </span>
     <span class='ocr_line' id='line_1_23' title="bbox 127 2448 923 2525; baseline 0.005 -17"><span class='ocrx_word' id='word_1_120' title='bbox 127 2450 289 2525; x_wconf 88' lang='lat' dir='ltr'>quatenus</span> <span class='ocrx_word' id='word_1_121' title='bbox 305 2448 333 2509; x_wconf 89' lang='lat' dir='ltr'>si</span> <span class='ocrx_word' id='word_1_122' title='bbox 348 2450 465 2521; x_wconf 89' lang='lat' dir='ltr'>estita,</span> <span class='ocrx_word' id='word_1_123' title='bbox 480 2449 604 2511; x_wconf 90' lang='lat' dir='ltr'>dictum</span> <span class='ocrx_word' id='word_1_124' title='bbox 616 2450 923 2513; x_wconf 89' lang='lat' dir='ltr'>archidiaconatum</span> 
     </span>
     <span class='ocr_line' id='line_1_24' title="bbox 126 2546 924 2625; baseline 0.005 -20"><span class='ocrx_word' id='word_1_125' title='bbox 126 2546 234 2607; x_wconf 86' lang='lat' dir='ltr'>eidem</span> <span class='ocrx_word' id='word_1_126' title='bbox 246 2546 431 2609; x_wconf 83' lang='lat' dir='ltr'>liberaliter</span> <span class='ocrx_word' id='word_1_127' title='bbox 443 2548 643 2623; x_wconf 87' lang='lat' dir='ltr'>concedatis,</span> <span class='ocrx_word' id='word_1_128' title='bbox 651 2551 729 2625; x_wconf 86' lang='lat' dir='ltr'>jura</span> <span class='ocrx_word' id='word_1_129' title='bbox 742 2548 804 2608; x_wconf 89' lang='lat' dir='ltr'>sibi</span> <span class='ocrx_word' id='word_1_130' title='bbox 816 2549 924 2609; x_wconf 85' lang='lat' dir='ltr'>arciri·</span> 
     </span>
     <span class='ocr_line' id='line_1_25' title="bbox 128 2642 923 2721; baseline 0.008 -20"><span class='ocrx_word' id='word_1_131' title='bbox 128 2642 323 2706; x_wconf 85' lang='lat' dir='ltr'>diaconatus</span> <span class='ocrx_word' id='word_1_132' title='bbox 345 2644 450 2721; x_wconf 90' lang='lat' dir='ltr'>ipsius</span> <span class='ocrx_word' id='word_1_133' title='bbox 478 2645 511 2705; x_wconf 92' lang='lat' dir='ltr'>in</span> <span class='ocrx_word' id='word_1_134' title='bbox 527 2644 680 2707; x_wconf 91' lang='lat' dir='ltr'>omnibus</span> <span class='ocrx_word' id='word_1_135' title='bbox 696 2646 824 2721; x_wconf 86' lang='lat' dir='ltr'>integra</span> <span class='ocrx_word' id='word_1_136' title='bbox 842 2662 923 2707; x_wconf 93' lang='lat' dir='ltr'>con-</span> 
     </span>
     <span class='ocr_line' id='line_1_26' title="bbox 127 2742 922 2819; baseline 0.005 -18"><span class='ocrx_word' id='word_1_137' title='bbox 127 2742 309 2802; x_wconf 85' lang='lat' dir='ltr'>servantes.</span> <span class='ocrx_word' id='word_1_138' title='bbox 337 2742 492 2818; x_wconf 80' lang='lat' dir='ltr'>dlioquin</span> <span class='ocrx_word' id='word_1_139' title='bbox 514 2742 634 2805; x_wconf 86' lang='lat' dir='ltr'>dilecto</span> <span class='ocrx_word' id='word_1_140' title='bbox 662 2742 730 2803; x_wconf 79' lang='lat' dir='ltr'>illio</span> <span class='ocrx_word' id='word_1_141' title='bbox 763 2745 922 2819; x_wconf 90' lang='lat' dir='ltr'>magistro</span> 
     </span>
     <span class='ocr_line' id='line_1_27' title="bbox 129 2838 922 2902; baseline 0.006 -5"><span class='ocrx_word' id='word_1_142' title='bbox 129 2838 312 2898; x_wconf 87' lang='lat' dir='ltr'>Bertrando</span> <span class='ocrx_word' id='word_1_143' title='bbox 323 2839 408 2899; x_wconf 91' lang='lat' dir='ltr'>tituli</span> <span class='ocrx_word' id='word_1_144' title='bbox 425 2842 613 2900; x_wconf 87' lang='lat' dir='ltr'>sanctorum</span> <span class='ocrx_word' id='word_1_145' title='bbox 627 2842 765 2901; x_wconf 82' lang='lat' dir='ltr'>loannis</span> <span class='ocrx_word' id='word_1_146' title='bbox 778 2842 811 2902; x_wconf 89' lang='lat' dir='ltr'>et</span> <span class='ocrx_word' id='word_1_147' title='bbox 826 2842 922 2902; x_wconf 88' lang='lat' dir='ltr'>Pauli</span> 
     </span>
     <span class='ocr_line' id='line_1_28' title="bbox 129 2934 923 3014; baseline 0.009 -21"><span class='ocrx_word' id='word_1_148' title='bbox 129 2934 321 3012; x_wconf 69' lang='lat' dir='ltr'>presbytero</span> <span class='ocrx_word' id='word_1_149' title='bbox 347 2936 520 3006; x_wconf 88' lang='lat' dir='ltr'>cardinali,</span> <span class='ocrx_word' id='word_1_150' title='bbox 535 2938 732 3014; x_wconf 73' lang='lat' dir='ltr'>apostolice</span> <span class='ocrx_word' id='word_1_151' title='bbox 755 2938 851 2999; x_wconf 86' lang='lat' dir='ltr'>Sedis</span> <span class='ocrx_word' id='word_1_152' title='bbox 872 2939 923 3001; x_wconf 91' lang='lat' dir='ltr'>le-</span> 
     </span>
     <span class='ocr_line' id='line_1_29' title="bbox 129 3032 921 3109; baseline 0.006 -16"><span class='ocrx_word' id='word_1_153' title='bbox 129 3032 482 3107; x_wconf 76' lang='lat' dir='ltr'>gato,nostnsda1nus</span> <span class='ocrx_word' id='word_1_154' title='bbox 502 3034 622 3096; x_wconf 90' lang='lat' dir='ltr'>litteris</span> <span class='ocrx_word' id='word_1_155' title='bbox 642 3036 677 3096; x_wconf 94' lang='lat' dir='ltr'>in</span> <span class='ocrx_word' id='word_1_156' title='bbox 696 3038 870 3109; x_wconf 84' lang='lat' dir='ltr'>mandatis,</span> <span class='ocrx_word' id='word_1_157' title='bbox 887 3039 921 3098; x_wconf 92' lang='lat' dir='ltr'>ut</span> 
     </span>
     <span class='ocr_line' id='line_1_30' title="bbox 127 3128 921 3197; baseline 0.008 -8"><span class='ocrx_word' id='word_1_158' title='bbox 127 3128 221 3190; x_wconf 82' lang='lat' dir='ltr'>subis</span> <span class='ocrx_word' id='word_1_159' title='bbox 236 3131 443 3193; x_wconf 87' lang='lat' dir='ltr'>cessantibus</span> <span class='ocrx_word' id='word_1_160' title='bbox 458 3133 492 3193; x_wconf 96' lang='lat' dir='ltr'>in</span> <span class='ocrx_word' id='word_1_161' title='bbox 503 3134 609 3195; x_wconf 88' lang='lat' dir='ltr'>nostri</span> <span class='ocrx_word' id='word_1_162' title='bbox 623 3135 818 3197; x_wconf 77' lang='lat' dir='ltr'>executione</span> <span class='ocrx_word' id='word_1_163' title='bbox 832 3152 921 3196; x_wconf 86' lang='lat' dir='ltr'>man·</span> 
     </span>
     <span class='ocr_line' id='line_1_31' title="bbox 128 3226 922 3311; baseline 0.009 -24"><span class='ocrx_word' id='word_1_164' title='bbox 128 3226 209 3299; x_wconf 87' lang='lat' dir='ltr'>dati,</span> <span class='ocrx_word' id='word_1_165' title='bbox 220 3229 290 3305; x_wconf 90' lang='lat' dir='ltr'>ipso</span> <span class='ocrx_word' id='word_1_166' title='bbox 300 3230 491 3292; x_wconf 91' lang='lat' dir='ltr'>mandatum</span> <span class='ocrx_word' id='word_1_167' title='bbox 502 3233 662 3303; x_wconf 90' lang='lat' dir='ltr'>nostrum,</span> <span class='ocrx_word' id='word_1_168' title='bbox 671 3233 800 3296; x_wconf 90' lang='lat' dir='ltr'>sublato</span> <span class='ocrx_word' id='word_1_169' title='bbox 813 3236 922 3311; x_wconf 64' lang='grc'><strong>0111113-</strong></span> 
     </span>
     <span class='ocr_line' id='line_1_32' title="bbox 126 3324 922 3407; baseline 0.01 -23"><span class='ocrx_word' id='word_1_170' title='bbox 126 3324 205 3387; x_wconf 90' lang='lat' dir='ltr'>libet</span> <span class='ocrx_word' id='word_1_171' title='bbox 219 3327 490 3389; x_wconf 90' lang='lat' dir='ltr'>contradictionis</span> <span class='ocrx_word' id='word_1_172' title='bbox 506 3333 538 3391; x_wconf 91' lang='lat' dir='ltr'>et</span> <span class='ocrx_word' id='word_1_173' title='bbox 561 3330 793 3407; x_wconf 80' lang='lat' dir='ltr'>appellationis</span> <span class='ocrx_word' id='word_1_174' title='bbox 809 3330 922 3392; x_wconf 90' lang='lat' dir='ltr'>obsta-</span> 
     </span>
     <span class='ocr_line' id='line_1_33' title="bbox 125 3424 920 3506; baseline 0.008 -23"><span class='ocrx_word' id='word_1_175' title='bbox 125 3424 211 3497; x_wconf 89' lang='lat' dir='ltr'>culo,</span> <span class='ocrx_word' id='word_1_176' title='bbox 239 3424 380 3487; x_wconf 83' lang='lat' dir='ltr'>fideliter</span> <span class='ocrx_word' id='word_1_177' title='bbox 414 3430 626 3506; x_wconf 80' lang='lat' dir='ltr'>exsequatur.</span> <span class='ocrx_word' id='word_1_178' title='bbox 656 3430 920 3491; x_wconf 79' lang='lat' dir='ltr'>contradictores</span> 
     </span>
     <span class='ocr_line' id='line_1_34' title="bbox 125 3526 920 3607; baseline 0.011 -26"><span class='ocrx_word' id='word_1_179' title='bbox 125 3538 185 3599; x_wconf 88' lang='lat' dir='ltr'>per</span> <span class='ocrx_word' id='word_1_180' title='bbox 209 3538 383 3586; x_wconf 88' lang='lat' dir='ltr'>consuram</span> <span class='ocrx_word' id='word_1_181' title='bbox 399 3526 669 3599; x_wconf 86' lang='lat' dir='ltr'>ecclesiasticam,</span> <span class='ocrx_word' id='word_1_182' title='bbox 698 3527 920 3607; x_wconf 88' lang='lat' dir='ltr'>appellatione</span> 
     </span>
     <span class='ocr_line' id='line_1_35' title="bbox 126 3622 917 3705; baseline 0.004 -23"><span class='ocrx_word' id='word_1_183' title='bbox 126 3622 318 3699; x_wconf 89' lang='lat' dir='ltr'>postposita,</span> <span class='ocrx_word' id='word_1_184' title='bbox 349 3626 598 3705; x_wconf 86' lang='lat' dir='ltr'>compescendo.</span> <span class='ocrx_word' id='word_1_185' title='bbox 612 3628 731 3688; x_wconf 86' lang='lat' dir='ltr'>Datum</span> <span class='ocrx_word' id='word_1_186' title='bbox 751 3626 917 3697; x_wconf 88' lang='lat' dir='ltr'>Laterani,</span> 
     </span>
     <span class='ocr_line' id='line_1_36' title="bbox 125 3718 917 3801; baseline 0.006 -22"><span class='ocrx_word' id='word_1_187' title='bbox 125 3720 183 3779; x_wconf 83' lang='lat' dir='ltr'>v11</span> <span class='ocrx_word' id='word_1_188' title='bbox 195 3718 268 3781; x_wconf 89' lang='lat' dir='ltr'>idus</span> <span class='ocrx_word' id='word_1_189' title='bbox 280 3722 441 3799; x_wconf 90' lang='lat' dir='ltr'>januarii,</span> <span class='ocrx_word' id='word_1_190' title='bbox 459 3724 549 3799; x_wconf 90' lang='lat' dir='ltr'>pont.</span> <span class='ocrx_word' id='word_1_191' title='bbox 570 3723 676 3785; x_wconf 92' lang='lat' dir='ltr'>nostri</span> <span class='ocrx_word' id='word_1_192' title='bbox 696 3739 785 3787; x_wconf 92' lang='lat' dir='ltr'>anno</span> <span class='ocrx_word' id='word_1_193' title='bbox 799 3724 917 3801; x_wconf 87' lang='lat' dir='ltr'>primo.</span> 
     </span>
    </p>
   </div>
   <div class='ocr_carea' id='block_1_5' title="bbox 263 4044 777 4119">
    <p class='ocr_par' dir='ltr' id='par_1_5' title="bbox 263 4044 777 4119">
     <span class='ocr_line' id='line_1_37' title="bbox 263 4044 777 4119; baseline 0.006 -18"><span class='ocrx_word' id='word_1_194' title='bbox 263 4044 315 4101; x_wconf 78' lang='lat' dir='ltr'>Ad</span> <span class='ocrx_word' id='word_1_195' title='bbox 329 4046 524 4117; x_wconf 54' lang='lat' dir='ltr'>episcopum.</span> <span class='ocrx_word' id='word_1_196' title='bbox 538 4045 777 4119; x_wconf 65' lang='lat' dir='ltr'>ltpotdcusom.</span> 
     </span>
    </p>
   </div>
   <div class='ocr_carea' id='block_1_6' title="bbox 155 4156 885 4338">
    <p class='ocr_par' dir='ltr' id='par_1_6' title="bbox 155 4156 885 4338">
     <span class='ocr_line' id='line_1_38' title="bbox 419 4156 613 4228; baseline 0.005 -16"><span class='ocrx_word' id='word_1_197' title='bbox 419 4156 511 4228; x_wconf 84' lang='lat' dir='ltr'>tljan.</span> <span class='ocrx_word' id='word_1_198' title='bbox 535 4157 613 4213; x_wconf 77' lang='lat' dir='ltr'>till.</span> 
     </span>
     <span class='ocr_line' id='line_1_39' title="bbox 155 4268 885 4338; baseline 0.004 -19"><span class='ocrx_word' id='word_1_199' title='bbox 155 4268 274 4331; x_wconf 61' lang='lat' dir='ltr'>fiteusi,</span> <span class='ocrx_word' id='word_1_200' title='bbox 289 4269 332 4319; x_wconf 86' lang='lat' dir='ltr'>lib.</span> <span class='ocrx_word' id='word_1_201' title='bbox 346 4270 365 4326; x_wconf 92' lang='lat' dir='ltr'>l,</span> <span class='ocrx_word' id='word_1_202' title='bbox 379 4270 452 4335; x_wconf 81' lang='lat' dir='ltr'>epist.</span> <span class='ocrx_word' id='word_1_203' title='bbox 465 4270 517 4320; x_wconf 74' lang='lat' dir='ltr'>lib.</span> <span class='ocrx_word' id='word_1_204' title='bbox 535 4272 591 4321; x_wconf 82' lang='lat' dir='ltr'>ilss.</span> <span class='ocrx_word' id='word_1_205' title='bbox 604 4274 640 4323; x_wconf 87' lang='lat' dir='ltr'>Lu</span> <span class='ocrx_word' id='word_1_206' title='bbox 653 4274 727 4323; x_wconf 80' lang='lat' dir='ltr'>Ponte</span> <span class='ocrx_word' id='word_1_207' title='bbox 743 4274 777 4323; x_wconf 91' lang='lat' dir='ltr'>du</span> <span class='ocrx_word' id='word_1_208' title='bbox 792 4274 885 4338; x_wconf 67' lang='lat' dir='ltr'>Thoill.</span> 
     </span>
    </p>
   </div>
   <div class='ocr_carea' id='block_1_7' title="bbox 125 4384 918 4551">
    <p class='ocr_par' dir='ltr' id='par_1_7' title="bbox 125 4384 918 4551">
     <span class='ocr_line' id='line_1_40' title="bbox 125 4384 918 4453; baseline 0.003 -8"><span class='ocrx_word' id='word_1_209' title='bbox 125 4384 270 4453; x_wconf 82' lang='lat' dir='ltr'>Concedit,</span> <span class='ocrx_word' id='word_1_210' title='bbox 285 4393 316 4443; x_wconf 91' lang='lat' dir='ltr'>ut</span> <span class='ocrx_word' id='word_1_211' title='bbox 326 4402 413 4444; x_wconf 90' lang='lat' dir='ltr'>unum</span> <span class='ocrx_word' id='word_1_212' title='bbox 425 4388 468 4444; x_wconf 85' lang='lat' dir='ltr'>vol</span> <span class='ocrx_word' id='word_1_213' title='bbox 484 4386 556 4445; x_wconf 87' lang='lat' dir='ltr'>duos</span> <span class='ocrx_word' id='word_1_214' title='bbox 566 4388 601 4446; x_wconf 91' lang='lat' dir='ltr'>do</span> <span class='ocrx_word' id='word_1_215' title='bbox 616 4390 727 4447; x_wconf 85' lang='lat' dir='ltr'>clericis</span> <span class='ocrx_word' id='word_1_216' title='bbox 741 4389 918 4447; x_wconf 76' lang='grc' dir='ltr'><strong>1011011010ῑί0</strong></span> 
     </span>
     <span class='ocr_line' id='line_1_41' title="bbox 230 4476 808 4551; baseline 0 -18"><span class='ocrx_word' id='word_1_217' title='bbox 230 4477 258 4533; x_wconf 94' lang='grc'>111</span> <span class='ocrx_word' id='word_1_218' title='bbox 273 4491 324 4533; x_wconf 90' lang='lat' dir='ltr'>sun</span> <span class='ocrx_word' id='word_1_219' title='bbox 335 4476 451 4535; x_wconf 77' lang='lat' dir='ltr'>diuersi</span> <span class='ocrx_word' id='word_1_220' title='bbox 464 4492 563 4535; x_wconf 85' lang='lat' dir='ltr'>secum</span> <span class='ocrx_word' id='word_1_221' title='bbox 577 4479 699 4535; x_wconf 86' lang='lat' dir='ltr'>rotinere</span> <span class='ocrx_word' id='word_1_222' title='bbox 710 4479 808 4551; x_wconf 89' lang='lat' dir='ltr'>possit.</span> 
     </span>
    </p>
   </div>
   <div class='ocr_carea' id='block_1_8' title="bbox 119 4594 917 5651">
    <p class='ocr_par' dir='ltr' id='par_1_8' title="bbox 120 4594 917 4769">
     <span class='ocr_line' id='line_1_42' title="bbox 163 4594 917 4674; baseline 0.003 -19"><span class='ocrx_word' id='word_1_223' title='bbox 163 4594 340 4666; x_wconf 87' lang='lat' dir='ltr'>llonorius,</span> <span class='ocrx_word' id='word_1_224' title='bbox 357 4596 432 4666; x_wconf 58' lang='lat' dir='ltr'>ota,</span> <span class='ocrx_word' id='word_1_225' title='bbox 450 4596 632 4656; x_wconf 75' lang='lat' dir='ltr'>vulnerabili</span> <span class='ocrx_word' id='word_1_226' title='bbox 651 4596 745 4657; x_wconf 86' lang='lat' dir='ltr'>tratri</span> <span class='ocrx_word' id='word_1_227' title='bbox 761 4597 917 4674; x_wconf 88' lang='lat' dir='ltr'>episcopo</span> 
     </span>
     <span class='ocr_line' id='line_1_43' title="bbox 120 4693 282 4769; baseline -0.006 -15"><span class='ocrx_word' id='word_1_228' title='bbox 120 4693 282 4769; x_wconf 81' lang='lat' dir='ltr'>Agatlren.</span> 
     </span>
    </p>

    <p class='ocr_par' dir='ltr' id='par_1_9' title="bbox 119 4788 917 5651">
     <span class='ocr_line' id='line_1_44' title="bbox 161 4788 917 4869; baseline 0.003 -18"><span class='ocrx_word' id='word_1_229' title='bbox 161 4794 210 4851; x_wconf 84' lang='lat' dir='ltr'>Ex</span> <span class='ocrx_word' id='word_1_230' title='bbox 223 4792 316 4868; x_wconf 89' lang='lat' dir='ltr'>parte</span> <span class='ocrx_word' id='word_1_231' title='bbox 335 4792 391 4851; x_wconf 87' lang='lat' dir='ltr'>tua</span> <span class='ocrx_word' id='word_1_232' title='bbox 412 4788 473 4851; x_wconf 86' lang='lat' dir='ltr'>suit</span> <span class='ocrx_word' id='word_1_233' title='bbox 493 4789 587 4850; x_wconf 91' lang='lat' dir='ltr'>nobis</span> <span class='ocrx_word' id='word_1_234' title='bbox 602 4790 774 4854; x_wconf 89' lang='lat' dir='ltr'>humiliter</span> <span class='ocrx_word' id='word_1_235' title='bbox 789 4793 917 4869; x_wconf 90' lang='lat' dir='ltr'>suppli-</span> 
     </span>
     <span class='ocr_line' id='line_1_45' title="bbox 122 4888 915 4966; baseline 0.005 -18"><span class='ocrx_word' id='word_1_236' title='bbox 122 4890 242 4959; x_wconf 86' lang='lat' dir='ltr'>catum,</span> <span class='ocrx_word' id='word_1_237' title='bbox 260 4890 295 4950; x_wconf 91' lang='lat' dir='ltr'>ut</span> <span class='ocrx_word' id='word_1_238' title='bbox 310 4888 370 4950; x_wconf 89' lang='lat' dir='ltr'>tibi</span> <span class='ocrx_word' id='word_1_239' title='bbox 387 4888 427 4949; x_wconf 89' lang='lat' dir='ltr'>de</span> <span class='ocrx_word' id='word_1_240' title='bbox 442 4888 645 4965; x_wconf 79' lang='lat' dir='ltr'>benignitate</span> <span class='ocrx_word' id='word_1_241' title='bbox 660 4889 753 4950; x_wconf 87' lang='lat' dir='ltr'>Sedis</span> <span class='ocrx_word' id='word_1_242' title='bbox 773 4892 915 4966; x_wconf 74' lang='lat' dir='ltr'>Aposto-</span> 
     </span>
     <span class='ocr_line' id='line_1_46' title="bbox 123 4984 915 5064; baseline 0.006 -20"><span class='ocrx_word' id='word_1_243' title='bbox 123 4984 194 5046; x_wconf 88' lang='lat' dir='ltr'>licao</span> <span class='ocrx_word' id='word_1_244' title='bbox 210 4987 391 5048; x_wconf 89' lang='lat' dir='ltr'>concedere</span> <span class='ocrx_word' id='word_1_245' title='bbox 406 4988 630 5063; x_wconf 88' lang='lat' dir='ltr'>dignaremur,</span> <span class='ocrx_word' id='word_1_246' title='bbox 648 4988 733 5064; x_wconf 85' lang='lat' dir='ltr'>quod</span> <span class='ocrx_word' id='word_1_247' title='bbox 747 5003 847 5047; x_wconf 92' lang='lat' dir='ltr'>unum</span> <span class='ocrx_word' id='word_1_248' title='bbox 863 4989 915 5049; x_wconf 81' lang='lat' dir='ltr'>rel</span> 
     </span>
     <span class='ocr_line' id='line_1_47' title="bbox 121 5082 912 5158; baseline 0.005 -15"><span class='ocrx_word' id='word_1_249' title='bbox 121 5082 203 5143; x_wconf 89' lang='lat' dir='ltr'>duos</span> <span class='ocrx_word' id='word_1_250' title='bbox 219 5082 258 5143; x_wconf 91' lang='lat' dir='ltr'>de</span> <span class='ocrx_word' id='word_1_251' title='bbox 273 5084 403 5145; x_wconf 87' lang='lat' dir='ltr'>clericis</span> <span class='ocrx_word' id='word_1_252' title='bbox 421 5084 626 5146; x_wconf 80' lang='lat' dir='ltr'>beneficiatis</span> <span class='ocrx_word' id='word_1_253' title='bbox 647 5085 679 5145; x_wconf 93' lang='grc'>111</span> <span class='ocrx_word' id='word_1_254' title='bbox 696 5086 751 5147; x_wconf 87' lang='lat' dir='ltr'>tua</span> <span class='ocrx_word' id='word_1_255' title='bbox 766 5086 912 5158; x_wconf 72' lang='lat' dir='ltr'>dioecesi,</span> 
     </span>
     <span class='ocr_line' id='line_1_48' title="bbox 119 5182 909 5246; baseline 0.003 -3"><span class='ocrx_word' id='word_1_256' title='bbox 119 5197 195 5243; x_wconf 85' lang='grc'><strong>011111</strong></span> <span class='ocrx_word' id='word_1_257' title='bbox 204 5182 909 5246; x_wconf 82' lang='lat' dir='ltr'>necessehabueristocumvaleasretinere.</span> 
     </span>
     <span class='ocr_line' id='line_1_49' title="bbox 120 5279 914 5358; baseline 0.003 -17"><span class='ocrx_word' id='word_1_258' title='bbox 120 5280 189 5341; x_wconf 86' lang='lat' dir='ltr'>Nos</span> <span class='ocrx_word' id='word_1_259' title='bbox 202 5279 311 5340; x_wconf 89' lang='lat' dir='ltr'>autem</span> <span class='ocrx_word' id='word_1_260' title='bbox 322 5280 387 5340; x_wconf 90' lang='lat' dir='ltr'>tuis</span> <span class='ocrx_word' id='word_1_261' title='bbox 398 5280 550 5357; x_wconf 87' lang='lat' dir='ltr'>precibus</span> <span class='ocrx_word' id='word_1_262' title='bbox 562 5282 759 5352; x_wconf 85' lang='lat' dir='ltr'>annuentes,</span> <span class='ocrx_word' id='word_1_263' title='bbox 772 5280 914 5358; x_wconf 85' lang='lat' dir='ltr'>benigne</span> 
     </span>
     <span class='ocr_line' id='line_1_50' title="bbox 119 5376 913 5456; baseline 0.003 -18"><span class='ocrx_word' id='word_1_264' title='bbox 119 5376 180 5439; x_wconf 92' lang='lat' dir='ltr'>tibi</span> <span class='ocrx_word' id='word_1_265' title='bbox 193 5376 404 5437; x_wconf 88' lang='lat' dir='ltr'>concedimus</span> <span class='ocrx_word' id='word_1_266' title='bbox 424 5377 600 5453; x_wconf 87' lang='lat' dir='ltr'>postulata,</span> <span class='ocrx_word' id='word_1_267' title='bbox 618 5378 694 5438; x_wconf 93' lang='lat' dir='ltr'>dum</span> <span class='ocrx_word' id='word_1_268' title='bbox 714 5379 825 5440; x_wconf 75' lang='grc'><strong>10111011</strong></span> <span class='ocrx_word' id='word_1_269' title='bbox 850 5381 913 5456; x_wconf 87' lang='lat' dir='ltr'>ipsi</span> 
     </span>
     <span class='ocr_line' id='line_1_51' title="bbox 120 5474 913 5552; baseline 0.005 -19"><span class='ocrx_word' id='word_1_270' title='bbox 120 5474 233 5538; x_wconf 85' lang='lat' dir='ltr'>clerici</span> <span class='ocrx_word' id='word_1_271' title='bbox 249 5490 308 5552; x_wconf 92' lang='lat' dir='ltr'>per</span> <span class='ocrx_word' id='word_1_272' title='bbox 323 5474 525 5535; x_wconf 79' lang='lat' dir='ltr'>sufficientes</span> <span class='ocrx_word' id='word_1_273' title='bbox 545 5476 688 5537; x_wconf 79' lang='lat' dir='ltr'>vicarios</span> <span class='ocrx_word' id='word_1_274' title='bbox 706 5478 739 5538; x_wconf 85' lang='lat' dir='ltr'>et</span> <span class='ocrx_word' id='word_1_275' title='bbox 757 5477 913 5539; x_wconf 86' lang='lat' dir='ltr'>honestos</span> 
     </span>
     <span class='ocr_line' id='line_1_52' title="bbox 119 5572 912 5651; baseline 0.001 -16"><span class='ocrx_word' id='word_1_276' title='bbox 119 5572 268 5635; x_wconf 85' lang='lat' dir='ltr'>ecclesiis</span> <span class='ocrx_word' id='word_1_277' title='bbox 285 5572 354 5633; x_wconf 92' lang='lat' dir='ltr'>suis</span> <span class='ocrx_word' id='word_1_278' title='bbox 369 5572 530 5632; x_wconf 80' lang='lat' dir='ltr'>deserviri</span> <span class='ocrx_word' id='word_1_279' title='bbox 556 5572 678 5635; x_wconf 84' lang='lat' dir='ltr'>sariunt</span> <span class='ocrx_word' id='word_1_280' title='bbox 697 5573 854 5651; x_wconf 86' lang='lat' dir='ltr'>quamdiu</span> <span class='ocrx_word' id='word_1_281' title='bbox 878 5576 912 5637; x_wconf 91' lang='lat' dir='ltr'>in</span> 
     </span>
    </p>
   </div>
   <div class='ocr_carea' id='block_1_9' title="bbox 749 234 1161 299">
    <p class='ocr_par' dir='ltr' id='par_1_10' title="bbox 749 234 1161 299">
     <span class='ocr_line' id='line_1_53' title="bbox 749 234 1161 299; baseline 0.005 -4"><span class='ocrx_word' id='word_1_282' title='bbox 749 234 924 297; x_wconf 71' lang='lat' dir='ltr'>Hoxottll</span> <span class='ocrx_word' id='word_1_283' title='bbox 947 234 991 295; x_wconf 86' lang='lat'>111</span> <span class='ocrx_word' id='word_1_284' title='bbox 1013 238 1161 299; x_wconf 85' lang='lat' dir='ltr'>OPER.t.</span> 
     </span>
    </p>
   </div>
   <div class='ocr_carea' id='block_1_10' title="bbox 1718 246 1777 307">
    <p class='ocr_par' dir='ltr' id='par_1_11' title="bbox 1718 246 1777 307">
     <span class='ocr_line' id='line_1_54' title="bbox 1718 246 1777 307; baseline 0 0"><span class='ocrx_word' id='word_1_285' title='bbox 1718 246 1777 307; x_wconf 76' lang='lat'>16¹)</span> 
     </span>
    </p>
   </div>
   <div class='ocr_carea' id='block_1_11' title="bbox 978 396 1777 769">
    <p class='ocr_par' dir='ltr' id='par_1_12' title="bbox 978 396 1777 769">
     <span class='ocr_line' id='line_1_55' title="bbox 978 396 1772 477; baseline 0.008 -18"><span class='ocrx_word' id='word_1_286' title='bbox 978 400 1034 459; x_wconf 92' lang='lat' dir='ltr'>tuo</span> <span class='ocrx_word' id='word_1_287' title='bbox 1049 396 1186 459; x_wconf 77' lang='lat' dir='ltr'>servitu</span> <span class='ocrx_word' id='word_1_288' title='bbox 1200 402 1457 461; x_wconf 86' lang='lat' dir='ltr'>commorantur.</span> <span class='ocrx_word' id='word_1_289' title='bbox 1478 400 1571 461; x_wconf 71' lang='lat' dir='ltr'>Nulli</span> <span class='ocrx_word' id='word_1_290' title='bbox 1584 418 1678 477; x_wconf 81' lang='lat' dir='ltr'>ergo,</span> <span class='ocrx_word' id='word_1_291' title='bbox 1694 408 1772 475; x_wconf 67' lang='lat' dir='ltr'>etc„</span> 
     </span>
     <span class='ocr_line' id='line_1_56' title="bbox 979 494 1773 576; baseline 0.01 -21"><span class='ocrx_word' id='word_1_292' title='bbox 979 498 1100 557; x_wconf 73' lang='lat' dir='ltr'>nosue</span> <span class='ocrx_word' id='word_1_293' title='bbox 1113 494 1349 567; x_wconf 86' lang='lat' dir='ltr'>concessionis,</span> <span class='ocrx_word' id='word_1_294' title='bbox 1359 500 1422 557; x_wconf 89' lang='lat' dir='ltr'>etc.</span> <span class='ocrx_word' id='word_1_295' title='bbox 1437 499 1473 559; x_wconf 89' lang='lat' dir='ltr'>Si</span> <span class='ocrx_word' id='word_1_296' title='bbox 1487 498 1562 576; x_wconf 90' lang='lat' dir='ltr'>quis</span> <span class='ocrx_word' id='word_1_297' title='bbox 1572 503 1697 563; x_wconf 88' lang='lat' dir='ltr'>autem.</span> <span class='ocrx_word' id='word_1_298' title='bbox 1710 506 1773 563; x_wconf 89' lang='lat' dir='ltr'>etc.</span> 
     </span>
     <span class='ocr_line' id='line_1_57' title="bbox 978 594 1777 674; baseline 0.009 -21"><span class='ocrx_word' id='word_1_299' title='bbox 978 595 1096 654; x_wconf 85' lang='lat' dir='ltr'>Datum</span> <span class='ocrx_word' id='word_1_300' title='bbox 1112 594 1279 665; x_wconf 89' lang='lat' dir='ltr'>Laterani,</span> <span class='ocrx_word' id='word_1_301' title='bbox 1294 596 1324 653; x_wconf 83' lang='lat' dir='ltr'>l&#39;</span> <span class='ocrx_word' id='word_1_302' title='bbox 1337 594 1580 672; x_wconf 86' lang='lat' dir='ltr'>idusjanuarii,</span> <span class='ocrx_word' id='word_1_303' title='bbox 1599 599 1777 674; x_wconf 81' lang='lat' dir='ltr'>pontifica-</span> 
     </span>
     <span class='ocr_line' id='line_1_58' title="bbox 979 691 1384 769; baseline -0.005 -16"><span class='ocrx_word' id='word_1_304' title='bbox 979 694 1033 753; x_wconf 88' lang='lat' dir='ltr'>tus</span> <span class='ocrx_word' id='word_1_305' title='bbox 1047 691 1151 753; x_wconf 89' lang='lat' dir='ltr'>nostri</span> <span class='ocrx_word' id='word_1_306' title='bbox 1165 706 1254 752; x_wconf 90' lang='lat' dir='ltr'>anno</span> <span class='ocrx_word' id='word_1_307' title='bbox 1266 691 1384 769; x_wconf 91' lang='lat' dir='ltr'>primo.</span> 
     </span>
    </p>
   </div>
   <div class='ocr_carea' id='block_1_12' title="bbox 1278 870 1472 958">
    <p class='ocr_par' dir='ltr' id='par_1_13' title="bbox 1278 870 1472 958">
     <span class='ocr_line' id='line_1_59' title="bbox 1278 870 1472 958; baseline 0 -3"><span class='ocrx_word' id='word_1_308' title='bbox 1278 870 1472 958; x_wconf 75' lang='lat' dir='ltr'>cxxiiii</span> 
     </span>
    </p>
   </div>
   <div class='ocr_carea' id='block_1_13' title="bbox 977 1022 1770 1305">
    <p class='ocr_par' dir='ltr' id='par_1_14' title="bbox 977 1022 1770 1305">
     <span class='ocr_line' id='line_1_60' title="bbox 977 1022 1770 1101; baseline 0.005 -20"><span class='ocrx_word' id='word_1_309' title='bbox 977 1024 1030 1081; x_wconf 74' lang='lat' dir='ltr'>dd</span> <span class='ocrx_word' id='word_1_310' title='bbox 1051 1023 1248 1096; x_wconf 75' lang='lat' dir='ltr'>episcopum</span> <span class='ocrx_word' id='word_1_311' title='bbox 1277 1023 1311 1083; x_wconf 88' lang='lat' dir='ltr'>ct</span> <span class='ocrx_word' id='word_1_312' title='bbox 1338 1022 1526 1097; x_wconf 76' lang='lat' dir='ltr'>capitutum</span> <span class='ocrx_word' id='word_1_313' title='bbox 1549 1026 1770 1101; x_wconf 73' lang='lat' dir='ltr'>Apotlu‘usrs.</span> 
     </span>
     <span class='ocr_line' id='line_1_61' title="bbox 1284 1133 1469 1207; baseline 0.022 -17"><span class='ocrx_word' id='word_1_314' title='bbox 1284 1134 1301 1190; x_wconf 78' lang='grc'>9</span> <span class='ocrx_word' id='word_1_315' title='bbox 1309 1133 1371 1207; x_wconf 87' lang='lat' dir='ltr'>jan.</span> <span class='ocrx_word' id='word_1_316' title='bbox 1391 1135 1469 1194; x_wconf 76' lang='lat' dir='ltr'>till.</span> 
     </span>
     <span class='ocr_line' id='line_1_62' title="bbox 1013 1240 1737 1305; baseline 0.007 -14"><span class='ocrx_word' id='word_1_317' title='bbox 1013 1242 1135 1303; x_wconf 72' lang='lat' dir='ltr'>(aegest,</span> <span class='ocrx_word' id='word_1_318' title='bbox 1148 1240 1193 1291; x_wconf 88' lang='lat' dir='ltr'>lib.</span> <span class='ocrx_word' id='word_1_319' title='bbox 1206 1242 1227 1299; x_wconf 95' lang='lat' dir='ltr'>l,</span> <span class='ocrx_word' id='word_1_320' title='bbox 1240 1241 1314 1305; x_wconf 80' lang='lat' dir='ltr'>epist.</span> <span class='ocrx_word' id='word_1_321' title='bbox 1327 1240 1380 1290; x_wconf 72' lang='lat'>132.</span> <span class='ocrx_word' id='word_1_322' title='bbox 1396 1243 1454 1293; x_wconf 83' lang='lat' dir='ltr'>llss.</span> <span class='ocrx_word' id='word_1_323' title='bbox 1464 1242 1501 1292; x_wconf 79' lang='lat' dir='ltr'>La</span> <span class='ocrx_word' id='word_1_324' title='bbox 1514 1244 1589 1293; x_wconf 82' lang='lat' dir='ltr'>Porte</span> <span class='ocrx_word' id='word_1_325' title='bbox 1599 1244 1634 1294; x_wconf 91' lang='lat' dir='ltr'>du</span> <span class='ocrx_word' id='word_1_326' title='bbox 1644 1246 1737 1303; x_wconf 73' lang='lat' dir='ltr'>Tbeill</span> 
     </span>
    </p>
   </div>
   <div class='ocr_carea' id='block_1_14' title="bbox 977 1366 1772 1705">
    <p class='ocr_par' dir='ltr' id='par_1_15' title="bbox 977 1366 1772 1705">
     <span class='ocr_line' id='line_1_63' title="bbox 977 1366 1772 1442; baseline 0.006 -19"><span class='ocrx_word' id='word_1_327' title='bbox 977 1366 1104 1433; x_wconf 77' lang='lat' dir='ltr'>Nuntiat,</span> <span class='ocrx_word' id='word_1_328' title='bbox 1124 1380 1156 1422; x_wconf 88' lang='lat' dir='ltr'>se</span> <span class='ocrx_word' id='word_1_329' title='bbox 1176 1368 1303 1423; x_wconf 79' lang='lat' dir='ltr'>bonomo</span> <span class='ocrx_word' id='word_1_330' title='bbox 1313 1366 1417 1423; x_wconf 90' lang='lat' dir='ltr'>clerico</span> <span class='ocrx_word' id='word_1_331' title='bbox 1428 1378 1577 1426; x_wconf 78' lang='lat' dir='ltr'>vacantem</span> <span class='ocrx_word' id='word_1_332' title='bbox 1590 1369 1772 1442; x_wconf 70' lang='lat' dir='ltr'>praebendam</span> 
     </span>
     <span class='ocr_line' id='line_1_64' title="bbox 1012 1452 1770 1526; baseline 0.008 -15"><span class='ocrx_word' id='word_1_333' title='bbox 1012 1454 1167 1511; x_wconf 84' lang='lat' dir='ltr'>contulisse</span> <span class='ocrx_word' id='word_1_334' title='bbox 1192 1469 1277 1526; x_wconf 89' lang='lat' dir='ltr'>quarn</span> <span class='ocrx_word' id='word_1_335' title='bbox 1301 1452 1329 1511; x_wconf 92' lang='lat' dir='ltr'>b.</span> <span class='ocrx_word' id='word_1_336' title='bbox 1351 1455 1498 1513; x_wconf 88' lang='lat' dir='ltr'>m.1t.de</span> <span class='ocrx_word' id='word_1_337' title='bbox 1522 1458 1676 1515; x_wconf 83' lang='lat' dir='ltr'>Roccasrxa</span> <span class='ocrx_word' id='word_1_338' title='bbox 1699 1460 1770 1517; x_wconf 86' lang='lat' dir='ltr'>obti-</span> 
     </span>
     <span class='ocr_line' id='line_1_65' title="bbox 1013 1541 1769 1615; baseline 0.008 -16"><span class='ocrx_word' id='word_1_339' title='bbox 1013 1544 1115 1611; x_wconf 85' lang='lat' dir='ltr'>nuerit,</span> <span class='ocrx_word' id='word_1_340' title='bbox 1122 1544 1222 1615; x_wconf 87' lang='lat' dir='ltr'>eisque</span> <span class='ocrx_word' id='word_1_341' title='bbox 1235 1541 1361 1613; x_wconf 89' lang='lat' dir='ltr'>mandat,</span> <span class='ocrx_word' id='word_1_342' title='bbox 1368 1551 1399 1602; x_wconf 91' lang='lat' dir='ltr'>ut</span> <span class='ocrx_word' id='word_1_343' title='bbox 1415 1545 1494 1603; x_wconf 90' lang='lat' dir='ltr'>illum</span> <span class='ocrx_word' id='word_1_344' title='bbox 1505 1546 1534 1602; x_wconf 93' lang='grc'>111</span> <span class='ocrx_word' id='word_1_345' title='bbox 1545 1548 1716 1605; x_wconf 85' lang='lat' dir='ltr'>canonicum</span> <span class='ocrx_word' id='word_1_346' title='bbox 1727 1563 1769 1605; x_wconf 85' lang='lat' dir='ltr'>re·</span> 
     </span>
     <span class='ocr_line' id='line_1_66' title="bbox 1014 1632 1103 1705; baseline 0.022 -18"><span class='ocrx_word' id='word_1_347' title='bbox 1014 1632 1103 1705; x_wconf 85' lang='lat' dir='ltr'>piant.</span> 
     </span>
    </p>
   </div>
   <div class='ocr_carea' id='block_1_15' title="bbox 968 1756 1773 4287">
    <p class='ocr_par' dir='ltr' id='par_1_16' title="bbox 977 1756 1768 1934">
     <span class='ocr_line' id='line_1_67' title="bbox 1017 1756 1768 1841; baseline 0.009 -22"><span class='ocrx_word' id='word_1_348' title='bbox 1017 1756 1196 1830; x_wconf 87' lang='lat' dir='ltr'>Honorius,</span> <span class='ocrx_word' id='word_1_349' title='bbox 1210 1761 1285 1830; x_wconf 70' lang='lat' dir='ltr'>etc„</span> <span class='ocrx_word' id='word_1_350' title='bbox 1302 1760 1486 1822; x_wconf 71' lang='lat' dir='ltr'>venerabili</span> <span class='ocrx_word' id='word_1_351' title='bbox 1500 1760 1597 1823; x_wconf 85' lang='lat' dir='ltr'>tratri</span> <span class='ocrx_word' id='word_1_352' title='bbox 1604 1762 1768 1841; x_wconf 86' lang='lat' dir='ltr'>episcopo,</span> 
     </span>
     <span class='ocr_line' id='line_1_68' title="bbox 977 1855 1581 1934; baseline 0.002 -17"><span class='ocrx_word' id='word_1_353' title='bbox 977 1855 1010 1917; x_wconf 88' lang='lat' dir='ltr'>et</span> <span class='ocrx_word' id='word_1_354' title='bbox 1024 1856 1154 1917; x_wconf 89' lang='lat' dir='ltr'>dilectis</span> <span class='ocrx_word' id='word_1_355' title='bbox 1170 1856 1248 1917; x_wconf 89' lang='lat' dir='ltr'>tiliis</span> <span class='ocrx_word' id='word_1_356' title='bbox 1262 1857 1407 1934; x_wconf 88' lang='lat' dir='ltr'>capitulo</span> <span class='ocrx_word' id='word_1_357' title='bbox 1419 1858 1581 1933; x_wconf 86' lang='lat' dir='ltr'>Agatlren.</span> 
     </span>
    </p>

    <p class='ocr_par' dir='ltr' id='par_1_17' title="bbox 968 1954 1773 4287">
     <span class='ocr_line' id='line_1_69' title="bbox 1016 1954 1769 2036; baseline 0.008 -22"><span class='ocrx_word' id='word_1_358' title='bbox 1016 1954 1143 2015; x_wconf 87' lang='lat' dir='ltr'>Dilecto</span> <span class='ocrx_word' id='word_1_359' title='bbox 1167 1954 1237 2015; x_wconf 85' lang='lat' dir='ltr'>filio</span> <span class='ocrx_word' id='word_1_360' title='bbox 1260 1957 1406 2017; x_wconf 89' lang='lat' dir='ltr'>Bouomo</span> <span class='ocrx_word' id='word_1_361' title='bbox 1427 1957 1550 2018; x_wconf 88' lang='lat' dir='ltr'>clerico</span> <span class='ocrx_word' id='word_1_362' title='bbox 1565 1973 1673 2036; x_wconf 89' lang='lat' dir='ltr'>nuper</span> <span class='ocrx_word' id='word_1_363' title='bbox 1686 1960 1769 2036; x_wconf 90' lang='lat' dir='ltr'>apud</span> 
     </span>
     <span class='ocr_line' id='line_1_70' title="bbox 978 2051 1771 2133; baseline 0.006 -20"><span class='ocrx_word' id='word_1_364' title='bbox 978 2051 1095 2113; x_wconf 90' lang='lat' dir='ltr'>Sedem</span> <span class='ocrx_word' id='word_1_365' title='bbox 1109 2051 1335 2129; x_wconf 83' lang='lat' dir='ltr'>Apostolicam</span> <span class='ocrx_word' id='word_1_366' title='bbox 1354 2054 1532 2116; x_wconf 91' lang='lat' dir='ltr'>constituto</span> <span class='ocrx_word' id='word_1_367' title='bbox 1551 2072 1613 2116; x_wconf 92' lang='lat' dir='ltr'>nos</span> <span class='ocrx_word' id='word_1_368' title='bbox 1634 2072 1696 2133; x_wconf 90' lang='lat' dir='ltr'>per</span> <span class='ocrx_word' id='word_1_369' title='bbox 1715 2072 1771 2118; x_wconf 90' lang='lat' dir='ltr'>eos</span> 
     </span>
     <span class='ocr_line' id='line_1_71' title="bbox 977 2149 1771 2230; baseline 0.008 -21"><span class='ocrx_word' id='word_1_370' title='bbox 977 2149 1034 2227; x_wconf 86' lang='lat' dir='ltr'>qui</span> <span class='ocrx_word' id='word_1_371' title='bbox 1047 2153 1119 2227; x_wconf 85' lang='lat' dir='ltr'>ejus</span> <span class='ocrx_word' id='word_1_372' title='bbox 1140 2150 1362 2212; x_wconf 88' lang='lat' dir='ltr'>litteraturam</span> <span class='ocrx_word' id='word_1_373' title='bbox 1373 2153 1407 2214; x_wconf 90' lang='lat' dir='ltr'>et</span> <span class='ocrx_word' id='word_1_374' title='bbox 1420 2153 1626 2214; x_wconf 89' lang='lat' dir='ltr'>honestatem</span> <span class='ocrx_word' id='word_1_375' title='bbox 1642 2155 1771 2230; x_wconf 88' lang='lat' dir='ltr'>plenius</span> 
     </span>
     <span class='ocr_line' id='line_1_72' title="bbox 977 2248 1772 2326; baseline 0.006 -18"><span class='ocrx_word' id='word_1_376' title='bbox 977 2249 1140 2310; x_wconf 84' lang='lat' dir='ltr'>noverant</span> <span class='ocrx_word' id='word_1_377' title='bbox 1162 2248 1203 2309; x_wconf 92' lang='lat' dir='ltr'>de</span> <span class='ocrx_word' id='word_1_378' title='bbox 1226 2248 1332 2326; x_wconf 90' lang='lat' dir='ltr'>ipsius</span> <span class='ocrx_word' id='word_1_379' title='bbox 1355 2250 1535 2312; x_wconf 86' lang='lat' dir='ltr'>idoneitate</span> <span class='ocrx_word' id='word_1_380' title='bbox 1556 2252 1678 2313; x_wconf 90' lang='lat' dir='ltr'>redditi</span> <span class='ocrx_word' id='word_1_381' title='bbox 1699 2268 1772 2315; x_wconf 90' lang='lat' dir='ltr'>cer-</span> 
     </span>
     <span class='ocr_line' id='line_1_73' title="bbox 978 2345 1772 2423; baseline 0.009 -17"><span class='ocrx_word' id='word_1_382' title='bbox 978 2345 1089 2418; x_wconf 86' lang='lat' dir='ltr'>tiores,</span> <span class='ocrx_word' id='word_1_383' title='bbox 1102 2346 1312 2423; x_wconf 84' lang='lat' dir='ltr'>praebendam</span> <span class='ocrx_word' id='word_1_384' title='bbox 1328 2347 1392 2407; x_wconf 89' lang='lat' dir='ltr'>sibi</span> <span class='ocrx_word' id='word_1_385' title='bbox 1403 2349 1604 2410; x_wconf 90' lang='lat' dir='ltr'>contulimus</span> <span class='ocrx_word' id='word_1_386' title='bbox 1618 2350 1772 2413; x_wconf 74' lang='lat' dir='ltr'>innostra</span> 
     </span>
     <span class='ocr_line' id='line_1_74' title="bbox 977 2444 1772 2523; baseline 0.006 -18"><span class='ocrx_word' id='word_1_387' title='bbox 977 2444 1119 2505; x_wconf 87' lang='lat' dir='ltr'>ecclesia</span> <span class='ocrx_word' id='word_1_388' title='bbox 1131 2447 1210 2506; x_wconf 90' lang='lat' dir='ltr'>tuno</span> <span class='ocrx_word' id='word_1_389' title='bbox 1224 2446 1410 2517; x_wconf 77' lang='lat' dir='ltr'>vacantem,</span> <span class='ocrx_word' id='word_1_390' title='bbox 1422 2463 1520 2523; x_wconf 79' lang='lat' dir='ltr'>quam</span> <span class='ocrx_word' id='word_1_391' title='bbox 1536 2447 1631 2508; x_wconf 86' lang='lat' dir='ltr'>bonae</span> <span class='ocrx_word' id='word_1_392' title='bbox 1646 2464 1772 2510; x_wconf 88' lang='lat' dir='ltr'>memo-</span> 
     </span>
     <span class='ocr_line' id='line_1_75' title="bbox 977 2542 1772 2617; baseline 0.006 -15"><span class='ocrx_word' id='word_1_393' title='bbox 977 2542 1036 2602; x_wconf 87' lang='lat' dir='ltr'>riae</span> <span class='ocrx_word' id='word_1_394' title='bbox 1052 2545 1091 2603; x_wconf 86' lang='lat' dir='ltr'>R.</span> <span class='ocrx_word' id='word_1_395' title='bbox 1108 2542 1148 2603; x_wconf 93' lang='lat' dir='ltr'>de</span> <span class='ocrx_word' id='word_1_396' title='bbox 1164 2542 1772 2617; x_wconf 68' lang='grc'><strong>110000110011111111111110010111010-</strong></span> 
     </span>
     <span class='ocr_line' id='line_1_76' title="bbox 976 2638 1771 2721; baseline 0.006 -22"><span class='ocrx_word' id='word_1_397' title='bbox 976 2638 1091 2702; x_wconf 87' lang='lat' dir='ltr'>dentes</span> <span class='ocrx_word' id='word_1_398' title='bbox 1103 2641 1137 2701; x_wconf 85' lang='lat' dir='ltr'>et</span> <span class='ocrx_word' id='word_1_399' title='bbox 1151 2641 1185 2701; x_wconf 91' lang='lat' dir='ltr'>iu</span> <span class='ocrx_word' id='word_1_400' title='bbox 1198 2642 1339 2703; x_wconf 84' lang='lat' dir='ltr'>ecclesia</span> <span class='ocrx_word' id='word_1_401' title='bbox 1355 2642 1426 2718; x_wconf 86' lang='lat' dir='ltr'>ipsa</span> <span class='ocrx_word' id='word_1_402' title='bbox 1442 2642 1516 2713; x_wconf 88' lang='lat' dir='ltr'>sibi,</span> <span class='ocrx_word' id='word_1_403' title='bbox 1531 2643 1616 2705; x_wconf 88' lang='lat' dir='ltr'>etde</span> <span class='ocrx_word' id='word_1_404' title='bbox 1632 2644 1691 2705; x_wconf 94' lang='lat' dir='ltr'>illo</span> <span class='ocrx_word' id='word_1_405' title='bbox 1709 2645 1771 2721; x_wconf 92' lang='lat' dir='ltr'>ipsi</span> 
     </span>
     <span class='ocr_line' id='line_1_77' title="bbox 976 2737 1772 2819; baseline 0.006 -21"><span class='ocrx_word' id='word_1_406' title='bbox 976 2737 1126 2799; x_wconf 72' lang='lat' dir='ltr'>ecclosias</span> <span class='ocrx_word' id='word_1_407' title='bbox 1138 2738 1323 2814; x_wconf 69' lang='lat' dir='ltr'>prouidere.</span> <span class='ocrx_word' id='word_1_408' title='bbox 1345 2740 1487 2819; x_wconf 87' lang='lat' dir='ltr'>Ideoque</span> <span class='ocrx_word' id='word_1_409' title='bbox 1509 2757 1569 2816; x_wconf 89' lang='lat' dir='ltr'>per</span> <span class='ocrx_word' id='word_1_410' title='bbox 1589 2742 1772 2816; x_wconf 79' lang='lat' dir='ltr'>apostolica</span> 
     </span>
     <span class='ocr_line' id='line_1_78' title="bbox 976 2834 1773 2917; baseline 0.008 -22"><span class='ocrx_word' id='word_1_411' title='bbox 976 2834 1069 2897; x_wconf 79' lang='lat' dir='ltr'>robis</span> <span class='ocrx_word' id='word_1_412' title='bbox 1082 2836 1205 2913; x_wconf 86' lang='lat' dir='ltr'>scripta</span> <span class='ocrx_word' id='word_1_413' title='bbox 1218 2837 1440 2914; x_wconf 77' lang='lat' dir='ltr'>praecipiendo</span> <span class='ocrx_word' id='word_1_414' title='bbox 1456 2839 1665 2911; x_wconf 89' lang='lat' dir='ltr'>mandamus,</span> <span class='ocrx_word' id='word_1_415' title='bbox 1689 2856 1773 2917; x_wconf 87' lang='lat' dir='ltr'>qua·</span> 
     </span>
     <span class='ocr_line' id='line_1_79' title="bbox 977 2934 1772 3010; baseline 0.008 -17"><span class='ocrx_word' id='word_1_416' title='bbox 977 2934 1072 2993; x_wconf 88' lang='lat' dir='ltr'>teuus</span> <span class='ocrx_word' id='word_1_417' title='bbox 1095 2934 1293 3010; x_wconf 81' lang='lat' dir='ltr'>recipientes</span> <span class='ocrx_word' id='word_1_418' title='bbox 1308 2936 1459 2996; x_wconf 88' lang='lat' dir='ltr'>eumdem</span> <span class='ocrx_word' id='word_1_419' title='bbox 1477 2937 1510 2996; x_wconf 93' lang='grc'>111</span> <span class='ocrx_word' id='word_1_420' title='bbox 1526 2937 1725 2998; x_wconf 83' lang='lat' dir='ltr'>canonicum</span> <span class='ocrx_word' id='word_1_421' title='bbox 1741 2940 1772 2999; x_wconf 91' lang='lat' dir='ltr'>et</span> 
     </span>
     <span class='ocr_line' id='line_1_80' title="bbox 976 3030 1771 3109; baseline 0.005 -18"><span class='ocrx_word' id='word_1_422' title='bbox 976 3030 1011 3091; x_wconf 94' lang='lat' dir='ltr'>in</span> <span class='ocrx_word' id='word_1_423' title='bbox 1026 3030 1173 3101; x_wconf 80' lang='lat' dir='ltr'>fratrom,</span> <span class='ocrx_word' id='word_1_424' title='bbox 1188 3032 1284 3109; x_wconf 83' lang='lat' dir='ltr'>eique</span> <span class='ocrx_word' id='word_1_425' title='bbox 1298 3033 1430 3093; x_wconf 91' lang='lat' dir='ltr'>stallum</span> <span class='ocrx_word' id='word_1_426' title='bbox 1442 3035 1476 3094; x_wconf 92' lang='lat' dir='ltr'>iu</span> <span class='ocrx_word' id='word_1_427' title='bbox 1489 3034 1604 3107; x_wconf 85' lang='lat' dir='ltr'>chore,</span> <span class='ocrx_word' id='word_1_428' title='bbox 1618 3038 1651 3096; x_wconf 90' lang='lat' dir='ltr'>et</span> <span class='ocrx_word' id='word_1_429' title='bbox 1664 3036 1771 3096; x_wconf 92' lang='lat' dir='ltr'>locum</span> 
     </span>
     <span class='ocr_line' id='line_1_81' title="bbox 975 3129 1772 3209; baseline 0.008 -20"><span class='ocrx_word' id='word_1_430' title='bbox 975 3129 1011 3189; x_wconf 92' lang='lat' dir='ltr'>in</span> <span class='ocrx_word' id='word_1_431' title='bbox 1041 3130 1186 3206; x_wconf 88' lang='lat' dir='ltr'>capitulo</span> <span class='ocrx_word' id='word_1_432' title='bbox 1221 3132 1452 3206; x_wconf 83' lang='lat' dir='ltr'>assignantes,</span> <span class='ocrx_word' id='word_1_433' title='bbox 1489 3133 1596 3209; x_wconf 91' lang='lat' dir='ltr'>ipsum</span> <span class='ocrx_word' id='word_1_434' title='bbox 1624 3133 1772 3195; x_wconf 81' lang='lat' dir='ltr'>fraterna</span> 
     </span>
     <span class='ocr_line' id='line_1_82' title="bbox 976 3228 1770 3308; baseline 0.004 -20"><span class='ocrx_word' id='word_1_435' title='bbox 976 3228 1123 3289; x_wconf 88' lang='lat' dir='ltr'>tractetis</span> <span class='ocrx_word' id='word_1_436' title='bbox 1140 3228 1175 3288; x_wconf 92' lang='lat' dir='ltr'>in</span> <span class='ocrx_word' id='word_1_437' title='bbox 1192 3229 1331 3291; x_wconf 89' lang='lat' dir='ltr'>Domino</span> <span class='ocrx_word' id='word_1_438' title='bbox 1346 3230 1495 3301; x_wconf 85' lang='lat' dir='ltr'>caritate,</span> <span class='ocrx_word' id='word_1_439' title='bbox 1513 3231 1669 3297; x_wconf 86' lang='lat' dir='ltr'>scientes,</span> <span class='ocrx_word' id='word_1_440' title='bbox 1684 3232 1770 3308; x_wconf 89' lang='lat' dir='ltr'>quod</span> 
     </span>
     <span class='ocr_line' id='line_1_83' title="bbox 975 3325 1771 3391; baseline 0.013 -10"><span class='ocrx_word' id='word_1_441' title='bbox 975 3325 1095 3387; x_wconf 88' lang='lat' dir='ltr'>dilecto</span> <span class='ocrx_word' id='word_1_442' title='bbox 1108 3326 1176 3387; x_wconf 89' lang='lat' dir='ltr'>tilio</span> <span class='ocrx_word' id='word_1_443' title='bbox 1193 3330 1306 3387; x_wconf 90' lang='lat' dir='ltr'>nostro</span> <span class='ocrx_word' id='word_1_444' title='bbox 1321 3329 1504 3390; x_wconf 90' lang='lat' dir='ltr'>Bertrnndo</span> <span class='ocrx_word' id='word_1_445' title='bbox 1524 3329 1612 3389; x_wconf 87' lang='lat' dir='ltr'>tituli</span> <span class='ocrx_word' id='word_1_446' title='bbox 1636 3332 1771 3391; x_wconf 87' lang='lat' dir='ltr'>saucto-</span> 
     </span>
     <span class='ocr_line' id='line_1_84' title="bbox 975 3424 1769 3503; baseline 0.004 -19"><span class='ocrx_word' id='word_1_447' title='bbox 975 3440 1048 3485; x_wconf 91' lang='lat' dir='ltr'>rum</span> <span class='ocrx_word' id='word_1_448' title='bbox 1062 3424 1202 3487; x_wconf 89' lang='lat' dir='ltr'>Joannis</span> <span class='ocrx_word' id='word_1_449' title='bbox 1224 3427 1256 3486; x_wconf 89' lang='lat' dir='ltr'>et</span> <span class='ocrx_word' id='word_1_450' title='bbox 1274 3425 1369 3486; x_wconf 86' lang='lat' dir='ltr'>Pauli</span> <span class='ocrx_word' id='word_1_451' title='bbox 1390 3425 1582 3503; x_wconf 70' lang='lat' dir='ltr'>presbytero</span> <span class='ocrx_word' id='word_1_452' title='bbox 1604 3426 1769 3488; x_wconf 89' lang='lat' dir='ltr'>cardinali</span> 
     </span>
     <span class='ocr_line' id='line_1_85' title="bbox 974 3523 1769 3601; baseline 0.008 -18"><span class='ocrx_word' id='word_1_453' title='bbox 974 3523 1171 3599; x_wconf 80' lang='lat' dir='ltr'>Apostolicae</span> <span class='ocrx_word' id='word_1_454' title='bbox 1195 3524 1289 3584; x_wconf 86' lang='lat' dir='ltr'>Sedis</span> <span class='ocrx_word' id='word_1_455' title='bbox 1312 3525 1421 3601; x_wconf 86' lang='lat' dir='ltr'>legato</span> <span class='ocrx_word' id='word_1_456' title='bbox 1437 3526 1587 3586; x_wconf 89' lang='lat' dir='ltr'>dedimus</span> <span class='ocrx_word' id='word_1_457' title='bbox 1612 3527 1647 3587; x_wconf 93' lang='grc'>111</span> <span class='ocrx_word' id='word_1_458' title='bbox 1670 3544 1769 3588; x_wconf 86' lang='lat' dir='ltr'>man-</span> 
     </span>
     <span class='ocr_line' id='line_1_86' title="bbox 974 3620 1770 3702; baseline 0.013 -25"><span class='ocrx_word' id='word_1_459' title='bbox 974 3620 1070 3692; x_wconf 89' lang='lat' dir='ltr'>datis,</span> <span class='ocrx_word' id='word_1_460' title='bbox 1090 3623 1124 3681; x_wconf 91' lang='lat' dir='ltr'>ut</span> <span class='ocrx_word' id='word_1_461' title='bbox 1139 3621 1166 3681; x_wconf 92' lang='lat' dir='ltr'>si</span> <span class='ocrx_word' id='word_1_462' title='bbox 1183 3622 1256 3698; x_wconf 87' lang='lat' dir='ltr'>quis</span> <span class='ocrx_word' id='word_1_463' title='bbox 1269 3638 1370 3699; x_wconf 88' lang='lat' dir='ltr'>super</span> <span class='ocrx_word' id='word_1_464' title='bbox 1383 3621 1437 3683; x_wconf 88' lang='lat' dir='ltr'>his</span> <span class='ocrx_word' id='word_1_465' title='bbox 1450 3623 1587 3700; x_wconf 75' lang='lat' dir='ltr'>praelato</span> <span class='ocrx_word' id='word_1_466' title='bbox 1601 3627 1637 3685; x_wconf 89' lang='grc' dir='ltr'>Β.</span> <span class='ocrx_word' id='word_1_467' title='bbox 1658 3642 1695 3686; x_wconf 89' lang='lat' dir='ltr'>se</span> <span class='ocrx_word' id='word_1_468' title='bbox 1706 3642 1770 3702; x_wconf 91' lang='lat' dir='ltr'>op-</span> 
     </span>
     <span class='ocr_line' id='line_1_87' title="bbox 974 3721 1770 3800; baseline 0.008 -22"><span class='ocrx_word' id='word_1_469' title='bbox 974 3734 1099 3794; x_wconf 87' lang='lat' dir='ltr'>ponere</span> <span class='ocrx_word' id='word_1_470' title='bbox 1116 3721 1364 3795; x_wconf 73' lang='lat' dir='ltr'>praesumpserit</span> <span class='ocrx_word' id='word_1_471' title='bbox 1384 3721 1451 3781; x_wconf 89' lang='lat' dir='ltr'>imo</span> <span class='ocrx_word' id='word_1_472' title='bbox 1471 3721 1576 3793; x_wconf 88' lang='lat' dir='ltr'>nobis,</span> <span class='ocrx_word' id='word_1_473' title='bbox 1595 3723 1667 3799; x_wconf 90' lang='lat' dir='ltr'>ipse</span> <span class='ocrx_word' id='word_1_474' title='bbox 1682 3739 1770 3800; x_wconf 88' lang='lat' dir='ltr'>prae-</span> 
     </span>
     <span class='ocr_line' id='line_1_88' title="bbox 974 3818 1770 3896; baseline 0.008 -20"><span class='ocrx_word' id='word_1_475' title='bbox 974 3818 1194 3894; x_wconf 89' lang='lat' dir='ltr'>sumptiouem</span> <span class='ocrx_word' id='word_1_476' title='bbox 1205 3833 1319 3879; x_wconf 90' lang='lat' dir='ltr'>eorum</span> <span class='ocrx_word' id='word_1_477' title='bbox 1335 3834 1579 3896; x_wconf 86' lang='lat' dir='ltr'>percensuram</span> <span class='ocrx_word' id='word_1_478' title='bbox 1590 3820 1770 3882; x_wconf 89' lang='lat' dir='ltr'>ecclesias-</span> 
     </span>
     <span class='ocr_line' id='line_1_89' title="bbox 974 3914 1764 3994; baseline 0.004 -18"><span class='ocrx_word' id='word_1_479' title='bbox 974 3914 1073 3976; x_wconf 89' lang='lat' dir='ltr'>ticam</span> <span class='ocrx_word' id='word_1_480' title='bbox 1087 3915 1309 3992; x_wconf 87' lang='lat' dir='ltr'>appellatione</span> <span class='ocrx_word' id='word_1_481' title='bbox 1331 3917 1457 3977; x_wconf 85' lang='lat' dir='ltr'>rernota</span> <span class='ocrx_word' id='word_1_482' title='bbox 1478 3933 1703 3994; x_wconf 86' lang='lat' dir='ltr'>compescens,</span> <span class='ocrx_word' id='word_1_483' title='bbox 1720 3919 1764 3979; x_wconf 95' lang='lat' dir='ltr'>il-</span> 
     </span>
     <span class='ocr_line' id='line_1_90' title="bbox 973 4012 1768 4093; baseline 0.008 -22"><span class='ocrx_word' id='word_1_484' title='bbox 973 4012 1041 4072; x_wconf 92' lang='lat' dir='ltr'>lum</span> <span class='ocrx_word' id='word_1_485' title='bbox 1060 4012 1161 4073; x_wconf 87' lang='lat' dir='ltr'>saciat</span> <span class='ocrx_word' id='word_1_486' title='bbox 1184 4014 1324 4090; x_wconf 84' lang='lat' dir='ltr'>pacifica</span> <span class='ocrx_word' id='word_1_487' title='bbox 1343 4014 1451 4092; x_wconf 86' lang='lat' dir='ltr'>ipsius</span> <span class='ocrx_word' id='word_1_488' title='bbox 1479 4015 1667 4093; x_wconf 64' lang='lat' dir='ltr'>praebenda)</span> <span class='ocrx_word' id='word_1_489' title='bbox 1692 4033 1768 4092; x_wconf 87' lang='lat' dir='ltr'>pos-</span> 
     </span>
     <span class='ocr_line' id='line_1_91' title="bbox 973 4110 1765 4187; baseline 0.004 -18"><span class='ocrx_word' id='word_1_490' title='bbox 973 4110 1121 4171; x_wconf 87' lang='lat' dir='ltr'>sessione</span> <span class='ocrx_word' id='word_1_491' title='bbox 1141 4111 1296 4187; x_wconf 85' lang='lat' dir='ltr'>gaudere.</span> <span class='ocrx_word' id='word_1_492' title='bbox 1320 4114 1438 4174; x_wconf 88' lang='lat' dir='ltr'>Datum</span> <span class='ocrx_word' id='word_1_493' title='bbox 1456 4114 1624 4185; x_wconf 89' lang='lat' dir='ltr'>Laterani,</span> <span class='ocrx_word' id='word_1_494' title='bbox 1642 4117 1670 4175; x_wconf 81' lang='lat' dir='ltr'>l&#39;</span> <span class='ocrx_word' id='word_1_495' title='bbox 1693 4115 1765 4177; x_wconf 90' lang='lat' dir='ltr'>idus</span> 
     </span>
     <span class='ocr_line' id='line_1_92' title="bbox 968 4208 1707 4287; baseline 0.005 -20"><span class='ocrx_word' id='word_1_496' title='bbox 968 4208 1128 4284; x_wconf 86' lang='lat' dir='ltr'>januarii,</span> <span class='ocrx_word' id='word_1_497' title='bbox 1143 4208 1353 4285; x_wconf 75' lang='lat' dir='ltr'>pontificatus</span> <span class='ocrx_word' id='word_1_498' title='bbox 1367 4210 1471 4271; x_wconf 88' lang='lat' dir='ltr'>nostri</span> <span class='ocrx_word' id='word_1_499' title='bbox 1487 4226 1575 4273; x_wconf 90' lang='lat' dir='ltr'>anno</span> <span class='ocrx_word' id='word_1_500' title='bbox 1588 4212 1707 4287; x_wconf 89' lang='lat' dir='ltr'>primo.</span> 
     </span>
    </p>
   </div>
   <div class='ocr_carea' id='block_1_16' title="bbox 1292 4397 1448 4483">
    <p class='ocr_par' dir='ltr' id='par_1_18' title="bbox 1292 4397 1448 4483">
     <span class='ocr_line' id='line_1_93' title="bbox 1292 4397 1448 4483; baseline -0.013 0"><span class='ocrx_word' id='word_1_501' title='bbox 1292 4397 1448 4483; x_wconf 80' lang='lat' dir='ltr'>CXXIX</span> 
     </span>
    </p>
   </div>
   <div class='ocr_carea' id='block_1_17' title="bbox 1009 4559 1728 4833">
    <p class='ocr_par' dir='ltr' id='par_1_19' title="bbox 1009 4559 1728 4833">
     <span class='ocr_line' id='line_1_94' title="bbox 1027 4559 1713 4631; baseline 0.004 -16"><span class='ocrx_word' id='word_1_502' title='bbox 1027 4560 1076 4616; x_wconf 81' lang='lat' dir='ltr'>dd</span> <span class='ocrx_word' id='word_1_503' title='bbox 1090 4559 1242 4619; x_wconf 80' lang='lat' dir='ltr'>abbatom</span> <span class='ocrx_word' id='word_1_504' title='bbox 1260 4560 1385 4619; x_wconf 69' lang='lat' dir='ltr'>reuerti·</span> <span class='ocrx_word' id='word_1_505' title='bbox 1399 4564 1529 4631; x_wconf 54' lang='grc'><strong>11011011.</strong></span> <span class='ocrx_word' id='word_1_506' title='bbox 1546 4562 1713 4620; x_wconf 65' lang='lat' dir='ltr'>discursis.</span> 
     </span>
     <span class='ocr_line' id='line_1_95' title="bbox 1265 4661 1468 4733; baseline -0.01 -16"><span class='ocrx_word' id='word_1_507' title='bbox 1265 4662 1299 4717; x_wconf 87' lang='grc'>10</span> <span class='ocrx_word' id='word_1_508' title='bbox 1310 4661 1371 4733; x_wconf 84' lang='lat' dir='ltr'>jan.</span> <span class='ocrx_word' id='word_1_509' title='bbox 1391 4662 1468 4718; x_wconf 71' lang='lat' dir='ltr'>lili.</span> 
     </span>
     <span class='ocr_line' id='line_1_96' title="bbox 1009 4764 1728 4833; baseline 0 -16"><span class='ocrx_word' id='word_1_510' title='bbox 1009 4764 1119 4829; x_wconf 74' lang='lat' dir='ltr'>[liegest.</span> <span class='ocrx_word' id='word_1_511' title='bbox 1133 4766 1177 4819; x_wconf 87' lang='lat' dir='ltr'>lib.</span> <span class='ocrx_word' id='word_1_512' title='bbox 1189 4768 1208 4819; x_wconf 93' lang='lat' dir='ltr'>l.</span> <span class='ocrx_word' id='word_1_513' title='bbox 1222 4766 1296 4831; x_wconf 86' lang='lat' dir='ltr'>epist.</span> <span class='ocrx_word' id='word_1_514' title='bbox 1311 4766 1364 4816; x_wconf 76' lang='lat' dir='ltr'>tao.</span> <span class='ocrx_word' id='word_1_515' title='bbox 1382 4768 1438 4818; x_wconf 86' lang='lat' dir='ltr'>llss.</span> <span class='ocrx_word' id='word_1_516' title='bbox 1451 4769 1487 4817; x_wconf 84' lang='lat' dir='ltr'>La</span> <span class='ocrx_word' id='word_1_517' title='bbox 1500 4768 1574 4817; x_wconf 81' lang='lat' dir='ltr'>Porte</span> <span class='ocrx_word' id='word_1_518' title='bbox 1589 4768 1728 4833; x_wconf 74' lang='grc'><strong>1111111011]</strong></span> 
     </span>
    </p>
   </div>
   <div class='ocr_carea' id='block_1_18' title="bbox 971 4898 1766 5312">
    <p class='ocr_par' dir='ltr' id='par_1_20' title="bbox 971 4898 1766 5312">
     <span class='ocr_line' id='line_1_97' title="bbox 971 4898 1766 4961; baseline 0.003 -4"><span class='ocrx_word' id='word_1_519' title='bbox 971 4898 1085 4957; x_wconf 83' lang='lat' dir='ltr'>Marrdnt</span> <span class='ocrx_word' id='word_1_520' title='bbox 1101 4901 1311 4957; x_wconf 82' lang='grc'><strong>1110100110110111</strong></span> <span class='ocrx_word' id='word_1_521' title='bbox 1325 4900 1476 4958; x_wconf 74' lang='lat' dir='ltr'>abbatisse</span> <span class='ocrx_word' id='word_1_522' title='bbox 1492 4902 1658 4961; x_wconf 87' lang='lat' dir='ltr'>monialium</span> <span class='ocrx_word' id='word_1_523' title='bbox 1672 4904 1701 4959; x_wconf 87' lang='lat' dir='ltr'>S.</span> <span class='ocrx_word' id='word_1_524' title='bbox 1713 4904 1766 4961; x_wconf 83' lang='lat' dir='ltr'>lla·</span> 
     </span>
     <span class='ocr_line' id='line_1_98' title="bbox 1005 4988 1766 5049; baseline 0.005 -5"><span class='ocrx_word' id='word_1_525' title='bbox 1005 4989 1054 5045; x_wconf 79' lang='lat' dir='ltr'>riae</span> <span class='ocrx_word' id='word_1_526' title='bbox 1070 4988 1273 5046; x_wconf 84' lang='lat' dir='ltr'>deintronolio</span> <span class='ocrx_word' id='word_1_527' title='bbox 1285 4990 1402 5048; x_wconf 81' lang='lat' dir='ltr'>cisterc.</span> <span class='ocrx_word' id='word_1_528' title='bbox 1416 4990 1477 5046; x_wconf 90' lang='lat' dir='ltr'>urd.</span> <span class='ocrx_word' id='word_1_529' title='bbox 1487 4991 1676 5049; x_wconf 85' lang='lat' dir='ltr'>devoluntate</span> <span class='ocrx_word' id='word_1_530' title='bbox 1685 4991 1766 5049; x_wconf 79' lang='lat' dir='ltr'>ablio-</span> 
     </span>
     <span class='ocr_line' id='line_1_99' title="bbox 1004 5076 1765 5152; baseline 0 -15"><span class='ocrx_word' id='word_1_531' title='bbox 1004 5077 1040 5137; x_wconf 91' lang='lat' dir='ltr'>tis</span> <span class='ocrx_word' id='word_1_532' title='bbox 1049 5076 1084 5133; x_wconf 81' lang='grc'>110</span> <span class='ocrx_word' id='word_1_533' title='bbox 1095 5077 1230 5135; x_wconf 86' lang='lat' dir='ltr'>Columba</span> <span class='ocrx_word' id='word_1_534' title='bbox 1239 5077 1393 5136; x_wconf 81' lang='lat' dir='ltr'>visitatoris</span> <span class='ocrx_word' id='word_1_535' title='bbox 1404 5094 1503 5135; x_wconf 84' lang='lat' dir='ltr'>earum</span> <span class='ocrx_word' id='word_1_536' title='bbox 1519 5088 1675 5152; x_wconf 88' lang='lat' dir='ltr'>peractam,</span> <span class='ocrx_word' id='word_1_537' title='bbox 1688 5083 1713 5139; x_wconf 91' lang='lat' dir='ltr'>si</span> <span class='ocrx_word' id='word_1_538' title='bbox 1728 5080 1765 5138; x_wconf 84' lang='lat' dir='ltr'>de</span> 
     </span>
     <span class='ocr_line' id='line_1_100' title="bbox 1005 5166 1763 5238; baseline 0.007 -16"><span class='ocrx_word' id='word_1_539' title='bbox 1005 5180 1126 5238; x_wconf 85' lang='lat' dir='ltr'>persona</span> <span class='ocrx_word' id='word_1_540' title='bbox 1142 5166 1244 5224; x_wconf 85' lang='lat' dir='ltr'>idonea</span> <span class='ocrx_word' id='word_1_541' title='bbox 1260 5168 1398 5224; x_wconf 87' lang='lat' dir='ltr'>canonice</span> <span class='ocrx_word' id='word_1_542' title='bbox 1417 5168 1558 5226; x_wconf 86' lang='lat' dir='ltr'>celebrata</span> <span class='ocrx_word' id='word_1_543' title='bbox 1575 5168 1669 5238; x_wconf 85' lang='lat' dir='ltr'>tuerit,</span> <span class='ocrx_word' id='word_1_544' title='bbox 1697 5185 1763 5229; x_wconf 88' lang='lat' dir='ltr'>cen·</span> 
     </span>
     <span class='ocr_line' id='line_1_101' title="bbox 1004 5254 1106 5312; baseline 0 -1"><span class='ocrx_word' id='word_1_545' title='bbox 1004 5254 1106 5312; x_wconf 87' lang='lat' dir='ltr'>sumet.</span> 
     </span>
    </p>
   </div>
   <div class='ocr_carea' id='block_1_19' title="bbox 968 5381 1766 5655">
    <p class='ocr_par' dir='ltr' id='par_1_21' title="bbox 968 5381 1766 5655">
     <span class='ocr_line' id='line_1_102' title="bbox 1009 5381 1766 5454; baseline 0.004 -13"><span class='ocrx_word' id='word_1_546' title='bbox 1009 5381 1187 5454; x_wconf 88' lang='lat' dir='ltr'>Honorius,</span> <span class='ocrx_word' id='word_1_547' title='bbox 1205 5382 1281 5451; x_wconf 78' lang='lat' dir='ltr'>etc,</span> <span class='ocrx_word' id='word_1_548' title='bbox 1298 5383 1418 5445; x_wconf 90' lang='lat' dir='ltr'>dilecto</span> <span class='ocrx_word' id='word_1_549' title='bbox 1432 5383 1501 5445; x_wconf 86' lang='lat' dir='ltr'>filio</span> <span class='ocrx_word' id='word_1_550' title='bbox 1516 5383 1628 5446; x_wconf 91' lang='lat' dir='ltr'>abbati</span> <span class='ocrx_word' id='word_1_551' title='bbox 1642 5385 1766 5448; x_wconf 86' lang='lat' dir='ltr'>Tilietti</span> 
     </span>
     <span class='ocr_line' id='line_1_103' title="bbox 968 5481 1277 5557; baseline -0.003 -16"><span class='ocrx_word' id='word_1_552' title='bbox 968 5482 1094 5557; x_wconf 78' lang='lat' dir='ltr'>ltqrren.</span> <span class='ocrx_word' id='word_1_553' title='bbox 1112 5481 1277 5542; x_wconf 80' lang='lat' dir='ltr'>clioecesis.</span> 
     </span>
     <span class='ocr_line' id='line_1_104' title="bbox 1009 5577 1764 5655; baseline 0.005 -18"><span class='ocrx_word' id='word_1_554' title='bbox 1009 5579 1057 5637; x_wconf 82' lang='lat' dir='ltr'>llx</span> <span class='ocrx_word' id='word_1_555' title='bbox 1073 5578 1165 5653; x_wconf 86' lang='lat' dir='ltr'>parte</span> <span class='ocrx_word' id='word_1_556' title='bbox 1180 5577 1349 5655; x_wconf 76' lang='lat' dir='ltr'>priorissae</span> <span class='ocrx_word' id='word_1_557' title='bbox 1368 5594 1406 5639; x_wconf 87' lang='lat' dir='ltr'>ac</span> <span class='ocrx_word' id='word_1_558' title='bbox 1430 5579 1624 5641; x_wconf 90' lang='lat' dir='ltr'>monialium</span> <span class='ocrx_word' id='word_1_559' title='bbox 1644 5581 1764 5641; x_wconf 75' lang='lat' dir='ltr'>sancta</span> 
     </span>
    </p>
   </div>
   <div class='ocr_carea' id='block_1_20' title="bbox 0 0 1906 6166">
    <p class='ocr_par' dir='ltr' id='par_1_22' title="bbox 0 0 1906 6166">
     <span class='ocr_line' id='line_1_105' title="bbox 0 0 1906 6166; baseline 0 0"><span class='ocrx_word' id='word_1_560' title='bbox 0 0 1906 6166; x_wconf 95' lang='lat' dir='ltr'> </span> 
     </span>
    </p>
   </div>
  </div>
 </body>
</html>
