3794 6166
118 365 178 427 105

118 526 271 589 Concilio
290 528 493 607 approbante
508 530 689 595 damnarit.
716 537 796 596 Cum
820 537 922 613 igitur

117 625 206 686 idem
221 627 446 703 praedecessor
464 632 578 692 noster
592 631 627 692 in
643 633 807 695 sententia
828 653 919 712 qrrae-

116 724 216 785 dictae
242 725 464 789 damnationis
499 731 713 806 expresserit,
744 733 830 809 quod
858 751 918 811 per

117 821 182 884 lioc
196 823 329 885 Floren.
347 827 550 889 monasterio
561 828 695 891 nolebat
708 831 919 908 aliquatenus

123 920 291 997 derogari,
313 925 469 1000 quoniam
491 927 525 987 et
543 928 708 1003 regularis
730 930 780 991 est
794 932 920 992 consti-

119 1019 255 1092 tutio,et
266 1020 476 1086 observantia
489 1025 661 1101 salutaris;
677 1025 828 1105 idemque
839 1032 920 1090 doa-

122 1117 212 1178 chim
233 1120 344 1181 omnia
368 1122 490 1199 scripta
513 1139 572 1184 sua
594 1123 659 1201 ipsi
681 1126 919 1201 praedecessori

118 1218 232 1279 nostro
248 1219 413 1295 assignari
428 1222 599 1284 mandavit
610 1225 810 1300 apostolicae
825 1227 919 1287 Sedis

119 1315 332 1392 approbanda
351 1319 492 1396 judicio,
518 1320 570 1381 vel
586 1321 794 1397 corrigenda,
817 1324 918 1386 dicti-

119 1415 193 1474 tans
209 1414 394 1491 epistolam,
412 1418 466 1478 cui
482 1417 616 1495 propria
632 1436 735 1480 manu
750 1420 920 1499 subscrip-

119 1511 175 1583 sit,
192 1512 227 1572 iu
241 1529 305 1590 qua
319 1514 459 1576 tirmiter
472 1516 651 1579 confitetur
663 1535 698 1578 se
714 1519 806 1579 illam
822 1520 920 1582 fidem

120 1611 247 1683 tenere,
265 1629 363 1688 quam
384 1616 533 1675 Romana
554 1615 644 1677 tenet
663 1617 822 1690 Ecclesia,
846 1636 919 1696 quae

119 1708 316 1785 disponente
344 1712 484 1773 Domino
513 1714 619 1774 mater
648 1715 698 1776 est
726 1716 919 1778 cunctorum

117 1806 279 1877 fidelium,
301 1809 334 1870 ot
355 1810 530 1886 magistra3
557 1810 755 1875 fraternitati
776 1815 841 1876 tuae
860 1831 920 1892 per

119 1905 305 1980 apostolica
320 1907 443 1984 scripta
458 1909 664 1983 mandamur,
686 1911 783 1989 atque
799 1914 920 1989 praec-i-

120 2002 243 2078 pimus,
260 2006 423 2081 quatenus
444 2006 563 2068 fratres
586 2009 713 2069 ordinis
736 2011 919 2087 supradicti

119 2117 222 2175 super
240 2102 407 2164 haereseos
426 2104 576 2178 crimine,
593 2122 654 2168 nec
670 2107 739 2183 ipso
757 2107 919 2169 infamare

119 2215 313 2273 praesumas
330 2202 388 2263 ant
400 2217 420 2263 a
433 2200 573 2265 subditis
584 2205 650 2265 tuis
663 2205 845 2281 permittas,
861 2222 919 2267 seu

118 2296 331 2374 aliquatenus
364 2299 553 2361 dissimules
595 2302 762 2363 infamari.
800 2304 918 2364 Datum

118 2397 232 2457 Romae
257 2397 344 2474 apud
376 2400 532 2460 Sanctum
559 2402 705 2473 Petrum,
739 2404 782 2463 lV
814 2417 918 2464 nouas

119 2493 317 2566 decembris,
335 2496 546 2572 pontiticatus
557 2498 661 2559 nostri
677 2515 765 2559 anno
779 2500 896 2575 primo.

124 2852 175 2909 Ad
190 2852 331 2912 Gnatam
355 2853 444 2914 tituli
463 2854 497 2914 S.
519 2854 667 2916 allartiae'
678 2858 919 2930 presbyteram

161 2952 384 3021 ccuattnotcm,
400 2952 600 3026 apostolicae
611 2956 708 3014 Sedis
720 2956 879 3030 lcqatroa.

418 3085 435 3140 3
454 3082 515 3140 dec.
538 3084 617 3141 talo.

157 3222 277 3287 Jltegest„
289 3224 335 3274 lib.
348 3224 366 3283 l,
383 3225 457 3289 epist.
470 3225 510 3275 80.
524 3227 581 3276 llss.
599 3228 634 3276 La
650 3227 723 3277 Portc
734 3227 768 3277 du
787 3228 879 3293 llicit}

121 3339 409 3409 llortatur,lolranne
424 3348 545 3407 mortuo,
562 3357 630 3415 roge
641 3343 762 3416 Anglioe,
771 3350 801 3399 ut
815 3344 857 3400 vir
867 3343 919 3399 for-

156 3430 193 3485 tis
216 3429 334 3486 tutelam
354 3438 383 3487 et
406 3445 504 3488 curam
530 3439 661 3489 natorum
684 3431 811 3505 praedicti
839 3433 919 3506 regis

156 3517 328 3590 pupillorum
341 3527 368 3576 et
384 3521 465 3591 regni
482 3521 622 3594 invigilet,
641 3520 813 3593 mandatque
829 3528 859 3578 ut
871 3522 916 3594 ju·

156 3615 297 3677 ramenta,
318 3624 381 3680 quae
401 3609 543 3683 principes
558 3617 656 3667 eontra
679 3625 776 3684 regem
801 3610 918 3682 predic·

155 3703 216 3753 tum
235 3699 440 3770 praestiterant,
463 3713 519 3756 non
539 3699 678 3757 servanda
696 3699 844 3757 denuntiet
861 3707 920 3758 tan-

156 3800 243 3858 quam
260 3787 367 3844 illicita.

161 3911 261 3974 Duris
276 3913 373 3975 nobis
391 3913 581 3976 rumoribus
600 3913 779 3988 nunciatis,
799 3913 919 3977 videli-

121 4014 174 4073 cet
186 4011 273 4089 quod
295 4012 396 4073 clarae
421 4013 756 4084 memoriaeioannes,
770 4030 832 4075 rex
848 4018 920 4076 An-

120 4110 210 4185 gliae,
227 4110 315 4171 viam
333 4111 717 4173 essetuniversaecarnis
729 4112 917 4187 ingressum

122 4209 240 4286 repleti
268 4210 346 4271 sunt
375 4208 478 4269 lumbi
502 4209 606 4271 nostri
632 4210 756 4282 dolore,
778 4212 811 4272 et
835 4212 921 4273 sicut

125 4306 342 4383 parturientis
353 4307 507 4383 angustia
518 4323 577 4368 nos
591 4308 747 4384 possedit,
760 4308 828 4369 tum
842 4309 920 4385 quia

124 4404 230 4482 ipsum
251 4406 362 4482 utpote
372 4405 552 4466 vassallum
573 4406 729 4467 Ecclesiae
750 4409 917 4478 Romanae,

124 4518 162 4565 ac
190 4504 296 4580 ipsius
317 4504 421 4564 filium
443 4503 621 4581 specialem
646 4505 776 4564 sincera
794 4505 919 4565 dilexi-

124 4618 198 4662 mus
213 4602 350 4664 caritate
373 4603 408 4662 in
428 4602 583 4676 Domiuo;
601 4603 669 4663 tum
690 4602 767 4679 quia
783 4603 848 4663 tuis
870 4603 939 4677 la-,

124 4698 259 4761 boribus
271 4701 304 4762 et
318 4701 492 4775 angustiis
507 4716 590 4778 quas
603 4700 838 4777 multiplicatas
853 4716 919 4762 nou

125 4799 322 4875 ambigimus
335 4814 378 4859 ex
391 4799 453 4860 lroc
466 4815 550 4869 esse,
568 4799 786 4875 compatimur
798 4798 919 4860 aflectu

125 4900 278 4974 paterno;
296 4899 365 4958 tum
380 4898 478 4958 etiam
494 4897 572 4974 quia
588 4900 694 4974 maJ'or
709 4896 804 4958 nobis
819 4897 922 4958 instat

126 4995 307 5057 necessitas
323 4994 539 5056 subveniendi
554 4995 641 5055 iratis
663 4995 811 5072 ejusdem
832 4994 921 5071 regis

126 5094 271 5171 pupillis,
295 5109 435 5170 quorum
454 5110 527 5154 esse
542 5094 695 5155 tenemur
709 5109 752 5154 ex
771 5093 921 5172 injuncto

127 5191 219 5252 uobis
232 5191 448 5268 Apostolatus
457 5190 567 5252 oftlcio
578 5190 780 5263 defensores
793 5192 922 5251 dicente

129 5289 302 5368 Scriptura
320 5311 327 5349 :
343 5293 477 5364 Papttto
495 5291 531 5350 ia
543 5293 614 5351 cris
635 5290 784 5362 abactor.
801 5292 923 5350 Verum

128 5404 192 5451 non
209 5388 401 5448 deficientes
421 5387 456 5447 in
478 5387 542 5460 liis,
564 5388 620 5448 sed
646 5388 680 5447 in
701 5403 739 5448 eo
755 5389 923 5464 assumpto

127 5486 331 5549 fortitudinis
355 5486 473 5564 spiritu
494 5487 549 5563 qni
578 5486 770 5546 consolatur
795 5503 854 5546 uos
890 5486 924 5546 in

126 5586 216 5647 omni
243 5583 458 5648 tribulatione
485 5585 598 5645 nostra
625 5585 661 5646 ut
695 5585 860 5661 possimus
892 5585 925 5647 et

127 5684 190 5762 ipsi
206 5698 265 5746 eos
280 5680 337 5768 qui
352 5682 387 5743 in
402 5697 558 5760 pressura
576 5683 662 5754 sunt,
685 5682 863 5753 consolari,
882 5682 923 5744 ad

127 5782 276 5861 ipsorum
294 5780 457 5841 auxilium
473 5779 504 5842 et
519 5781 655 5842 tutelam
678 5795 720 5841 ex
738 5780 858 5843 affectu
873 5780 926 5842 in-

676 383 683 397 ·
751 374 980 440 EPISTOLAE.
1004 382 1083 443 LlB.
1107 384 1144 442 Ι.λ

1716 390 1774 452 loe

975 560 1054 623 timo
1067 562 1264 639 aspirantes,
1282 563 1360 625 licet
1374 563 1414 625 de
1433 565 1490 626 tun
1506 568 1692 629 constantia
1709 584 1770 645 ge-

975 675 1087 720 ramus
1108 676 1199 736 spem
1222 663 1357 734 certam,
1385 663 1547 725 tatamen
1574 662 1772 742 apostolicis

974 758 1263 821 exhortationibus
1278 760 1432 821 claruimus
1448 762 1712 836 confortandum,
1730 781 1773 828 ne

974 873 1032 917 cor
1052 857 1145 918 tuum
1170 858 1356 936 hujusmodi
1372 860 1641 922 tribulationibus
1657 865 1690 924 et
1709 879 1772 926 an·

973 956 1092 1029 gustiis
1115 959 1354 1030 consternetur,
1372 959 1529 1035 quoniam
1546 960 1652 1021 fidelis
1670 963 1768 1033 Deus,

974 1054 1029 1130 qui
1049 1054 1080 1114 te
1096 1070 1196 1130 supra
1215 1055 1258 1127 id,
1294 1056 1379 1132 quod
1408 1058 1510 1133 potes,
1538 1074 1603 1119 riou
1626 1059 1771 1134 patietur

975 1152 1107 1220 tentari,
1130 1152 1188 1212 sed
1213 1153 1311 1215 faciet
1335 1154 1435 1215 etiam
1458 1154 1491 1215 iu
1507 1155 1570 1216 hac
1585 1157 1769 1218 tentatione

973 1252 1181 1326 proventum,
1199 1252 1234 1313 ut
1248 1252 1361 1312 valeas
1384 1254 1559 1315 sustinere.
1582 1257 1621 1315 Et
1639 1255 1771 1331 quidem

974 1348 1112 1409 forsitan
1125 1350 1197 1426 pius
1208 1351 1241 1411 et
1251 1350 1440 1411 misericors
1456 1351 1614 1412 Dominus
1630 1354 1768 1414 mortem

973 1446 1062 1523 regis
1077 1446 1182 1524 ipsius
1198 1448 1237 1507 ad
1251 1447 1372 1508 bonum
1390 1448 1531 1508 filiorum
1548 1453 1619 1526 ejus
1635 1466 1771 1511 conuer-

973 1544 1023 1617 tit,
1042 1547 1078 1606 ut
1092 1561 1149 1606 eos
1165 1546 1220 1622 qui
1234 1547 1336 1623 patris
1352 1546 1635 1624 persequebantur
1650 1564 1769 1624 perso·

975 1658 1062 1715 nam,
1090 1642 1131 1704 ad
1157 1659 1270 1704 eorum
1300 1644 1490 1705 fulelitatem
1519 1645 1667 1718 reducat,
1696 1662 1770 1709 cum

974 1741 1041 1802 odii
1059 1757 1160 1803 causa
1182 1741 1323 1813 sublata,
1336 1743 1376 1802 de
1396 1743 1503 1803 medio
1517 1743 1622 1819 ipsius
1638 1760 1769 1807 cessare

973 1840 1078 1916 possit
1098 1839 1246 1903 effectus.
1273 1843 1393 1902 Potens
1418 1843 1468 1905 est
1492 1842 1579 1903 euim
1608 1842 1768 1909 Dominus

974 1936 1153 1998 secundum
1163 1939 1313 1999 dolorum
1321 1939 1566 2001 nnrltitmlinem
1579 1940 1769 2001 eorumdem

974 2052 1043 2096 suae
1058 2037 1293 2097 consolationis
1313 2038 1420 2113 gratia
1443 2038 1614 2100 laetificare
1639 2039 1769 2099 animas

974 2133 1180 2207 afflictorum,
1202 2135 1258 2211 qui
1272 2136 1409 2205 montes,
1425 2137 1523 2196 corda
1540 2135 1696 2197 videlicet
1708 2153 1768 2197 su-

974 2230 1148 2308 perborum
1162 2234 1194 2293 et
1208 2232 1397 2293 sublimium
1414 2251 1501 2311 saepe
1517 2234 1633 2309 tangit,
1657 2234 1690 2295 et
1710 2233 1725 2294 f
1748 2265 1767 2278 -

974 2330 1109 2405 migaut‚
1126 2330 1203 2391 dum
1220 2331 1371 2407 spiritum
1387 2332 1503 2393 salutis
1518 2332 1719 2409 concipiunt,
1734 2332 1767 2392 et

973 2428 1141 2504 pariunta
1163 2428 1292 2490 timore.
1308 2432 1411 2489 Tumn
1432 2445 1510 2505 ergo
1532 2430 1767 2491 discretionem

975 2542 1157 2595 monemus,
1180 2527 1212 2588 et
1238 2528 1454 2589 exhortamur
1480 2528 1514 2587 in
1538 2528 1688 2599 Domino,
1709 2543 1770 2604 per

973 2624 1084 2701 Aliost.
1113 2624 1170 2685 tibi
1201 2624 1323 2702 scripta
1358 2625 1564 2698 mandantes
1589 2625 1767 2702 quatenus,

974 2720 1059 2782 sicut
1077 2721 1129 2782 uir
1151 2720 1246 2782 fortis
1269 2724 1300 2783 et
1318 2723 1472 2783 constans
1492 2722 1629 2782 dilatato
1656 2721 1767 2781 animo

973 2819 1062 2880 circa
1082 2819 1230 2892 tutelam,
1257 2821 1287 2881 et
1307 2836 1421 2881 curam
1447 2819 1680 2897 praedictorum
1702 2835 1769 2895 pu-

973 2918 1128 2993 pillorum
1144 2919 1177 2980 et
1195 2919 1302 2994 regni,
1317 2920 1409 2981 tanto
1430 2917 1655 2980 sollicitudine
1680 2916 1770 2977 inri-

973 3016 1056 3092 giles
1080 3016 1290 3094 promptiori,
1315 3017 1437 3093 quanto
1456 3015 1646 3093 Apostoliea
1667 3014 1768 3075 Sedes

973 3112 1014 3172 ad
1034 3111 1067 3172 id
1086 3111 1205 3173 fortius
1225 3129 1313 3173 nunc
1328 3113 1470 3183 tenetur,
1493 3113 1525 3173 et
1545 3113 1581 3173 tu
1602 3113 1675 3188 ipse
1695 3111 1767 3173 vice

973 3209 1074 3269 illius.
1101 3212 1169 3271 Nos
1191 3210 1300 3270 autem
1326 3210 1366 3270 de
1392 3210 1448 3270 tua
1474 3209 1654 3281 industria,
1687 3224 1769 3285 pro-

973 3308 1049 3369 uida
1073 3309 1106 3369 et
1127 3308 1268 3369 sollicita
1286 3306 1493 3384 providentia
1514 3309 1666 3383 gerentes
1682 3306 1770 3367 ildu-

973 3406 1058 3467 ciam
1089 3406 1281 3482 pleniorem,
1308 3404 1438 3481 plenam
1466 3405 1527 3466 tibi
1557 3403 1768 3466 concedimus

974 3504 1179 3580 potestatem,
1205 3504 1240 3565 ut
1261 3519 1311 3574 ea,
1329 3519 1401 3580 quae
1425 3502 1467 3562 ad
1491 3502 1717 3563 defensionem
1736 3500 1769 3562 et

974 3602 1148 3664 utilitatem
1175 3601 1364 3662 eorumdem
1384 3601 1586 3677 pupillorum
1608 3601 1641 3662 et
1660 3598 1767 3674 regni,

973 3718 1012 3762 ac
1030 3701 1190 3762 honorem
1203 3699 1400 3777 apostolicae
1416 3700 1511 3760 Sedis
1526 3697 1650 3760 videris
1667 3713 1769 3775 expe·

973 3800 1055 3873 dire,
1070 3800 1208 3877 exsequi
1222 3798 1334 3859 valeas
1350 3797 1572 3875 appellatione
1587 3795 1770 3873 postposita

973 3900 1046 3960 rice
1067 3899 1190 3960 nostra.
1216 3898 1366 3959 Sciturus
1390 3896 1474 3974 quod
1496 3897 1645 3956 nostrum
1660 3892 1722 3955 tibi
1737 3892 1770 3955 et
1791 3952 1797 3959 .

975 3998 1041 4058 illis
1056 4015 1122 4059 non
1138 3995 1244 4057 deerit
1259 3995 1434 4064 auxilium,
1458 3995 1492 4055 in
1512 3991 1630 4070 quibus
1645 3991 1771 4053 videri-

974 4113 1047 4157 mus
1071 4096 1306 4173 opportuuum,
1334 4094 1368 4154 in
1397 4095 1555 4170 quantum
1584 4089 1772 4168 permiserit

975 4196 1033 4256 llle
1049 4195 1105 4272 qui
1116 4192 1266 4270 superbis
1281 4190 1417 4275 resistit,
1436 4191 1468 4252 et
1482 4189 1624 4266 gratiam
1640 4186 1772 4248 humili·

974 4293 1034 4353 bus
1050 4291 1248 4368 impertitur,
1261 4292 1293 4351 et
1306 4289 1515 4358 senteutiam,
1526 4302 1624 4364 quam
1637 4285 1771 4361 propter

975 4393 1037 4453 lroc
1057 4388 1301 4452 rationabiliter
1322 4386 1438 4448 tuleris
1453 4386 1488 4446 in
1502 4383 1646 4445 rebelles
1666 4381 1770 4442 facie-

975 4507 1047 4550 mus
1063 4504 1167 4565 nsque
1187 4486 1228 4547 ad
1251 4484 1513 4546 satisfactionem
1536 4482 1690 4543 idoneam
1712 4478 1771 4538 ilr-

975 4589 1073 4650 miter
1087 4584 1269 4648 observari.
1285 4582 1334 4644 nd
1357 4583 1428 4643 lraec
1440 4580 1603 4650 volumus
1621 4578 1654 4639 et
1677 4591 1771 4636 man·

976 4676 1103 4757 damus,
1120 4685 1156 4745 ut
1166 4683 1367 4761 juramenta,
1391 4677 1619 4758 quaebarones
1642 4673 1770 4749 angliae
1873 4708 1883 4729 .

977 4785 1090 4846 contra
1112 4798 1224 4858 regem
1246 4779 1437 4858 praedictum
1458 4773 1561 4836 nobili
1576 4772 1648 4833 viro
1662 4770 1772 4832 Ludo-

977 4884 1049 4944 i'ico
1065 4879 1284 4959 primogenito
1300 4877 1388 4951 regis
1401 4877 1615 4941 Francorum,
1629 4870 1682 4931 rel
1692 4868 1769 4930 aliis

977 4979 1212 5060 praestiterunt,
1225 4974 1405 5036 denuncias
1415 4974 1570 5048 tanquam
1580 4968 1696 5029 illicita
1705 4983 1772 5028 non

977 5096 1051 5142 esse
1066 5076 1240 5138 servanda.
1258 5073 1374 5135 Datum
1387 5075 1498 5133 Romae
1512 5067 1597 5145 apud
1613 5067 1770 5128 Sanctum

979 5179 1123 5248 Petrum,
1135 5177 1180 5236 111
1193 5190 1270 5234 non.
1281 5168 1426 5231 decemb.
1437 5167 1648 5247 pontificatus
1665 5162 1771 5225 nostri

978 5292 1066 5338 anno
1082 5274 1200 5352 prime.

1020 5482 1062 5538 ln
1086 5475 1243 5537 cateridem
1268 5471 1408 5531 raedam
1434 5463 1657 5526 wintoniensi
1678 5461 1770 5538 epis-

980 5591 1072 5652 copo,
1090 5567 1348 5647 archiepiscopis
1376 5562 1582 5634 Dubliueusi‚
1599 5560 1773 5634 Burdega-

980 5672 1066 5734 lensi
1083 5673 1116 5731 et
1130 5668 1206 5730 aliis
1218 5667 1253 5728 in
1269 5665 1426 5727 fidelitate
1449 5661 1538 5738 regis
1553 5658 1680 5734 Arrglire
1694 5672 1774 5733 per-

980 5767 1199 5837 manentibus.
