3794 6166
114 264 173 323 1·ss
738 255 915 319 HONORII
938 254 982 319 111
1004 252 1153 319 OPERA.

114 416 475 485 excommunicationis
502 414 686 479 districtius
714 414 914 489 inhibemus,

116 537 161 583 ue
176 522 253 599 quis
278 536 354 581 cum
376 516 584 579 Fanensibus
610 514 796 585 antedictis,
812 515 915 575 donec

117 635 221 696 super
232 617 414 696 praemissis
426 614 533 677 eidem
548 614 715 691 episcopo,
729 614 763 675 et
772 612 916 673 Faneusi

117 716 271 779 ecclesiae
312 729 460 791 congrue
501 712 741 784 satisfecerint,
782 710 916 787 aliquod

118 815 300 892 prasumat
325 812 560 874 commercium
585 825 753 871 exercere.
775 809 917 885 Ideoque

117 911 330 973 universitati
352 912 472 971 vestrm
499 924 558 987 par
581 907 771 985 apostolica
793 907 917 982 scripta

118 1010 288 1071 invirtute
302 1008 500 1070 obedientias
515 1007 674 1068 districtae
693 1004 917 1083 praecipiendo

120 1107 328 1178 mandamus,
350 1108 513 1183 quatenus
540 1105 663 1181 singuli
686 1120 745 1181 per
766 1103 917 1164 civitates

118 1207 153 1267 et
167 1206 328 1267 dioeceses
340 1209 469 1266 vestras
484 1203 625 1279 singulis
643 1201 762 1263 diebus
775 1200 919 1262 domini-

119 1305 170 1365 cis
193 1306 226 1365 et
254 1303 382 1364 festivis
408 1317 466 1379 per
487 1316 546 1363 vos
568 1298 600 1363 et
620 1300 768 1361 subditos
788 1300 917 1360 vestros

120 1400 192 1463 haec
206 1402 399 1463 solemniter
415 1399 632 1475 publicantes,
644 1414 684 1459 ea
701 1397 915 1474 praecipiatis,

120 1502 155 1563 et
167 1498 312 1569 faciatis,
329 1500 489 1574 quantum
510 1498 545 1557 in
558 1496 652 1557 vobis
676 1495 785 1567 luerit,
808 1494 917 1555 tirmi-

122 1598 175 1659 ter
203 1595 386 1657 observari.
417 1594 625 1656 Denuntietis
656 1593 756 1654 etiam
793 1591 918 1653 eisdem

123 1692 332 1755 Fanensibus
349 1690 478 1769 quodsi
492 1690 548 1751 diu
568 1692 603 1751 in
624 1706 684 1751 sua
710 1689 919 1751 contumacia

124 1790 389 1868 perduraverint,
406 1789 562 1865 poterunt
576 1804 641 1850 non
661 1787 826 1848 immerito
845 1786 918 1847 sor·

123 1888 252 1949 midare
283 1903 325 1948 ne
354 1887 520 1948 civitatem
554 1887 705 1963 ipsorum
739 1885 918 1961 episcopali

124 1984 285 2061 dignitate
302 1985 480 2061 privemus
508 1988 544 2047 ut
563 1984 596 2044 in
622 2000 687 2060 quo
709 1982 920 2059 deliquerunt

119 2084 213 2161 justo
220 2082 349 2160 judicio
362 2082 554 2159 puniantur,
576 2097 614 2142 ac
639 2096 754 2143 eorum
770 2080 919 2141 insolen-

122 2180 203 2242 tiam
217 2180 473 2257 comprimemus
496 2178 644 2256 potentia
663 2177 793 2239 brachii
812 2193 921 2239 saecu-

124 2278 218 2339 laris.

163 2377 281 2438 Ilatum
295 2375 477 2448 Ferentini,
501 2375 641 2451 septimo
655 2373 817 2436 kalendas
828 2374 921 2435 octo·

124 2470 206 2545 bris,
219 2473 430 2551 pontificatus
441 2474 546 2534 nostri
561 2490 649 2535 arrno
665 2472 821 2534 secundo.

164 2568 918 2648 llat.die25septembris1217‚porrtisannoll.

430 2748 614 2834 xxxvss

161 2903 214 2961 Act
233 2902 440 2974 episcopum,
463 2898 632 2959 (lacertam
648 2898 681 2959 ct
695 2894 884 2973 capitutum

380 2998 648 3057 Lartwetcettses.

411 3117 445 3174 26
458 3124 530 3190 sept.
549 3114 627 3175 latr.

169 3222 279 3288 [liegest.
292 3218 338 3273 lib.
351 3224 382 3280 11,
396 3223 470 3286 epist.
481 3223 537 3272 660.
550 3226 608 3274 llss.
620 3225 656 3274 lm
667 3225 743 3274 Parte
752 3225 787 3274 du
796 3225 889 3289 Theti]

153 3330 269 3389 Mandat
282 3338 312 3386 ut
323 3330 457 3386 clericum
468 3333 492 3387 J.
510 3330 538 3386 in
553 3332 722 3388 canonicum
735 3332 883 3404 recipiant.

161 3456 340 3524 Honorius,
355 3460 430 3530 etc,
447 3456 631 3519 venerabrli
653 3458 748 3520 tratri
767 3460 921 3537 episcopo

121 3556 154 3617 et
188 3554 318 3615 dilectis
351 3554 487 3627 decano,
526 3556 558 3616 et
584 3557 728 3633 capitulo
769 3559 923 3619 Lemovi-

121 3666 211 3713 cens.

162 3748 247 3809 olim
262 3747 356 3808 vobis
371 3748 501 3810 dedisse
523 3750 701 3812 recolimus
726 3751 760 3812 in
784 3750 923 3814 inauda-

121 3846 175 3919 tis,
202 3846 237 3907 ut
263 3845 417 3905 dilectum
440 3847 544 3907 tilium
572 3848 756 3910 Jolmnnem
786 3850 921 3911 sratrem

122 3944 233 4005 dilecti
254 3943 314 4003 tllii
341 3945 492 4019 magistri
517 3948 569 4005 W.
597 3947 720 4007 notarii
736 3948 840 4008 nostri
862 3965 921 4024 pro

122 4041 310 4103 reverentia
337 4043 461 4108 nostra,
490 4042 523 4102 et
541 4041 656 4103 obtutu
681 4044 827 4119 ejusdem
851 4060 923 4104 ma-

120 4138 215 4213 distri
241 4138 435 4214 reciperetis
450 4138 483 4197 in
500 4140 696 4200 canonicum
713 4143 871 4211 vestrum,
890 4144 922 4203 et

121 4236 268 4301 tratrem,
280 4236 467 4297 norvobcsse
480 4237 611 4314 quidem
621 4242 739 4300 vestrae
749 4240 921 4302 credentes

121 4335 283 4405 occlesite,
298 4333 354 4395 sed
371 4335 538 4412 prodesse,
553 4353 652 4413 quum
672 4338 780 4398 eidem
794 4341 812 4400 J
816 4339 922 4399 ohan·

122 4432 174 4493 nis
205 4432 362 4494 honestas
391 4434 423 4495 et
450 4435 590 4495 scientia
619 4436 860 4512 suffragentur,
889 4438 922 4497 et

122 4529 279 4609 ptmsutus
289 4531 456 4605 ratigister,
467 4533 522 4607 qui
539 4548 608 4593 suae
619 4533 736 4595 merito
747 4534 920 4610 probitatis

122 4626 227 4699 ttvvlvis,
251 4630 283 4687 et
303 4627 461 4689 fratribus
476 4630 600 4690 nostris
618 4634 732 4706 gratus
746 4633 798 4693 est
817 4635 850 4694 et
863 4649 922 4693 ac-

121 4730 245 4805 eeptus,
275 4725 368 4786 vobis
387 4729 419 4787 et
438 4726 501 4802 ipsi
529 4727 679 4790 ecclesia
699 4732 794 4806 grata
817 4731 921 4807 possit

121 4824 277 4903 vilvsvnptia
313 4822 483 4885 oxlriltere.
518 4828 584 4886 Vos
620 4828 730 4889 autem
765 4829 920 4890 mandato

123 4926 235 4989 tttvslro
262 4924 295 4984 ot
323 4923 559 4984 monitionibus
588 4941 717 4997 eorum,
746 4943 828 5003 quos
856 4927 920 4987 sihi

122 5024 302 5089 terribiliores
329 5022 557 5095 cvurcedimus,
586 5066 746 5084 ........
770 5026 920 5101 recipere

122 5142 185 5189 tritu
224 5120 367 5183 rtttustis
403 5121 571 5192 eumdem,
613 5121 737 5183 habere
771 5123 919 5184 volentes

122 5226 239 5289 vostro
255 5219 484 5281 ittvvlnnliontim
500 5220 721 5281 velamentum
737 5220 918 5298 quodidem

121 5324 279 5387 lvottottrtu
305 5318 454 5397 «patritiam
477 5317 624 5379 noscitur
646 5318 806 5387 obtinere,
824 5320 919 5395 quasi

121 5420 254 5485 rtttltbot
269 5420 420 5479 uvnwuto
436 5416 547 5494 aliqua
560 5415 721 5477 beneficia
737 5417 918 5492 praeclusus

123 5528 163 5581 ¹ut
191 5522 298 5579 atlvtua
325 5516 365 5581 ml
390 5518 527 5591 vitupera.
553 5516 622 5575 Nos
644 5517 754 5577 autem
777 5515 863 5592 quod
879 5515 919 5576 de

123 5622 180 5681 illo
196 5618 383 5689 sportolttor
399 5612 545 5689 pettulirli
566 5613 716 5689 trittgistri
732 5614 919 5675 cormitlora·

1718 244 1771 320 ili

970 414 1061 480 tione
1070 414 1282 493 incepimus,
1296 412 1450 479 nolentes
1459 414 1773 495 relinquerelmper·

971 514 1103 585 lectrum,
1128 513 1340 591 praebendam
1364 530 1465 592 quam
1489 515 1591 577 bonae
1615 517 1771 579 memoria

972 612 1131 689 magister
1143 611 1335 690 Raynaldus
1351 612 1581 675 subdiaconus
1597 616 1633 677 et
1644 616 1773 691 capella·

972 728 1034 771 nus
1049 712 1162 773 noster
1183 711 1218 771 in
1232 711 1374 773 ecclesia
1389 714 1504 774 vestra
1520 711 1680 784 obtinuit,
1696 728 1771 791 pra·

972 808 1216 871 dictolobanni
1240 808 1281 870 de
1301 826 1403 871 manu
1419 812 1535 873 nostra
1564 808 1769 883 contulimus,

972 906 1058 984 quod
1073 922 1255 982 gravamen
1266 908 1417 969 ecclesiae
1427 910 1552 971 vestre
1562 924 1635 970 non
1645 910 1771 985 potestis

972 1005 1095 1077 dicere,
1112 1005 1168 1066 sed
1185 1006 1347 1078 levamen,
1363 1022 1438 1068 cunt
1453 1022 1681 1083 personarum
1691 1010 1771 1085 ejus·

972 1104 1046 1164 dem
1059 1103 1210 1165 ecclesiae
1220 1120 1395 1166 numerum
1409 1120 1476 1167 non
1487 1105 1707 1177 auxerimus3
1723 1106 1770 1167 sed

972 1204 1118 1263 vestrum
1131 1218 1192 1280 pro
1207 1204 1378 1275 extraneo,
1395 1206 1429 1265 et
1442 1204 1559 1265 netum
1576 1202 1674 1266 vobis
1689 1203 1772 1265 dede

973 1300 1077 1360 rimus
1107 1315 1166 1377 pro
1197 1301 1322 1377 ignoto.
1348 1301 1493 1379 Ideoque
1510 1316 1573 1379 per
1591 1302 1771 1378 apostolica

972 1397 1066 1459 vobis
1090 1398 1213 1475 scripta
1228 1399 1452 1478 praecipiendo
1467 1399 1682 1472 mandamns,
1699 1417 1772 1477 qua-

973 1498 1069 1557 tenus
1094 1496 1293 1573 recipientes
1317 1497 1468 1558 eumdem
1483 1498 1538 1558 vel
1553 1500 1631 1575 ejus
1649 1499 1771 1560 nomina

974 1595 1222 1671 procuratorem
1243 1595 1279 1656 in
1300 1595 1499 1657 canonicum
1519 1598 1552 1657 et
1572 1596 1609 1657 in
1629 1594 1768 1667 fratrem,

973 1692 1069 1769 eique
1081 1693 1215 1754 stallum
1230 1693 1264 1753 in
1277 1692 1390 1765 choro,
1406 1693 1567 1755 stlocum
1583 1694 1620 1753 in
1631 1694 1770 1771 capitula

969 1790 1067 1866 juxta
1095 1791 1249 1853 ecclesiae
1269 1792 1390 1853 vestra
1419 1791 1700 1853 consuetudinem
1718 1808 1769 1853 as·

974 1886 1155 1963 signantes,
1172 1888 1280 1965 ipsum
1301 1887 1450 1950 fraterna
1468 1889 1624 1951 tractetis
1645 1890 1681 1951 in
1709 1892 1770 1951 Do-

974 1984 1065 2046 mino
1080 1981 1230 2058 carltate‚
1259 1982 1401 2048 scientes
1425 2002 1487 2048 nos
1507 1985 1640 2049 dilectis
1662 1987 1769 2047 tiliis...

975 2081 1196 2155 cancellario,
1227 2085 1260 2145 et
1295 2082 1464 2160 magistris
1498 2086 1717 2158 Bonoamico,
1743 2087 1770 2146 et

975 2180 1114 2243 Girardo
1125 2175 1165 2241 de
1174 2182 1332 2243 Gentiaco
1343 2182 1515 2244 canonicis
1526 2184 1709 2244 Bituricen.
1722 2198 1770 2259 per

975 2280 1106 2340 nostros
1141 2279 1271 2341 dedisse
1299 2279 1426 2341 litteras
1451 2281 1488 2341 in
1512 2281 1702 2357 praeceptis,
1730 2284 1768 2351 ut,

975 2376 1068 2438 vobis
1084 2378 1120 2437 in
1140 2378 1284 2440 mandati
1301 2379 1405 2439 nostri
1427 2379 1628 2441 executione
1643 2396 1770 2441 cesson-

974 2474 1073 2543 tibus,
1090 2470 1154 2552 ipsi
1168 2491 1228 2536 vos
1243 2472 1328 2537 adid
1340 2492 1587 2552 percensuram
1602 2478 1768 2538 ecclesias-

975 2572 1075 2634 ticam
1101 2572 1230 2634 sublato
1253 2573 1430 2651 cujuslibet
1452 2574 1727 2636 contradictionis
1743 2574 1769 2635 et

976 2668 1210 2747 appellationis
1232 2668 1467 2748 impedimento
1482 2672 1695 2749 compellant.
1714 2675 1769 2733 Da·

977 2770 1045 2830 tum
1061 2767 1229 2829 Ferentini
1245 2772 1339 2830 sexto
1352 2769 1512 2831 kalendas
1529 2771 1676 2832 octobris
1690 2784 1766 2832 antro
1802 2808 1806 2813 -

976 2866 1133 2928 secunde.

1016 2967 1053 3025 ln
1068 2964 1219 3026 eumdem
1234 2964 1304 3026 lere
1328 2965 1460 3027 modum
1477 2966 1703 3044 scriptumest
1720 2980 1766 3024 su·

976 3077 1035 3138 per
1045 3062 1107 3123 hoc
1117 3062 1252 3135 eisdem,
1267 3062 1380 3124 verbis
1393 3065 1620 3141 competenter
1632 3063 1762 3125 mutatis.

977 3160 1113 3231 Quodsi
1137 3176 1202 3222 uon
1218 3176 1343 3234 omnes,
1361 3162 1436 3233 etc,
1454 3161 1519 3224 duo
1539 3164 1697 3234 vestrum,
1710 3162 1762 3221 etc.

1274 3349 1479 3436 XXXVHI

1016 3503 1068 3561 Ad
1089 3500 1245 3561 abbatem
1268 3502 1492 3576 Lonpiporttis
1514 3504 1688 3563 secession.
1702 3499 1731 3561 ct

1120 3601 1286 3660 &curtante
1302 3599 1334 3659 et
1349 3602 1641 3661 crclttdtncontcm.

1261 3720 1296 3777 26
1308 3728 1382 3794 sepi.
1399 3722 1478 3778 1217.

1023 3835 1131 3900 [aegest.
1143 3836 1187 3885 lib.
1199 3837 1230 3892 ll,
1241 3836 1317 3900 epist.
1330 3834 1385 3885 638.
1399 3836 1454 3887 llss.
1468 3837 1503 3886 La
1513 3836 1590 3887 Porta
1601 3836 1635 3887 du
1646 3835 1730 3897 llicit]

977 3950 1067 4011 Litem
1083 3953 1200 4009 remittit
1214 3952 1405 4011 dirimendam
1422 3954 1495 4010 inter
1507 3955 1664 4012 canonicos
1677 3956 1701 4012 S.
1714 3952 1758 4009 l'e·

1011 4041 1083 4099 dasti
1099 4050 1127 4099 et
1139 4041 1312 4099 abbatissam
1329 4043 1496 4100 monialium
1509 4044 1640 4101 ecclesiae
1656 4046 1761 4102 &Beue

1012 4130 1090 4188 dicti.

1017 4240 1194 4311 Honorius,
1217 4242 1292 4314 etc,
1308 4240 1437 4304 dilectis
1458 4241 1535 4301 tiliis
1556 4242 1669 4304 abbati
1685 4245 1761 4303 Lon·

976 4339 1121 4415 gipontis
1152 4339 1365 4400 Suessionen.
1395 4339 1560 4412 dioecesis,
1583 4337 1717 4412 decana,
1738 4336 1763 4398 et

975 4439 1005 4499 J.
1023 4436 1259 4497 archidiacono
1276 4435 1489 4498 Suessionen.

1016 4530 1209 4596 constitutis
1235 4535 1270 4595 in
1300 4537 1477 4612 praesentia
1504 4537 1620 4598 nostra
1647 4534 1765 4599 dilectis

977 4632 1054 4692 tiliis
1069 4635 1098 4694 J.
1116 4633 1276 4694 canonico
1296 4633 1447 4695 ecclesiae
1462 4635 1568 4696 sancti
1585 4636 1729 4706 vedasti,
1742 4634 1768 4694 et

976 4733 1019 4791 bl.
1043 4731 1236 4807 presbytero
1264 4733 1522 4808 procuratori...
1546 4733 1724 4797 abbatissae
1738 4747 1770 4793 ac

976 4829 1170 4890 rnonialium
1195 4830 1346 4891 ecclesia
1367 4832 1470 4892 sancti
1494 4832 1666 4895 Benedicti
1683 4831 1772 4894 Auri-

976 4927 1772 5000 aiacem,Laudunendioecesis,dilectumfilium

975 5026 1013 5085 R.
1031 5025 1239 5101 capellanum
1267 5026 1416 5087 nostrum
1436 5028 1666 5089 concessimus
1681 5029 1773 5091 audi-

975 5125 1091 5194 torem,
1118 5139 1230 5183 coram
1255 5140 1319 5200 quo
1344 5124 1430 5185 idem
1444 5126 1474 5187 J.
1492 5128 1678 5202 proposuit,
1696 5125 1775 5206 quod

974 5221 1053 5281 olim
1080 5221 1170 5297 ipso,
1207 5224 1240 5282 et
1272 5221 1469 5298 quibusdam
1503 5222 1580 5284 aliis
1609 5224 1776 5287 canonicis

974 5319 1080 5379 eidem
1096 5320 1201 5380 sancti
1213 5320 1348 5382 Vedasti
1363 5321 1526 5393 ecclesias,
1539 5320 1648 5383 felicis
1662 5340 1777 5386 memo

974 5417 1033 5477 riae
1060 5418 1253 5479 Innocentio
1278 5434 1372 5495 papae
1401 5420 1639 5496 praedecessori
1667 5423 1776 5485 nostro

974 5514 1215 5587 intimantibus,
1234 5516 1320 5593 quod
1336 5533 1437 5594 quum
1453 5518 1568 5579 eadem
1582 5519 1731 5582 ecclesia
1745 5521 1776 5581 in

974 5629 1038 5689 qua
1055 5616 1105 5676 cst
1120 5614 1346 5678 duodenarius
1362 5617 1601 5681 cabellicorum
1619 5632 1780 5680 numerus
